3424 6038
358 406 410 482 aar
797 399 972 458 sonamus
997 397 1219 458 suasuram.
1521 401 1592 464 iiiii
1607 409 1649 456 na

360 565 427 632 est.
457 557 629 634 Similiter
653 565 688 632 et
714 581 842 634 omnes
864 558 937 648 alii,
964 557 1095 634 deinde
1118 580 1243 632 comes
1265 555 1431 630 Tendille
1456 561 1572 630 orator
1587 561 1659 660 regis
1689 653 1690 660 ἵ

361 683 628 782 Hispaniarum,
645 682 882 782 protonotarii
898 683 943 758 de
964 683 1150 774 Columna,
1176 681 1388 758 assistentes
1409 685 1520 778 Pape,
1545 693 1661 758 senator
1689 677 1690 690 ³

362 808 478 900 Urbis,
496 817 657 885 oratores
672 809 877 908 principum
905 808 986 884 laici
1001 833 1009 898 ;
1027 807 1263 906 protonotarii
1279 809 1424 882 nobiles
1441 806 1488 882 ad
1498 807 1659 884 scabellum

361 935 564 1012 successive
592 935 694 1010 multi
717 934 775 1010 alii
800 959 865 1010 suo
894 935 1042 1023 ordine;
1073 941 1108 1008 et
1137 939 1234 1032 Papa
1257 932 1539 1008 communicavit
1562 956 1659 1008 omnes

362 1065 538 1157 quotquot
549 1065 726 1134 venerunt
741 1065 778 1134 et
793 1059 916 1136 omnia
929 1059 999 1134 alia
1012 1060 1108 1134 lacta
1126 1067 1208 1134 sunt
1223 1082 1325 1134 more
1342 1057 1467 1134 solito.
1487 1061 1566 1134 Post
1576 1059 1660 1132 aleia·
1690 1039 1691 1094 l

363 1186 498 1262 lionam
518 1185 733 1261 sacramenti
749 1185 784 1260 in
801 1185 904 1260 altari
920 1185 957 1258 in
973 1185 1097 1277 missa,
1115 1209 1159 1260 ex
1175 1185 1344 1261 mandato
1357 1189 1474 1282 Papa,
1494 1190 1530 1258 ut
1541 1184 1659 1282 populus

364 1310 555 1386 ecclesiam
570 1311 697 1402 exiiet,
714 1318 881 1386 ostensus
897 1312 962 1386 luit
979 1311 1093 1386 vultus
1109 1318 1268 1386 sanctus.
1287 1315 1399 1409 Papa,
1417 1311 1521 1384 finita
1534 1310 1627 1382 missa
1637 1317 1661 1382 rt

364 1436 447 1510 dala
461 1436 715 1512 benedictione
732 1461 797 1534 per
818 1441 951 1534 Papam
969 1436 1045 1510 sine
1066 1437 1308 1535 indulgentiis
1331 1441 1500 1534 portatus
1519 1435 1579 1510 luit
1593 1441 1662 1532 Papa
1691 1471 1692 1496 i

363 1560 680 1658 processionaliter
695 1586 761 1660 per
776 1562 938 1638 ultimam
954 1586 1081 1638 navem
1098 1561 1158 1636 ubi
1174 1562 1306 1636 iterum
1320 1568 1495 1638 ostensus
1508 1560 1568 1634 luit
1577 1559 1661 1634 vultus

364 1685 521 1761 nomini.
550 1686 687 1760 neinue
711 1687 874 1762 aseendit
900 1687 946 1760 aa
966 1686 1089 1762 iocum
1119 1685 1383 1762 benedictionis
1410 1685 1493 1776 uni,
1520 1683 1662 1758 stantibus

364 1812 531 1888 omnibus
545 1812 787 1888 cardinalibus
804 1823 839 1888 et
849 1813 997 1912 prelatis
1008 1813 1157 1911 paratis,
1170 1817 1266 1911 Papa
1282 1811 1473 1887 benedixit
1488 1810 1664 1884 solemniter

364 1937 498 2036 populo
518 1962 619 2012 more
642 1945 817 2016 consueto
838 1947 874 2014 et
893 1939 990 2016 dedit
1004 1939 1185 2038 plenarias
1211 1939 1459 2037 indulgentias
1479 1936 1663 2036 quascardi·
1692 1919 1693 1922 ¹

365 2061 455 2136 nalis
488 2088 517 2136 s.
546 2062 690 2160 Georgii
724 2064 785 2162 qui
817 2064 1043 2163 evangelium
1081 2065 1219 2140 dixerat
1244 2063 1441 2162 publicavit
1467 2063 1505 2136 in
1532 2062 1664 2136 latiuoet

365 2187 557 2262 cardinalis
582 2189 753 2264 Senensis
778 2189 815 2262 in
842 2189 993 2288 vulgari.
1015 2193 1105 2264 'lum
1127 2191 1329 2264 cardinales
1355 2196 1392 2264 et
1416 2187 1546 2288 prolati
1567 2209 1663 2262 omnes
1693 2249 1694 2294 ,

366 2315 617 2414 deposuerunt
645 2323 858 2414 paramenta
882 2323 983 2394 extra
1008 2317 1130 2392 locum
1154 2317 1434 2410 benedictionis
1454 2315 1561 2412 aliqui
1582 2313 1662 2384 intus.
1693 2347 1694 2354 κ

367 2447 403 2516 ct
430 2444 526 2539 Papa
547 2441 647 2516 dedit
666 2441 850 2518 licentiam
873 2442 1115 2518 cardinalibus
1139 2442 1321 2534 omnibus,
1345 2441 1513 2520 ascendit
1537 2433 1664 2534 adpala·

368 2566 469 2656 tium,
494 2567 593 2641 exuit
620 2591 658 2642 se
677 2567 713 2642 in
739 2591 885 2644 camera
912 2575 1053 2644 secreta
1077 2576 1113 2642 et
1134 2569 1293 2646 comedit
1316 2568 1361 2644 de
1388 2564 1570 2666 caprettis.

415 2689 521 2766 Faria
535 2693 695 2768 secunda
707 2694 858 2784 Pascha,
881 2699 923 2768 io
939 2694 1075 2792 aprilis,
1099 2698 1224 2770 Rmus.
1243 2698 1287 2770 D.
1303 2695 1491 2770 lohannes
1509 2687 1663 2768 cardinalis
1694 2745 1695 2792 ,

367 2815 645 2892 irediolanensis
660 2819 746 2894 iecit
761 2819 921 2894 osticium
936 2820 972 2894 in
986 2820 1124 2917 capella
1138 2844 1282 2922 magna,
1300 2820 1337 2894 in
1357 2817 1574 2918 paramentis
1586 2813 1661 2888 albis.
1694 2811 1695 2814 ’

221 3047 228 3056 ¹
368 2946 464 3040 Papa
479 2949 647 3040 presente
669 2941 731 3040 qui
756 2967 838 3020 cum
862 2945 940 3020 solo
964 2946 1135 3022 cardinali
1159 2950 1320 3022 Senense
1346 2952 1382 3021 et
1407 2944 1532 3022 multis
1552 2937 1663 3040 prelatis

368 3068 474 3142 exivit
486 3092 668 3144 cameram
685 3093 786 3144 suam
800 3077 944 3168 paratus
957 3094 1059 3148 mora
1071 3071 1189 3146 solite.
1205 3073 1407 3168 Antequam
1418 3067 1663 3147 tamenintraret

368 3193 544 3291 capellam
571 3194 667 3270 circa
690 3195 819 3270 horam
843 3220 895 3286 xi,
925 3197 1038 3272 oravit
1058 3203 1142 3274 ante
1164 3197 1295 3290 altare,
1322 3198 1408 3272 iecit
1432 3192 1662 3272 contessionen
1695 3205 1696 3210 ’

369 3325 405 3392 et
418 3318 540 3394 omnia
554 3319 626 3394 alia
644 3343 745 3394 more
766 3331 956 3396 consueto.
980 3322 1085 3396 Dicta
1104 3328 1159 3396 est
1176 3329 1315 3398 tantum
1337 3347 1410 3398 una
1433 3320 1547 3398 oratio
1568 3322 1599 3392 et
1612 3335 1661 3388 nou

370 3443 581 3518 fuitsermo.
600 3445 679 3520 Alia
694 3445 816 3520 omnia
834 3454 981 3544 paracta
995 3455 1077 3522 sunt
1093 3471 1194 3523 more
1215 3456 1406 3524 consueto.
1529 3467 1532 3473 '

420 3569 524 3644 Faria
539 3569 644 3645 tertia
659 3571 810 3662 Pascha,
832 3577 872 3644 ¹7
890 3572 1026 3670 aprilis,
1042 3577 1166 3648 Rmus.
1180 3576 1222 3648 o.
1241 3571 1433 3648 cardinalis
1450 3560 1661 3648 Ulixboncnsis

371 3718 436 3768 scu
459 3695 726 3792 portugalensis
752 3697 790 3770 in
815 3697 954 3795 capella
976 3721 1108 3796 magna
1134 3697 1220 3773 lecit
1245 3697 1404 3772 officium
1424 3698 1465 3772 in
1483 3685 1660 3796 paramentis

371 3816 475 3908 albis,
492 3821 588 3918 Papa
600 3827 770 3918 presente
790 3821 850 3918 qui
869 3821 1000 3896 iterum
1017 3845 1100 3896 cum
1120 3821 1198 3896 solo
1219 3821 1393 3896 cardinali
1414 3824 1568 3896 Senense
1585 3805 1661 3886 exirit

372 3949 407 4016 at
422 3943 518 4018 venit
531 3944 569 4018 in
580 3946 756 4044 capellam
775 3972 783 4021 :
803 3947 949 4038 utheri,
967 3947 1063 4022 dicta
1081 3947 1189 4022 estin
1209 3947 1322 4022 missa
1337 3971 1410 4022 una
1427 3952 1560 4021 tantum
1576 3931 1658 4012 oratio

372 4074 409 4144 et
422 4094 496 4144 non
510 4071 576 4146 luit
591 4095 724 4148 sermo.
742 4074 821 4148 Alia
832 4074 952 4148 omnia
968 4073 1157 4150 observata
1173 4081 1256 4148 sunt
1271 4096 1373 4149 more
1387 4076 1568 4148 consueto.

421 4195 577 4272 Sabbata
593 4197 630 4272 in
646 4198 750 4292 albis,
769 4203 809 4272 ai
837 4199 973 4296 aprilis,
992 4204 1034 4274 R.
1058 4203 1097 4274 P.
1115 4203 1159 4274 D.
1178 4197 1475 4296 archiepiscopus
1498 4184 1656 4288 Raqusinus

373 4317 456 4393 lecit
471 4319 630 4394 officium
645 4321 682 4394 in
698 4322 838 4420 capella
852 4347 983 4422 magna
997 4323 1034 4396 in
1047 4323 1269 4422 paramentis
1284 4323 1388 4418 albis,
1407 4328 1504 4422 Papa
1513 4312 1652 4420 presente.

375 4443 466 4518 Dixit
484 4443 601 4519 Gloria
621 4445 658 4520 in
673 4448 830 4538 eccelsia,
848 4449 934 4522 Par
955 4449 1061 4539 cobis,
1079 4456 1153 4526 tras
1173 4447 1356 4526 orationes
1375 4449 1556 4547 :primam
1571 4430 1654 4512 dedic

375 4569 441 4644 sub
466 4594 531 4646 sna
563 4571 814 4662 conclusione;
851 4573 1061 4666 secundam,
1088 4581 1214 4650 contra
1242 4597 1423 4673 paganos3
1451 4570 1589 4654 teitan,
1610 4575 1653 4654 pn

376 4696 484 4793 Papa.
503 4698 576 4772 Sub
591 4697 662 4772 alia
677 4698 911 4774 conclusione
930 4699 1018 4774 dixit
1040 4699 1154 4774 Credo
1174 4706 1211 4774 et
1231 4723 1305 4775 non
1327 4700 1394 4774 luit
1418 4721 1543 4776 sermo.
1563 4678 1652 4765 ΟΙΠΠῘὅ

377 4819 446 4894 alia
460 4845 561 4898 more
577 4823 682 4899 solito
699 4831 781 4900 sunt
796 4824 997 4900 observata.

427 4947 542 5022 Finita
557 4949 680 5043 missa,
705 4956 802 5048 Papa
819 4950 855 5024 in
876 4957 1017 5027 secreta
1035 4975 1181 5028 camera
1202 4978 1280 5046 sua,
1298 4954 1428 5030 stolam
1451 4972 1550 5052 super·
1564 4935 1653 5016 itt-ll·

382 5075 458 5148 tuin
483 5079 626 5168 tenens,
651 5078 784 5151 crearit
805 5077 842 5150 iu
873 5077 1024 5152 militem
1046 5104 1074 5153 s.
1093 5079 1204 5170 Petri,
1229 5079 1464 5178 spectabilem
1486 5079 1580 5152 visun
1598 5069 1653 5138 Bel·
