3578 6032
712 424 927 482 APPENDICE.
1430 433 1485 488 545

152 576 327 640 discedens
341 578 440 657 paulo
451 582 528 641 ante
542 577 702 658 genitoris
720 595 894 642 excessum
911 578 1083 658 splendida
1100 595 1220 660 pompa
1237 581 1353 644 urbem
1368 583 1483 646 introi·

151 677 201 738 uit
213 674 401 756 pontificem
415 693 547 756 quoque
573 676 613 738 de
638 693 729 740 more
753 682 930 740 veneratus
955 682 1017 752 est,
1040 679 1144 758 patris
1168 683 1280 742 autem
1295 680 1483 745 obitunun·

150 776 235 840 ciato
249 776 379 854 legatus
397 774 438 838 de
449 775 552 838 latere
570 775 757 838 declaratus
774 775 961 839 florentiani
985 777 1102 840 urbem
1124 777 1270 840 inclitam
1285 780 1424 842 reuisit:
1440 781 1483 844 ad

149 875 431 954 archiepiscopum
451 890 528 938 vero
549 873 829 955 burdegalensem
850 880 883 938 et
905 875 1098 956 Magistrum
1119 876 1224 940 Rhodi
1243 878 1369 940 curiam
1390 884 1482 942 extra

152 972 312 1054 degentes
331 973 424 1036 rubei
435 973 539 1054 galeri
552 990 611 1052 per
625 971 790 1052 pontificio
803 973 941 1036 nuncios
956 972 1111 1036 destinati
1124 979 1212 1048 sunt,
1231 975 1320 1054 quod
1334 976 1482 1040 cardina·

151 1071 241 1134 latus
255 1072 386 1152 insigne
400 1077 513 1150 petrus
528 1071 721 1135 daubussun
740 1073 775 1134 in
797 1072 858 1135 ede
875 1072 943 1136 diui
960 1072 1111 1136 iohannis
1132 1073 1236 1137 Rhodi
1254 1075 1481 1154 apostolorum

153 1170 238 1232 Petri
267 1173 299 1230 et
320 1169 410 1232 Pauli
436 1171 635 1234 celebritatis
662 1171 777 1250 pridie.
810 1171 860 1234 Kl.
883 1171 980 1234 iulias
1004 1170 1123 1253 grandi
1151 1189 1272 1252 pompa
1294 1173 1481 1237 iuramento

153 1268 252 1331 solito
261 1267 398 1330 adactus
407 1270 545 1348 excepit,
556 1269 667 1332 habite
678 1269 812 1348 quidem
823 1274 901 1332 sunt
913 1270 1078 1333 orationes
1089 1275 1121 1334 et
1133 1271 1264 1353 legatus
1278 1271 1319 1333 de
1330 1273 1432 1334 latere
1446 1273 1480 1334 in

153 1367 280 1428 oriente
290 1383 350 1445 per
363 1365 551 1446 pontificem
568 1371 618 1430 est
633 1366 839 1448 designatus,
854 1368 913 1430 sed
928 1367 969 1431 de
981 1369 1034 1430 his
1047 1369 1189 1449 amplius
1205 1386 1271 1432 non
1285 1369 1479 1434 disserimus

152 1466 324 1528 fuercnon
350 1467 445 1546 pauci
466 1467 523 1546 qui
546 1466 696 1546 magistri
720 1467 924 1529 euectionem
945 1483 1031 1547 equo
1054 1483 1121 1530 non
1143 1469 1250 1531 tulere
1269 1470 1392 1546 animo,
1415 1485 1483 1532 non

152 1563 234 1624 nulli
249 1567 361 1626 tamen
373 1563 458 1626 hanc
472 1564 669 1643 probauere.
693 1563 888 1628 Guillelmus
904 1581 1037 1645 quoque
1051 1567 1211 1630 Caonrsin
1221 1567 1263 1630 ob
1276 1567 1310 1630 id
1326 1584 1393 1630 non
1404 1585 1482 1648 pau·

150 1678 264 1724 corum
285 1662 470 1726 simultates
497 1663 560 1724 sibi
589 1665 804 1741 comparauit.
828 1665 927 1727 llissa
954 1663 1014 1725 hec
1037 1661 1207 1740 faciamus,
1234 1681 1295 1726 nec
1318 1665 1483 1727 intremus

150 1760 288 1822 huiusce
308 1760 461 1824 laberinti
481 1760 730 1839 inexplicabiles
761 1761 895 1842 quidem
918 1778 1036 1838 nexus,
1052 1761 1229 1825 redeamus
1250 1759 1292 1824 ad
1314 1763 1481 1841 inceptum

152 1861 300 1939 Zyzymy
313 1875 539 1940 progressum.
557 1859 778 1923 cardinalium
797 1860 942 1942 profecto
962 1861 1229 1942 promulgatione
1248 1865 1379 1939 peracta
1397 1877 1483 1939 pon·

151 1955 248 2022 titicis
276 1958 373 2020 iussu
399 1958 574 2037 episcopus
602 1955 795 2020 albanensis
823 1957 997 2020 cardinalis
1023 1956 1278 2038 Andagauensis
1306 1961 1355 2020 1ο.
1380 1957 1482 2020 Balue

98 2049 101 2054 ’
151 2058 307 2136 aquitana
320 2055 424 2120 Gallia
439 2060 537 2118 natus
552 2055 723 2118 consencic
736 2055 912 2135 episcopus
925 2056 1076 2118 nicolaus
1091 2056 1163 2118 cibo
1179 2054 1352 2118 exfamilia
1364 2056 1482 2117 husar-

152 2156 270 2219 dorum
287 2156 329 2219 ad
350 2153 519 2236 ponteficis
534 2159 669 2234 gentem
687 2155 810 2217 accitus
833 2153 1080 2234 franciscusque
1102 2155 1175 2217 cibo
1193 2152 1357 2232 pontificis
1381 2157 1481 2216 natus

150 2271 251 2334 quem
266 2271 351 2334 papa
366 2252 526 2334 (nondum
542 2253 644 2315 sacris
658 2251 807 2316 initiatus
823 2252 883 2316 sed
898 2253 1010 2316 seculo
1020 2251 1294 2328 adhucmilitans)
1304 2252 1431 2333 genuit.
1450 2253 1481 2313 ls

151 2353 276 2432 quippe
286 2351 441 2414 laurentii
455 2351 589 2413 medicis
614 2355 727 2415 natam
748 2369 887 2414 uxorem
908 2351 1012 2428 duxit,
1036 2356 1167 2414 centum
1192 2351 1358 2432 equilibus
1384 2349 1481 2414 claris

151 2451 318 2531 simulque
333 2449 457 2514 ornatis
477 2449 579 2512 aruris
601 2453 746 2531 Zyzymy
770 2449 904 2513 obuiam
927 2448 1110 2529 procedunt
1132 2450 1190 2512 ubi
1214 2465 1289 2511 sese
1303 2463 1484 2526 conspexe-

150 2555 229 2613 runt
243 2549 410 2629 principes
424 2553 541 2610 mutuo
556 2549 712 2628 amplexu
735 2565 810 2612 sese
836 2549 1079 2612 consultauere.
1105 2547 1232 2610 Deinde
1245 2547 1308 2610 iter
1322 2545 1481 2609 facientes

152 2649 195 2712 ad
209 2647 442 2711 duodecimum
465 2646 610 2726 lapidem
635 2648 754 2710 urbem
784 2648 881 2710 tertio
904 2647 980 2710 idus
1002 2647 1142 2710 marcias
1168 2647 1406 2726 propinquant,
1423 2643 1481 2706 ubi

150 2744 316 2828 pontificis
331 2745 427 2808 iussu
440 2745 561 2808 obuius
574 2750 624 2808 est
648 2745 831 2810 dominicus
850 2745 965 2809 dauria
987 2745 1097 2825 equite
1113 2743 1280 2824 pontificio
1296 2743 1481 2806 succinctus

151 2847 207 2927 qui
221 2849 367 2927 Zyzymy
382 2844 563 2924 principem
577 2861 615 2908 ac
629 2849 757 2923 portam
773 2845 882 2925 apium
907 2846 983 2926 (qua
997 2844 1040 2909 ad
1056 2843 1123 2906 diui
1139 2842 1323 2905 sebastiani
1335 2840 1481 2904 martiris

151 2946 248 3010 edem
271 2943 347 3024 itur)
364 2943 528 3024 perduxit,
553 2943 618 3005 illic
637 2959 754 3022 parum
778 2943 968 3023 persistenti
992 2945 1126 3006 senator
1147 2941 1311 3021 equestris
1340 2939 1479 3014 ordinis,

150 3043 297 3106 romanis
319 3040 493 3103 comitatus
518 3057 554 3103 se
569 3040 673 3103 offert.
701 3041 844 3104 Grandia
868 3041 966 3104 verba
990 3044 1041 3102 est
1064 3040 1241 3120 pollicitus,
1267 3036 1480 3119 postmodum

151 3139 399 3220 archicpiscopi,
425 3139 571 3218 episcopi
601 3139 840 3218 prothonotarii
861 3143 894 3202 ct
917 3139 1056 3202 abbates
1080 3155 1120 3201 ex
1135 3155 1227 3202 more
1241 3137 1365 3216 galeris
1380 3135 1480 3200 dcco·

151 3241 215 3304 rati
235 3239 413 3314 aduenere,
438 3239 605 3319 longaque
629 3237 714 3300 serie
734 3237 898 3317 pontificis
923 3241 956 3300 et
977 3236 1192 3301 cardinalium
1214 3235 1336 3299 familie
1362 3233 1481 3296 subse·

151 3341 300 3420 quuntur
325 3354 390 3418 que
417 3352 477 3417 pro
505 3335 613 3416 gradu
639 3352 678 3398 ac
703 3335 818 3399 ordine
849 3337 1098 3399 mahumeteum
1124 3335 1306 3415 principem
1333 3334 1479 3412 Zyzymy

151 3436 379 3502 consultantes
403 3435 573 3512 accedunt,
608 3439 724 3514 postea
752 3435 842 3516 regis
868 3435 981 3509 sicilia,
1004 3441 1209 3509 venetorum,
1227 3431 1478 3494 florentinorum

151 3536 345 3600 senencium
357 3534 469 3616 legati,
490 3535 547 3614 qui
559 3535 671 3597 buccis
693 3533 815 3598 inflatis
832 3532 1007 3616 magnifica
1030 3532 1151 3597 dedere
1174 3533 1288 3608 uerba,
1310 3533 1478 3610 postremo

151 3635 302 3716 sequitur
315 3634 499 3696 innumera
514 3633 702 3696 mortalium
715 3631 911 3713 frequentia,
925 3648 1107 3712 pomposus
1122 3630 1256 3712 quidem
1271 3629 1413 3692 multum
1428 3627 1479 3689 in-

149 3734 268 3798 troitus
292 3732 347 3796 ille
364 3731 469 3794 fuisse
490 3731 604 3808 fertur,
621 3730 896 3794 cherimoniarum
914 3748 992 3795 vero
1007 3731 1167 3812 magister
1183 3727 1381 3810 procedendi
1396 3725 1480 3790 ordi-

148 3850 226 3896 nem
237 3831 362 3908 indicit,
378 3830 504 3909 preierc
519 3830 601 3892 iussi
626 3829 765 3903 romani,
794 3834 826 3892 et
840 3829 902 3892 hos
916 3836 1102 3912 sequuntur
1114 3829 1332 3894 cardinalium
1355 3825 1478 3890 familie

148 3929 310 4011 sagittarii
326 3929 445 3992 armati
457 3929 586 4008 equites
613 3928 813 4008 demumque
833 3933 982 3993 oratores
1003 3935 1035 3992 et
1057 3928 1174 3992 lthodii
1186 3927 1308 3990 milites
1325 3924 1478 4004 insigniis

148 4025 338 4107 splendidi:
356 4029 491 4088 senator
522 4024 615 4086 urbis
639 4026 911 4091 othumannidem
943 4031 1088 4111 zyzymy
1113 4027 1203 4090 haud
1228 4026 1339 4105 aliquo
1368 4021 1478 4086 medio

147 4126 233 4205 preit
257 4125 467 4187 dextrorsum
488 4122 612 4203 insigni
639 4139 725 4204 equo
745 4126 847 4206 guido
869 4127 958 4206 prior
979 4126 1152 4206 splendide
1174 4128 1310 4188 ornatus
1335 4121 1474 4183 vehitur.

148 4224 383 4287 sinistrorsum
407 4227 519 4284 autem
546 4221 688 4286 dominis
724 4224 764 4286 de
791 4225 929 4287 Falcone
958 4223 1147 4288 francorum
1172 4223 1261 4302 regis
1284 4221 1416 4301 legatus
1445 4221 1478 4280 et

148 4323 332 4386 franciscus
346 4323 425 4386 Cibo
441 4321 594 4400 superbis
611 4321 795 4385 insidentes
820 4323 915 4403 equis
939 4321 1149 4404 gradiuntur.
1166 4323 1310 4400 Zyzymy
1325 4317 1477 4396 princeps

149 4420 333 4498 intrepidus
348 4419 621 4482 othumannidem
644 4417 848 4483 ferocitatem
860 4438 919 4500 pre
935 4436 971 4483 se
991 4419 1111 4494 ferens,
1126 4416 1250 4498 insigni
1264 4430 1350 4496 equo
1365 4411 1478 4494 (quem

148 4517 298 4598 pontifex
320 4514 516 4594 donauerat)
539 4521 652 4580 vectus
677 4519 831 4582 cernitur.
854 4519 955 4582 difuit
970 4519 1180 4597 subsequens
1196 4531 1280 4594 pape
1301 4511 1425 4575 familia
1440 4514 1473 4574 et

148 4618 336 4681 dominicus
348 4615 468 4678 Dauria
483 4615 660 4678 satellitum
686 4615 850 4696 prefectus
873 4617 936 4680 hac
960 4617 1043 4680 serie
1062 4635 1069 4679 :
1087 4615 1130 4678 ad
1146 4613 1295 4694 equitum
1309 4610 1378 4673 fere
1393 4609 1477 4672 duo·

148 4718 255 4780 decim
266 4716 355 4778 milia
371 4714 630 4796 progrediuntur
642 4719 674 4776 et
686 4713 729 4776 ad
738 4713 805 4777 diui
818 4715 902 4794 petri
916 4714 1143 4794 apostolorum
1155 4709 1311 4792 principis
1324 4724 1476 4786 campum

146 4815 228 4877 tiore
250 4818 462 4877 transeuntes
482 4811 654 4876 accedunt.
682 4813 796 4876 Stabat
817 4817 979 4876 attentum
1004 4813 1083 4876 vicis
1110 4809 1261 4888 compitis
1287 4806 1476 4870 mortalium

145 4930 255 4995 genus
278 4913 338 4976 viri
364 4916 515 4974 matrone
534 4911 739 4990 innuptaque
761 4911 871 4991 puelle
893 4911 936 4974 ad
960 4911 1123 4973 fenestras
1147 4911 1180 4969 et
1200 4905 1374 4968 domorum
1391 4907 1473 4966 tecta

145 5029 304 5092 pompam
319 5009 589 5092 congratulantes
611 5009 827 5089 conspiciunt.
853 5008 1034 5074 cardinalis
1058 5023 1136 5070 vero
1151 5003 1404 5082 Andegauensis
1419 5001 1476 5064 ubi

146 5113 293 5190 Zyzyrny
312 5107 355 5172 ad
374 5123 536 5188 passuum
560 5105 626 5170 duo
650 5107 739 5170 milia
763 5107 880 5170 urbem
906 5106 1116 5187 propinquat,
1133 5117 1255 5183 pompa
1278 5099 1431 5163 discessit
1443 5103 1476 5161 et

286 5253 312 5291 r.
332 5252 351 5290 t.
1298 5223 1335 5279 35
