3508 6034
111 510 199 582 [raro
215 506 285 578 lton]
451 499 577 558 aaauu
600 500 828 562 unannanun
853 501 1116 564 conuanrnnn.
1400 512 1448 566 nr

136 682 338 754 Extractus
353 702 398 752 aa:
409 676 496 750 libro
511 675 800 768 ceremoniarum,
818 688 969 776 tempore
984 676 1118 750 domini
1135 678 1320 752 Benedicti
1334 679 1422 754 XII.

165 828 418 905 Ferdinandus
439 850 504 901 rex
525 827 704 923 Aragonie
724 827 822 902 venit
842 829 888 902 ad
917 831 1070 922 curiam,
1089 839 1126 904 et
1147 828 1308 906 secunda
1324 834 1380 906 die
1397 834 1453 906 in-

112 959 222 1034 travit
232 957 360 1056 regina
376 977 459 1028 cum
472 953 715 1052 primogenito
728 955 826 1052 regis
841 960 877 1028 al
895 957 972 1054 ejus
989 955 1099 1031 tratre
1117 962 1158 1031 Ι).
1178 961 1286 1032 Petro
1298 959 1446 1034 infante.

114 1085 267 1182 Recepti
284 1083 426 1157 luerunt
440 1104 462 1155 a
477 1079 721 1154 cardinalibus
735 1089 837 1156 extra
851 1087 993 1181 portam
1007 1107 1015 1171 ;
1034 1083 1072 1155 in
1088 1107 1216 1158 mensa
1231 1091 1354 1158 autem
1371 1086 1452 1160 etin

115 1212 276 1288 ecclesia
291 1209 466 1283 sedebant
489 1207 560 1280 hoc
583 1207 708 1280 ordine
733 1232 741 1280 :
767 1207 802 1280 in
816 1207 941 1306 primis
963 1211 1006 1282 D.
1023 1207 1216 1282 cardinalis
1238 1212 1450 1300 AuxitanuS,

113 1339 217 1437 prior
242 1333 495 1424 cardinalium,
524 1331 656 1406 deinde
682 1331 746 1407 r'ex
768 1357 849 1406 curn
878 1331 1074 1431 postergali
1097 1339 1133 1407 et
1155 1335 1299 1410 cussino
1324 1361 1448 1429 auran,

113 1461 247 1537 deinde
263 1457 455 1536 cardinalis
479 1457 692 1549 Tolosanus,
709 1465 792 1556 post
813 1483 895 1532 eum
911 1457 1177 1558 primogenitus
1193 1462 1301 1560 regis,
1320 1462 1451 1538 deinde
1504 1449 1507 1456 ’

114 1585 312 1662 cardinalis
324 1581 457 1658 Montis
472 1583 698 1680 Aragonum3
715 1583 751 1656 in
766 1583 837 1658 alio
853 1583 995 1659 bancho
1016 1583 1168 1659 sedebat
1182 1587 1319 1684 primus
1334 1588 1452 1662 cardi-

114 1715 207 1789 nalis
224 1739 255 1792 s.
272 1710 431 1807 Georgii,
448 1709 578 1783 deinde
599 1715 642 1784 D.
661 1715 801 1802 Pelrus,
829 1710 866 1784 in
890 1711 964 1789 fine
982 1713 1182 1792 aldamum
1209 1713 1401 1788 cardinalis
1417 1741 1446 1790 s.

114 1837 315 1914 Eustachii.

220 1990 287 2064 Eo·
307 1989 375 2062 olio
398 1987 499 2076 libro,
517 1987 554 2058 io
577 1987 676 2060 titulo
692 1988 734 2061 de
754 1993 971 2070 uenientibus
988 1997 1184 2071 odorariam
1206 1997 1349 2094 rupibus

642 2122 677 2183 et
687 2113 921 2212 principibus.

159 2255 376 2358 Imperatori
386 2253 498 2328 latino
515 2257 551 2326 et
566 2275 689 2348 greco,
707 2257 851 2352 regibus
863 2265 899 2333 et
910 2259 993 2334 filiis
1004 2262 1190 2358 legitimis,
1207 2264 1310 2336 laicis
1327 2269 1448 2338 lamen

113 2395 149 2462 at
170 2408 247 2458 non
271 2381 529 2457 ecclesiasticis
543 2380 770 2470 eorumdem,
788 2406 830 2456 ac
845 2383 992 2482 regibus
1013 2393 1048 2460 et
1070 2385 1212 2460 filiabus
1234 2389 1448 2464 eorumdem

113 2534 243 2586 omnes
269 2507 470 2582 cardinales
494 2506 532 2580 in
559 2505 654 2581 Urbe
688 2507 884 2585 existentes
914 2511 1069 2586 debeant
1097 2513 1150 2587 ire
1180 2514 1321 2588 obviam
1347 2523 1449 2590 extra

115 2637 236 2712 villam
261 2658 329 2733 per
352 2656 527 2730 magnum
551 2632 725 2730 spacium.
743 2637 835 2708 Item
858 2659 921 2710 rex
941 2637 1051 2712 debet
1072 2638 1198 2713 sedere
1220 2640 1255 2712 in
1273 2640 1449 2716 cathedra

114 2787 186 2861 que
199 2761 247 2836 ad
262 2761 429 2834 dextrum
453 2760 548 2834 latus
577 2763 673 2856 Papa
700 2759 898 2854 ordinatur,
932 2763 1010 2838 sine
1026 2764 1202 2856 scabello;
1222 2773 1258 2840 et
1273 2766 1303 2839 si
1332 2767 1447 2841 aderit

113 2889 209 2962 blius
230 2894 292 2962 aut
312 2887 422 2961 irater
447 2886 544 2984 regis
570 2884 678 2960 debet
704 2886 831 2962 sedere
855 2888 949 2964 inter
971 2890 1061 2963 duos
1083 2891 1220 2987 primos
1245 2891 1447 2965 cardinales

113 3015 322 3113 episcopos,
355 3017 391 3086 et
410 3012 482 3086 hoc
502 3012 532 3086 si
559 3036 624 3086 rex
647 3013 803 3088 maxima
833 3015 879 3088 sit
905 3015 1067 3112 potentie
1092 3025 1128 3089 et
1152 3017 1350 3113 dignitatis,
1373 3041 1446 3092 non

111 3148 238 3216 autem
264 3139 310 3212 de
333 3137 547 3230 minoribus,
579 3139 664 3236 quia
691 3139 771 3212 talis
802 3139 910 3215 debet
936 3141 1064 3216 sedere
1080 3140 1176 3216 inter
1198 3140 1288 3216 duos
1309 3143 1446 3240 primos

110 3265 314 3340 cardinales
336 3263 530 3354 diaconos;
548 3268 584 3337 et
605 3263 635 3336 si
656 3265 791 3340 luerint
815 3265 951 3363 plures,
980 3267 1009 3340 si
1040 3267 1107 3342 erit
1134 3291 1210 3358 rex,
1238 3267 1378 3342 sedebit
1410 3269 1446 3341 in

109 3391 285 3467 cathedra
298 3390 417 3490 posita
431 3390 477 3462 ad
491 3390 677 3464 sinistrum
693 3389 786 3464 latus
803 3395 918 3488 Pape;
936 3391 965 3464 si
977 3399 1100 3466 autem
1116 3393 1146 3465 is
1161 3417 1234 3465 non
1244 3393 1350 3466 fuerit
1366 3416 1443 3481 ran,

111 3517 252 3593 sedebit
277 3517 372 3590 inter
400 3516 489 3590 alios
515 3514 695 3590 secundos
728 3516 929 3592 cardinales
957 3517 1149 3616 episcopos
1172 3518 1226 3592 vel
1256 3518 1443 3609 diaconae,

108 3669 174 3742 pro
187 3667 255 3718 sua
269 3642 455 3741 qualitate,
466 3643 594 3718 tertius
613 3643 708 3718 inter
723 3643 849 3716 tertios
864 3651 900 3718 et
923 3643 974 3718 sic
989 3643 1174 3740 deinceps.

397 3830 461 3904 Er
478 3830 546 3904 olio
559 3831 709 3928 capitulo
723 3829 882 3926 ejusdem
903 3831 984 3904 libri
998 3842 1032 3904 et
1045 3832 1138 3904 tituli
1151 3860 1164 3904 :

156 3991 250 4060 Item
265 3985 336 4060 vidi
353 3985 487 4062 servari
506 3985 649 4062 induce
663 3985 842 4060 Borbonis
859 3984 992 4058 comite
1011 3985 1189 4061 Sabaudie
1206 3993 1241 4060 et
1262 3986 1441 4082 aliquibus

109 4110 187 4184 aliis
204 4110 242 4184 in
258 4111 428 4186 conviviis
448 4111 485 4183 in
506 4111 637 4208 quibus
654 4115 729 4186 DI).
756 4112 958 4186 cardinales
985 4113 1182 4189 comedunt
1205 4112 1440 4208 collegialiter

109 4261 234 4310 coram
244 4241 363 4336 Papa:
382 4237 472 4312 tales
483 4241 558 4312 DI).
574 4238 916 4336 ponunturquidam
929 4237 1024 4310 inter
1039 4236 1131 4311 duos
1147 4235 1347 4312 cardinales
1364 4235 1440 4309 dia-

109 4386 236 4455 conoS,
253 4363 400 4460 quidam
418 4371 501 4462 post
521 4365 699 4454 ultimum,
723 4369 759 4437 et
784 4363 930 4460 quidam
955 4363 1065 4437 etiam
1090 4363 1185 4438 inter
1209 4361 1442 4460 presbyteros

107 4489 326 4581 cardinales,
342 4495 450 4587 prout
467 4490 577 4588 exigit
590 4489 748 4564 conditio
765 4495 799 4563 et
817 4495 929 4564 status
946 4511 1115 4588 persone.

631 4659 695 4732 Ec
710 4659 778 4731 olio
800 4658 886 4730 libro
902 4685 915 4729 .·

155 4811 355 4889 Sciendum
367 4810 506 4908 quodsi
519 4835 583 4884 rex
598 4817 693 4885 asset
707 4831 871 4909 presens,
887 4811 1016 4908 recipit
1032 4809 1172 4885 cineres
1185 4813 1268 4908 post
1283 4807 1443 4906 priorem
1550 4809 1555 4824 '

106 4943 361 5039 episcoporum
383 4937 632 5030 cardinalium,
663 4943 771 5034 prout
799 4935 935 5010 dictum
963 4941 1039 5026 est;
1072 4937 1138 5010 sed
1166 4935 1231 5008 filii
1259 4957 1386 5032 regum
1414 4933 1444 5006 si

104 5065 287 5156 intersint,
306 5063 436 5142 eodem
460 5063 569 5139 modo
596 5087 667 5160 quo
690 5061 818 5137 sedent
846 5061 943 5136 inter
966 5061 1167 5136 cardinales
1191 5060 1370 5158 recipient
1395 5059 1444 5131 ci-

104 5215 225 5267 nerea.
