3600 6094
117 481 290 545 [noctuas]
467 475 592 532 RERUM
618 472 846 530 unssnnlnc'u
871 472 1133 536 COMMENTARH.
1432 491 1465 544 Π

114 631 336 704 circuerunt
380 629 528 702 domum
571 627 674 701 solite
705 626 899 700 residentie
934 629 1223 702 reverendissimi
1258 631 1294 704 in
1323 636 1463 711 Christo

117 757 242 854 patris
266 762 303 830 et
326 753 463 828 domini
480 759 522 828 D.
542 753 715 826 lobannis
743 759 866 826 sancte
889 753 1000 826 ltlarie
1025 753 1060 826 in
1075 755 1208 850 Aquiro
1232 757 1466 834 (1110111011-

118 881 261 955 dinalis
281 882 326 955 de
346 881 520 954 Columna
540 877 737 975 vulgariter
763 878 970 975 nuncupati,
993 901 1102 976 quam
1124 887 1250 977 gentes
1273 884 1463 960 cardinalis

118 1006 225 1080 intus
257 1007 454 1080 existentes
481 1003 629 1078 viriliter
663 1004 800 1078 duabus
833 1003 947 1092 horis,
984 1003 1038 1076 uel
1068 1005 1178 1095 circa,
1210 1005 1459 1085 defenderunt.

113 1133 289 1205 Tandem
309 1131 405 1221 victi,
430 1130 647 1205 irruentibus
669 1155 689 1204 a
711 1137 823 1219 retro,
848 1134 884 1202 et
904 1150 971 1225 per
990 1126 1104 1202 latera
1131 1131 1296 1226 gentibus
1319 1135 1462 1210 comitis

114 1257 226 1331 circa
245 1258 374 1330 horam
390 1281 497 1330 xxuu
514 1257 676 1354 ejusdem
693 1256 777 1346 diei,
796 1255 845 1328 illi
861 1256 905 1327 dc
928 1256 1036 1329 domo
1054 1256 1285 1354 aufugerunt3
1305 1259 1363 1332 ulii
1380 1284 1463 1333 vero

115 1381 318 1471 intrantes,
336 1380 484 1455 domum
499 1381 642 1479 penitus
658 1380 958 1470 omnibusbonis,
978 1381 1086 1454 etiarn
1102 1382 1269 1456 fenestris
1285 1390 1320 1458 et
1334 1385 1462 1482 portia,

115 1507 345 1605 spoliarunt;
373 1512 410 1580 et
431 1506 520 1580 nihil
541 1507 683 1604 penitus
703 1507 743 1580 iu
766 1531 809 1580 ea
830 1506 1066 1598 dimittentes
1091 1510 1236 1584 taudem
1259 1511 1341 1608 igne
1363 1513 1400 1584 in
1423 1536 1465 1586 ea

118 1631 310 1727 apposito,
329 1633 519 1723 stabulum,
539 1639 574 1708 et
596 1657 759 1707 cameras
780 1631 970 1707 cardinalis
991 1635 1279 1727 combusserunt,
1297 1659 1339 1710 ac
1354 1637 1468 1710 dorni-

120 1779 221 1829 num
259 1758 489 1832 Laurentium
525 1758 570 1832 de
606 1759 779 1832 Columna
817 1757 913 1832 sedis
950 1760 1148 1856 apostolice
1181 1763 1468 1858 protonotarium

125 1903 218 1954 cum
243 1881 402 1978 pluribus
426 1883 504 1956 aliis
528 1883 563 1955 in
589 1889 746 1958 castrum
778 1884 892 1958 sancti
916 1885 1043 1981 Angeli
1072 1887 1249 1983 captivum
1278 1887 1467 1978 duxerunt,

125 2012 166 2077 et
186 2008 361 2102 usquead
380 2007 516 2082 obitum
540 2015 741 2084 tenuerunt.
768 2008 903 2084 Eodem
926 2033 1021 2100 sero,
1047 2017 1173 2086 Petrus
1196 2013 1239 2086 de
1262 2015 1363 2092 Valle
1386 2037 1468 2088 cum

124 2132 233 2205 omui
250 2141 356 2230 gente
374 2158 437 2208 sua
451 2136 586 2233 aufugit
602 2136 646 2210 de
662 2137 828 2210 domibus
845 2137 932 2228 suis,
951 2134 1019 2208 illis
1035 2137 1153 2209 vacuis
1170 2136 1318 2212 relictis.

183 2258 289 2332 Feria
311 2261 429 2350 tertia,
459 2267 472 2333 1
502 2261 637 2334 mensis
657 2260 748 2358 junii
774 2263 815 2333 R.
844 2264 883 2335 P.
914 2265 957 2334 D.
983 2261 1251 2358 protonotarius
1275 2263 1319 2336 de
1339 2264 1467 2337 Alber-

127 2383 228 2480 gatis
252 2384 295 2457 de
318 2386 493 2476 Douonia,
516 2387 621 2460 Urbis
642 2387 861 2484 guberuator
881 2409 963 2460 cum
983 2387 1146 2460 Jolranne
1163 2387 1356 2460 Francisco
1372 2388 1468 2460 bari-

128 2508 246 2604 11111,
271 2516 306 2584 et
327 2533 458 2608 magna
482 2518 588 2608 geute
613 2535 810 2601 armorum,
838 2533 879 2584 ac
904 2511 1116 2584 Lombardis
1131 2512 1226 2584 venit
1242 2517 1323 2585 ante
1340 2513 1468 2586 domos

131 2633 375 2724 Vallensium,
408 2660 514 2734 supra
541 2661 644 2734 quas,
674 2636 718 2710 de
747 2637 916 2710 mandato
942 2635 1027 2709 dicti
1053 2637 1317 2733 gubernatoris
1345 2661 1469 2713 ascen-

130 2757 268 2832 derunt
287 2762 492 2852 Lombardi,
516 2767 552 2835 et
576 2762 787 2858 detegentes
809 2769 918 2852 tecta,
943 2762 1148 2836 successive
1169 2785 1309 2852 omnes,
1331 2762 1470 2834 duobus

129 2883 307 2982 demptis,
336 2885 558 2986 diruperunt,
581 2893 617 2961 et
639 2888 774 2984 aliquas
797 2888 897 2985 quasi
927 2887 1004 2960 solo
1027 2894 1216 2984 equaruut,
1240 2887 1327 2961 alias
1351 2887 1469 2961 miuus

128 3007 312 3099 leseruut;
338 3012 434 3085 nulla
453 3018 588 3104 tamen,
612 3013 748 3086 duabus
770 3012 941 3111 predictis
961 3013 1130 3110 demptis,
1153 3012 1254 3085 illesa
1277 3013 1463 3086 remansit.

185 3133 286 3206 Feria
311 3141 449 3231 quarta,
476 3137 600 3210 ultima
623 3138 758 3211 mensis
774 3138 879 3235 junii,
902 3143 943 3210 R.
963 3139 1002 3210 P.
1031 3140 1073 3210 D.
1099 3137 1310 3210 Laurentius
1335 3137 1379 3210 de
1404 3140 1469 3210 Co-

129 3257 258 3331 lumna
283 3259 378 3334 sedis
409 3261 606 3360 apostolice
630 3262 914 3360 protonotarius,
942 3262 978 3334 in
1008 3261 1120 3335 sacris
1150 3261 1334 3334 ordinibus
1358 3284 1466 3334 cons-

133 3385 273 3476 titutuS,
299 3393 335 3460 et
356 3387 669 3486 quadragesimum
696 3388 752 3463 rel
776 3387 872 3462 circa
897 3411 960 3462 sue
988 3387 1092 3460 etatis
1117 3409 1249 3458 annum
1274 3409 1399 3483 agens,
1430 3386 1466 3458 iu
1526 3483 1529 3490 Ι

130 3533 255 3600 mane,
278 3512 443 3604 incuria,
465 3513 559 3587 intra
581 3513 736 3612 primum
761 3537 903 3586 murum
927 3512 1035 3586 castri
1058 3511 1171 3586 sancti
1193 3511 1320 3607 Angeli
1343 3510 1466 3584 decol-

130 3634 227 3708 latus
255 3643 327 3727 est,
358 3639 509 3712 comites
540 3639 776 3738 HieronymO,
809 3645 845 3711 et
873 3637 1013 3712 Gentile
1040 3637 1204 3732 Virgiuio
1236 3637 1280 3708 de
1314 3635 1465 3726 Ursinis,

132 3783 241 3857 supra
264 3761 397 3860 logiam
417 3764 538 3854 castri,
561 3769 600 3838 ut
618 3764 817 3854 dicebatur,
840 3763 1014 3837 stantibus
1035 3768 1071 3836 et
1089 3761 1302 3834 videntibus.
1328 3759 1466 3834 Deinde

131 3883 171 3956 iu
190 3887 343 3981 quadam
359 3910 467 3986 capsa
480 3888 601 3986 lignea
615 3889 832 3986 discoperta,
851 3888 887 3960 in
909 3912 978 3984 qua
994 3887 1220 3984 sepeliendus
1237 3892 1326 3976 erat,
1349 3885 1466 3982 capite

129 4009 200 4084 sibi
217 4012 388 4108 reposito,
405 4014 557 4112 posituS,
580 4039 624 4088 ex
644 4021 762 4088 castro
778 4014 939 4111 predicto
955 4013 1000 4086 ad
1020 4011 1212 4086 ecclesiam
1228 4011 1332 4085 beate
1354 4010 1466 4083 Maria

126 4135 176 4209 de
200 4137 461 4235 Transpontina
488 4145 648 4236 portatus
675 4147 748 4228 est,
776 4139 836 4212 ubi
865 4139 997 4210 mansit
1028 4161 1140 4234 usque
1171 4136 1216 4209 ad
1242 4136 1370 4208 horam
1399 4159 1464 4208 xxi

126 4261 186 4334 vel
202 4261 298 4334 circa
313 4263 474 4360 ejusdem
490 4262 574 4354 diei,
596 4265 641 4337 ab
657 4263 838 4354 omuibus,
855 4261 914 4360 qui
931 4286 1013 4336 eum
1028 4263 1148 4335 videre
1163 4261 1342 4349 volebant,
1364 4283 1464 4356 pers-

126 4385 329 4484 piciendus.
354 4389 490 4462 Deinde
512 4389 609 4464 circa
628 4391 754 4492 horam
777 4413 866 4462 xxiv
892 4389 1098 4486 deportatus
1125 4387 1246 4461 estad
1268 4384 1461 4459 ecclesiam

127 4510 322 4586 duodecim
349 4514 608 4612 apostolorum,
636 4522 673 4589 et
692 4514 827 4594 ibidem
847 4515 1002 4588 ecclesie
1024 4513 1174 4587 traditus
1195 4509 1377 4608 sepulture
1398 4506 1408 4606 (
1433 4507 1458 4606 ).

178 4637 284 4712 Feria
299 4645 416 4729 sexta,
435 4644 455 4712 1
476 4640 611 4714 mensis
627 4640 705 4737 julii
724 4639 887 4737 proxime
908 4638 1069 4736 preteriti
1089 4637 1127 4710 iu
1146 4659 1270 4724 mane,
1288 4633 1463 4732 Hierony·-

166 4901 192 4953 1.
213 4919 228 4949 o
245 4895 382 4968 Mercurii,
398 4897 442 4955 die
457 4897 527 4972 junii
547 4897 679 4968 secundo,
695 4897 817 4954 demoliri
837 4903 902 4954 sunt
922 4901 1018 4970 coeptae
1032 4891 1200 4952 Vallensium
1217 4892 1290 4949 edas
1309 4890 1352 4948 viu
1372 4890 1461 4966 peuti-

129 4985 201 5055 llcia,
221 4985 315 5061 magui
353 5003 368 5044 1
394 4986 462 5045 satis
486 4994 660 5066 constructas.
686 4985 875 5044 Demetitionis
902 5003 1014 5044 causam
1039 4983 1177 5054 dicebant,
1201 4983 1275 5058 quod
1297 5000 1330 5040 ea
1356 4982 1458 5040 familia

130 5075 267 5132 obstinate
282 5075 308 5132 ni
350 5094 394 5133 um
410 5083 437 5134 et
451 5078 647 5135 contumaciter
661 5075 882 5134 Columneusium
898 5083 989 5150 partes
1008 5082 1103 5133 contra
1117 5073 1278 5132 Pontificem
1293 5071 1460 5130 sectabatur.

129 5163 230 5222 Eodem
251 5165 296 5222 die
316 5165 467 5225 cardinalis
483 5166 615 5226 Senensis
634 5168 669 5225 ab
686 5167 759 5226 Urbe
778 5165 901 5238 recessit,
918 5166 1019 5225 Senem
1037 5170 1148 5242 propter
1168 5168 1291 5222 estatem
1310 5162 1398 5220 iturus
1412 5177 1461 5235 pro

269 5301 294 5340 r.
311 5299 329 5339 1.
1301 5279 1319 5332 2
