3436 6038
289 482 343 537 212
740 475 916 534 JOHANNlS
940 477 1162 547 Baeculam,
1371 479 1538 544 [Septembre
1553 482 1614 543 titt}

160 649 167 659 ·
288 630 398 726 aliqui
419 629 601 721 dicebant,
619 630 680 704 diu
695 637 779 705 ante
792 630 890 704 illam
907 632 1049 722 boram,
1063 638 1184 705 tamen
1200 630 1329 705 eadem
1351 631 1422 723 die,
1441 635 1566 706 limus.
1583 632 1614 704 iu

287 756 428 831 Christo
445 759 484 830 Ρ.
501 762 537 830 et
550 759 593 829 D.
613 756 787 831 Dominus
807 756 949 832 Gabriel
964 757 1055 830 tituli
1072 764 1279 832 sanctorum
1293 757 1408 856 Sergii
1422 757 1614 846 etBacchi,

285 881 475 980 presbyter
513 880 706 956 cardinalis
741 881 926 980 Agriensis
967 875 1161 980 vulgariter
1195 891 1440 980 nuncupatus,
1488 883 1616 957 ordinis

288 1008 483 1098 Minorum,
498 1006 568 1081 vita
581 1006 726 1082 iunctus
739 1015 807 1100 est,
823 1009 926 1106 cujus
941 1007 1064 1082 anima
1078 1007 1282 1105 requiescat
1298 1008 1334 1082 in
1350 1033 1440 1106 pace
1452 1007 1513 1107 (1).
1525 1008 1617 1082 Fecit

289 1141 562 1226 testamentum,
590 1140 627 1209 et
650 1142 863 1209 executores
879 1133 1087 1210 testamenti
1102 1138 1256 1208 RRmos.
1277 1134 1314 1206 in
1335 1134 1479 1208 Christo
1504 1141 1617 1232 patres
1706 1155 1707 1158 ’

289 1259 520 1352 etdominos,
545 1261 979 1350 DD.vicccancellarium,
1009 1268 1045 1335 et
1063 1254 1260 1335 Ascanium
1288 1259 1490 1334 cardinales
1515 1266 1553 1334 et
1577 1263 1615 1334 ll.

289 1385 465 1462 Aleisium
491 1387 535 1461 de
564 1387 703 1462 Maffeis
729 1387 944 1486 scriptorem
976 1384 1226 1484 apostolicum,
1263 1385 1324 1482 qui
1350 1385 1422 1458 hoc
1452 1407 1537 1458 sero
1565 1405 1619 1457 me
1706 1483 1707 1492 ἵ

289 1511 407 1588 vocari
425 1513 590 1588 lecerunt
614 1511 660 1586 ad
682 1512 921 1586 ordinandum
943 1519 1149 1610 opportuna
1166 1537 1174 1586 :
1193 1509 1272 1584 veni
1293 1517 1329 1584 et
1353 1509 1513 1586 ordinavi
1529 1509 1620 1606 quod

296 1637 425 1712 fierent
461 1637 636 1727 sandalia,
659 1637 829 1712 tunicella
860 1645 897 1712 et
927 1636 1132 1728 dalmatica,
1159 1635 1258 1731 quod
1283 1658 1416 1733 corpus
1444 1635 1619 1710 lavaretur

290 1768 327 1838 ct
352 1762 426 1836 suis
450 1761 667 1859 quotidianis
696 1761 854 1836 vestibus
885 1760 1096 1835 indueretur
1120 1759 1182 1858 (sic
1203 1759 1337 1834 lactum
1360 1759 1439 1858 est),
1463 1766 1501 1834 et
1527 1759 1620 1856 quod

290 1887 538 1986 provideretur
549 1888 594 1962 de
611 1911 697 1964 cera
713 1895 916 1986 opportuna
932 1911 997 1985 pro
1017 1884 1269 1986 deportatione
1290 1884 1426 1960 lunaris
1446 1885 1493 1959 ad
1508 1885 1622 1960 eccle·

293 2011 397 2104 siam,
426 2013 615 2087 intorticiis
639 2020 786 2088 centum
820 2020 857 2086 et
887 2013 1031 2087 circiter
1058 2018 1206 2086 centum
1234 2011 1407 2086 librarum
1436 2035 1622 2110 parvarum
1706 2031 1707 2038 ¹

293 2137 453 2211 candelis
477 2137 522 2212 de
546 2137 691 2235 triginta
715 2163 781 2236 pro
807 2139 898 2214 libra
921 2138 976 2213 vel
1001 2137 1123 2235 viginti
1148 2144 1210 2212 aut
1231 2137 1355 2235 viginti
1379 2137 1551 2234 quinque,
1581 2137 1621 2210 de

294 2262 533 2360 quadraginta
557 2263 683 2338 iaculis
708 2263 828 2339 madio
851 2264 942 2338 libre
967 2266 1144 2360 quelibet;
1174 2266 1273 2363 quod
1298 2289 1429 2363 corpus
1453 2265 1566 2339 lotum
1590 2269 1621 2338 et
1706 2267 1707 2274 ’

294 2387 459 2463 indutum
479 2397 676 2486 poneretur
696 2413 806 2489 super
827 2397 946 2487 tapete
970 2391 1122 2466 interra
1145 2391 1182 2464 in
1203 2413 1360 2484 camera,
1381 2414 1464 2465 cum
1483 2389 1620 2464 duobus

293 2497 496 2606 intorticiis,
514 2540 585 2588 uno
601 2515 647 2590 ad
661 2523 769 2612 caput
784 2523 820 2591 et
835 2516 904 2592 alio
920 2517 965 2590 ad
979 2516 1105 2614 pedes,
1119 2516 1216 2613 quod
1235 2515 1412 2614 capellani
1435 2513 1620 2589 domestici
1706 2491 1707 2516 ¹

294 2639 570 2715 circumstarent
584 2647 620 2714 et
632 2640 965 2717 dicerentolficium
978 2643 1217 2732 mortuorum,
1229 2640 1326 2738 quod
1339 2641 1376 2714 in
1391 2640 1475 2714 aula
1488 2642 1620 2738 majore

293 2763 390 2839 circa
404 2763 564 2840 medium
581 2767 810 2843 ordinaretur
822 2767 1103 2864 lectusmagnus
1114 2791 1198 2844 cum
1210 2791 1364 2842 saccone
1376 2774 1413 2843 et
1427 2765 1620 2842 mataracio

293 2913 335 2964 ac
350 2889 459 2988 pallio
473 2913 582 2965 aureo
599 2890 756 2990 desuper
774 2898 810 2966 et
827 2892 1003 2990 capezzali
1021 2917 1063 2967 ac
1086 2891 1237 2966 cussinis
1257 2915 1299 2966 ac
1318 2891 1460 2966 duobus
1478 2889 1621 2987 capellis

291 3014 532 3090 cardinalibus
566 3023 602 3090 et
637 3039 765 3092 mensa
795 3041 905 3116 parva
937 3018 983 3092 ad
1015 3019 1127 3116 pedes
1157 3017 1241 3092 lecti
1277 3017 1422 3092 tobalea
1461 3015 1619 3113 simplice

292 3150 463 3242 cooperta
478 3149 513 3218 at
531 3167 638 3241 super
655 3166 772 3218 cavas
792 3167 885 3240 aque
907 3145 1096 3220 benedicte
1117 3168 1199 3219 cum
1222 3143 1442 3242 aspersorio,
1464 3140 1621 3216 thuribu·
1706 3213 1707 3234 ,

291 3269 368 3344 lum
394 3294 477 3344 cum
506 3270 687 3362 navicula,
718 3269 900 3346 cochleari
928 3277 965 3345 et
991 3271 1155 3363 incenso,
1190 3271 1261 3344 duo
1293 3269 1514 3344 candelabra
1542 3290 1620 3341 cum

290 3393 543 3488 luminaribus,
562 3395 634 3470 duo
647 3419 779 3494 magno
793 3395 1085 3495 candelabrapro
1097 3396 1440 3472 duobusintorticiis
1456 3395 1504 3470 ad
1518 3397 1620 3491 caput

293 3525 329 3594 et
347 3519 471 3617 pedes,
490 3543 531 3595 ac
555 3543 717 3596 scamma
737 3521 823 3595 hino
847 3520 931 3596 inde
955 3521 1052 3596 circa
1070 3521 1205 3597 lectum
1229 3545 1294 3620 pro
1319 3519 1443 3619 viginti
1469 3526 1619 3617 quatuor
1706 3501 1707 3510 ἰ

291 3645 479 3719 intorticiis
505 3670 547 3721 ac
572 3647 642 3722 alia
666 3671 827 3723 scamma
843 3649 947 3746 juxta
968 3671 1090 3723 muros
1117 3650 1163 3724 ad
1186 3649 1309 3724 omnia
1328 3648 1442 3724 latera
1467 3647 1549 3722 aule
1570 3644 1620 3718 vel
1706 3727 1707 3740 ,

291 3767 420 3842 saltem
435 3768 472 3842 in
488 3771 604 3867 capite
626 3773 706 3848 aule
726 3797 791 3872 pro
814 3772 1054 3846 cardinalibus
1070 3777 1106 3846 et
1127 3772 1213 3846 hinc
1234 3771 1369 3848 atinde
1395 3793 1462 3870 pro
1477 3769 1618 3870 prelatis

289 3903 328 3969 et
344 3895 546 3970 oratoribus
566 3904 602 3972 et
621 3897 691 3972 alia
709 3907 930 3997 oppurtuua;
956 3905 990 3973 et
1011 3897 1158 3989 recessi,
1175 3897 1299 3972 habito
1321 3897 1421 3996 prius
1447 3895 1611 3970 mandato
1706 3915 1707 4002 p

290 4044 356 4118 pro
372 4020 541 4096 vocandis
556 4022 790 4096 conventibus
806 4030 843 4098 et
858 4022 956 4098 clero
971 4021 1210 4120 infrascriptis
1226 4023 1272 4098 ab
1285 4021 1542 4097 executoribus
1558 4039 1617 4117 pro
1706 4011 1707 4066 t

288 4146 347 4221 die
361 4147 532 4222 crastino.
648 4201 654 4214 .

338 4273 403 4347 Dia
426 4272 518 4371 jovis
544 4276 589 4349 28
613 4274 841 4372 septembris,
859 4274 897 4348 in
913 4297 1034 4365 mane,
1053 4275 1098 4350 de
1119 4275 1290 4349 mandato
1307 4277 1380 4348 RB.
1400 4275 1476 4348 DI).
1497 4295 1616 4348 execu-

294 4405 413 4473 torum
433 4397 736 4496 supradictorum,
756 4396 838 4472 dedi
863 4397 1067 4472 cursoribus
1088 4397 1207 4472 listam
1224 4396 1442 4496 infrascripti
1460 4396 1613 4472 tenoris:
1706 4395 1707 4472 l

345 4529 398 4600 Ex
411 4529 512 4623 parte
532 4521 924 4600 Reverendissimorum
944 4524 1180 4598 Dominorum
1204 4522 1489 4598 vicecancellarii
1511 4529 1545 4598 et
1559 4523 1616 4594 Aa·
1706 4535 1707 4560 ¹

326 4731 352 4786 t.
371 4729 471 4786 Eulant
484 4728 589 4786 natural
603 4727 637 4785 de
650 4727 738 4786 Guido
752 4725 898 4801 lituram,
915 4727 1024 4787 Gabriel
1034 4746 1064 4787 se
1078 4731 1168 4788 rendit
1180 4748 1212 4788 en
1229 4729 1350 4806 Hongrie
1367 4734 1382 4787 d
1397 4730 1423 4787 la
1441 4735 1511 4787 mort
1524 4729 1557 4785 de
1570 4743 1613 4784 sorr
1706 4719 1707 4766 l

295 4822 360 4893 pere
375 4826 402 4875 et
418 4825 496 4875 entra
515 4817 584 4874 dans
598 4817 695 4874 l'ordre
709 4817 759 4874 des
779 4817 875 4874 ireres
890 4819 923 4875 de
940 4818 1172 4890 Salat-Francus,
1186 4824 1221 4878 ob
1236 4821 1254 4876 il
1271 4837 1301 4878 se
1320 4821 1352 4877 lit
1368 4819 1508 4878 tellement
1520 4833 1615 4876 renar-
1706 4849 1707 4898 p

295 4923 363 4980 quer
372 4924 422 4981 par
436 4924 467 4963 aa
480 4905 551 4981 pieta
566 4913 652 4964 atses
666 4907 766 4966 taleuts
781 4924 835 4982 que
848 4911 872 4964 le
882 4908 922 4964 roi
936 4909 1067 4966 Matthias
1082 4909 1178 4966 Corvin
1193 4911 1337 4984 l’employu
1350 4911 1422 4966 dans
1435 4910 1485 4966 dea
1501 4906 1614 4981 negocia·

295 4996 369 5054 tinus
383 4995 591 5071 diplomatiques
603 5000 702 5072 auprts
717 4997 765 5054 des
773 4997 891 5071 princes,
905 5015 949 5056 ses
963 4998 1077 5070 voisius,
1087 5012 1114 5057 et
1128 5000 1165 5056 du
1179 4999 1255 5074 Papa
1269 4999 1347 5056 Sirte
1363 4999 1410 5068 lV,
1421 4999 1470 5074 qui
1483 4999 1506 5055 le
1516 5011 1614 5054 uommn
1706 5045 1707 5086 t

296 5085 529 5143 successivement
542 5089 644 5162 evaque
662 5085 758 5143 d'Albe
776 5093 803 5143 et
819 5087 1007 5162 d’Agrigeute,
1023 5089 1094 5146 eniru
1111 5088 1231 5146 cardinal
1245 5107 1278 5146 err
1303 5089 1380 5147 1477.
1396 5087 1467 5163 Voy.
1485 5096 1559 5146 outre
1578 5085 1613 5141 les
1706 5089 1707 5176 t

292 5174 437 5251 biograpb.
457 5176 506 5234 des
520 5175 683 5248 cardinaux,
699 5175 866 5248 Tirabosobi,
879 5179 1018 5235 scrittori
1031 5181 1193 5251 Modonert,
1209 5186 1230 5238 t.
1249 5179 1296 5247 lV,
1311 5195 1339 5254 p.
1355 5181 1408 5236 263
1422 5186 1451 5237 et
1465 5179 1534 5238 suiv.
