3424 6038
313 474 366 530 eto
769 465 942 524 JOHANNlS
967 463 1188 536 BUROEARDI,
1486 460 1635 532 [lutetias]

315 625 492 715 breviarii,
510 624 607 720 quod
625 619 836 720 hujusmodi
854 619 1152 694 commemoratio
1172 642 1245 693 non
1263 623 1361 694 esset
1382 615 1490 692 solita
1517 613 1595 688 lieri
1609 617 1639 686 et

317 776 385 849 que
401 773 472 825 non
488 749 591 823 tieret
607 773 615 836 ;
634 747 686 820 sic
700 747 832 822 iactum
847 749 914 820 est.

365 871 551 947 Dominica
569 877 582 944 l
602 870 708 968 junii,
725 871 859 944 iestum
871 876 994 943 sancte
1010 867 1204 960 Trinitatis,
1223 870 1287 941 SS.
1306 869 1349 940 D.
1367 871 1412 941 N.
1430 871 1593 964 paratus,
1608 874 1642 938 ut

317 1000 428 1074 moris
453 1005 521 1088 est,
553 996 648 1072 venit
672 996 717 1070 ad
748 995 922 1093 capellam
949 995 1126 1092 majorem
1152 992 1365 1090 predictam,
1396 989 1457 1064 ubi
1485 989 1640 1062 interfuit

316 1125 426 1199 misse
443 1123 594 1197 solemni
618 1147 726 1219 quam
745 1121 937 1196 celebravit
957 1124 1083 1192 Rmus.
1110 1122 1154 1192 D.
1175 1117 1365 1192 cardinalis
1386 1114 1594 1188 Parmensis
1612 1116 1641 1187 in

316 1248 537 1348 paramentis
558 1249 661 1322 albis.
693 1246 796 1322 Circa
815 1246 926 1319 sinam
946 1243 1183 1320 confessionis
1212 1243 1310 1317 venit
1328 1242 1375 1316 ad
1397 1241 1576 1338 capeNam
1601 1243 1638 1314 D.

318 1375 512 1472 Gregorius
529 1373 573 1446 de
589 1377 700 1448 Turre
716 1379 836 1447 orator
852 1351 1073 1446 serenissimi
1089 1369 1260 1467 principis
1276 1367 1643 1442 Maximilianilloma-

317 1523 447 1573 norum
469 1497 577 1594 regis,
603 1505 638 1571 et
657 1497 777 1594 posuit
796 1520 835 1572 se
853 1497 898 1570 ad
917 1495 1075 1593 primum
1093 1495 1213 1568 locum
1234 1493 1328 1567 inter
1352 1499 1517 1566 oratores
1536 1491 1643 1566 laicos

316 1632 352 1700 et
374 1651 447 1700 non
471 1625 642 1722 prelatos
667 1625 764 1720 quod
794 1645 868 1696 non
896 1621 1056 1696 videntes
1077 1624 1121 1693 D.
1148 1620 1391 1694 Beruardinus
1415 1621 1461 1694 da
1485 1621 1642 1716 Carvajal

317 1751 486 1848 Hispania
506 1757 541 1824 et
563 1749 653 1823 alius
674 1747 898 1846 Neapolitani
924 1770 1050 1844 regum
1075 1753 1253 1838 oratores,
1278 1747 1338 1842 qui
1363 1747 1462 1844 prius
1486 1746 1642 1821 arentin

315 1875 454 1971 cepada
485 1880 520 1948 et
556 1873 754 1971 gcuullexi,
795 1872 967 1946 nolebant
995 1893 1144 1967 surgere
1172 1894 1218 1945 na
1248 1871 1455 1945 viderentur
1485 1872 1555 1946 sub
1589 1871 1642 1944 illo

318 2007 433 2090 staro;
450 2000 513 2074 sed
529 1997 617 2071 mibi
634 1995 820 2091 conquesti
834 2001 918 2067 sunt
932 1994 1029 2091 quod
1045 1996 1087 2067 D.
1109 1993 1303 2090 Gregorius
1326 2017 1435 2091 super
1457 2017 1522 2069 eos
1538 2001 1644 2068 staret

316 2123 491 2214 indebite,
526 2127 716 2220 propterea
737 2121 832 2217 quod
861 2121 979 2217 ipsum
1010 2119 1169 2192 lacerem
1189 2119 1366 2216 capellam
1392 2118 1516 2210 exire;
1552 2118 1643 2216 quod

316 2253 486 2344 tanquam
500 2245 664 2319 illicitum
674 2245 794 2318 lacere
804 2243 978 2318 recusavi.
994 2247 1319 2340 Rogaverunttunc
1332 2244 1641 2339 quodiddicerem
1706 2275 1707 2308 1

317 2376 420 2446 Dmo.
437 2375 479 2444 D.
499 2369 669 2444 cardinali
692 2369 1002 2458 vicecancellario‚
1025 2367 1123 2464 quod
1144 2366 1234 2458 ieci3
1262 2369 1327 2442 sed
1349 2373 1471 2443 limus,
1488 2373 1533 2442 Ι).
1551 2368 1641 2442 uice·
1706 2347 1707 2432 l

316 2496 553 2570 cancellarius
587 2495 771 2592 respondit
801 2518 839 2568 se
871 2516 944 2566 non
972 2516 1079 2590 posse
1104 2492 1299 2589 quidquam
1326 2493 1422 2568 circa
1447 2495 1544 2568 hano
1570 2516 1639 2568 ram

312 2620 529 2713 deliberare.
557 2621 731 2696 Videntes
757 2618 867 2716 igitur
896 2617 1047 2715 predicti
1072 2617 1143 2690 duo
1169 2625 1345 2708 oratores,
1374 2620 1470 2716 quod
1493 2620 1545 2694 eis
1572 2641 1648 2715 non·
1706 2623 1707 2634 ’

316 2747 445 2820 dabam
468 2769 697 2843 responsum,
726 2750 959 2818 surrexerunt
988 2751 1023 2817 et
1041 2743 1228 2818 exiverunt
1252 2744 1442 2841 capellam.
1474 2749 1636 2820 Preterea

315 2870 400 2966 quia
424 2871 512 2945 socii
541 2871 627 2962 mei,
653 2871 740 2944 licet
764 2869 984 2944 camerarius
1011 2892 1085 2943 non
1107 2876 1204 2944 esset
1225 2870 1262 2943 in
1284 2869 1436 2967 capella,
1461 2870 1632 2945 dederunt

315 2996 432 3094 primo
448 2996 637 3071 incensum
653 3002 689 3070 et
704 3021 832 3094 pacem
853 2995 1056 3070 oratoribus
1075 2995 1223 3092 prelatis
1244 3019 1396 3092 quorum
1413 2995 1551 3093 primus
1566 3003 1634 3070 erat

316 3121 508 3219 episcopus
527 3120 777 3195 lascurrensis
800 3127 921 3196 orator
936 3120 1101 3210 Franoie,
1122 3127 1160 3193 et
1174 3119 1355 3194 secundus
1372 3122 1633 3217 protonotarius

316 3246 359 3319 de
377 3246 519 3319 ltledina
542 3253 664 3320 orator
685 3246 855 3343 Hispanie
876 3269 1016 3343 regum,
1036 3246 1138 3342 juxta
1158 3245 1422 3320 ordinationem
1444 3247 1507 3319 SS.
1531 3250 1573 3319 D.
1595 3248 1631 3318 N.

270 3421 272 3428 -
314 3393 406 3467 pape
422 3369 553 3444 iactam
567 3371 624 3444 die
644 3376 682 3443 tl
702 3371 837 3468 aprilis,
858 3378 964 3468 prout
984 3370 1245 3468 supradictum
1263 3377 1332 3461 est,
1357 3371 1488 3447 deinde
1502 3371 1633 3468 prelato

315 3499 359 3568 D.
370 3495 553 3592 ,Gregorio
570 3496 703 3570 oratori
720 3495 814 3593 regis
835 3499 1101 3585 Romanorum
1123 3495 1220 3570 idem
1237 3498 1280 3570 D.
1298 3495 1493 3594 Gregorius
1506 3495 1543 3568 id
1557 3515 1632 3592 egre

317 3620 396 3692 tulit
412 3628 448 3694 et
462 3620 576 3694 noluit
590 3643 718 3718 pacem
734 3621 915 3718 accipere,
930 3621 1054 3696 dicens
1066 3624 1130 3696 SS.
1149 3624 1192 3694 D.
1207 3625 1251 3696 N.
1265 3645 1377 3720 super
1387 3621 1459 3696 hoo
1470 3618 1632 3718 conqueri

314 3745 418 3820 velle.
438 3749 479 3819 D.
501 3746 719 3842 Stephanus,
746 3747 900 3820 nuncius
921 3751 962 3821 R.
988 3751 1031 3820 D.
1054 3747 1316 3845 archiepiscopi
1333 3747 1557 3822 Coloniensis
1571 3747 1632 3819 lac·

315 3877 416 3944 turus
430 3876 724 3946 eratsermonem
743 3899 750 3946 :
769 3872 1025 3970 expectabatin
1038 3873 1460 3970 aulamagnasevooari3
1480 3871 1630 3948 sedsooii

315 3997 385 4070 mei
403 3996 634 4093 quasiverunt
648 3998 766 4094 ipsum
786 4005 886 4072 extra
909 3997 1111 4071 canceNum
1132 3997 1269 4094 capeNe
1287 3995 1348 4070 ubi
1368 3993 1630 4071 sermocinaturi

315 4121 433 4196 solent
454 4129 647 4219 expectare
671 4149 679 4198 :
703 4147 810 4220 quem
835 4147 918 4198 cum
938 4147 1012 4196 nou
1036 4124 1186 4220 reperiri
1203 4123 1423 4214 retulissent,
1448 4127 1572 4196 Rmus.
1593 4124 1627 4193 D.

315 4247 506 4321 cardinalis
522 4249 727 4323 Parmensis
743 4250 945 4339 celebrans,
963 4250 1148 4346 euangelio
1164 4249 1279 4338 finito,
1302 4253 1339 4324 et
1359 4248 1629 4322 sermocinaturo

314 4373 575 4468 aliquantulum
606 4381 814 4471 expectato,
841 4375 979 4470 absque
1006 4396 1050 4449 eo
1075 4373 1173 4470 quod
1197 4376 1260 4448 SS.
1290 4378 1335 4447 Ι).
1365 4375 1408 4446 Ν.
1438 4371 1494 4445 uel
1518 4368 1629 4464 aliquis

315 4502 478 4572 nostrum
491 4496 527 4571 id
545 4497 612 4572 sibi
628 4499 883 4589 committeret,
911 4498 999 4572 dixit
1017 4498 1127 4574 Credo
1144 4527 1157 4572 .·
1173 4501 1245 4596 qu'o
1264 4499 1410 4596 incepto
1428 4504 1465 4572 et
1482 4497 1627 4592 aliquan-

316 4621 429 4697 tulum
445 4622 669 4714 continuato,
686 4623 828 4697 intravit
842 4625 1018 4722 capellam
1039 4623 1203 4722 prelatus
1219 4629 1262 4698 D.
1287 4624 1493 4721 Stephanus
1510 4640 1628 4696 sermo·

315 4771 400 4821 nem
414 4748 588 4840 lecturus,
608 4756 643 4822 et
657 4749 744 4824 licet
767 4750 910 4823 Rllmis.
934 4755 1010 4825 DD.
1034 4751 1275 4826 cardinalibus
1294 4749 1581 4827 vicecancellario
1598 4748 1625 4816 at

313 4899 343 4948 s.
362 4874 473 4950 llarci
487 4875 674 4949 videbatur
688 4876 785 4974 quod
798 4883 880 4972 post
903 4875 1016 4950 Credo
1038 4877 1094 4951 vel
1116 4883 1198 4974 post
1219 4875 1368 4951 missam
1389 4872 1623 4956 sermotiem,

315 5011 436 5077 tamen
467 5006 531 5076 SS.
558 5007 601 5076 D.
630 5007 671 5078 N.
698 5003 878 5076 mandavit
906 5025 980 5076 non
1010 5002 1087 5075 fieri
1118 5009 1154 5075 et
1177 5001 1279 5074 illum
1303 5001 1494 5092 licentiori,
1520 4998 1624 5070 dicens

315 5127 382 5202 sibi
408 5151 481 5201 uon
503 5129 613 5204 videri
644 5129 742 5227 quod
774 5127 863 5201 ordo
894 5127 1031 5224 capelle
1059 5127 1214 5225 perverti
1236 5127 1389 5220 debeat3
1418 5129 1469 5203 sic
1493 5126 1548 5200 ille
1574 5142 1622 5192 re·
