3578 6032
741 337 954 396 APPENDICE.
1465 346 1519 401 565

184 489 285 547 natus
302 487 547 550 obuersaretur.
566 491 610 551 lta
627 495 778 570 uterque,
804 493 950 554 certatim
975 493 1041 555 vim
1065 491 1170 556 facere
1191 494 1362 559 affectibus
1388 499 1468 573 suiS,
1485 517 1522 562 ac

184 583 396 647 dissimulare
409 587 566 664 pietatem
581 589 712 666 pietatis
729 589 838 652 studio
851 590 1030 652 nitebatur.
1046 595 1085 654 Ut
1099 598 1209 656 autem
1221 593 1418 656 Laurentius
1431 598 1521 660 evita

182 681 339 757 decessit,
360 683 421 745 dici
441 686 494 746 vix
515 689 635 764 potest,
653 692 775 766 quanta
792 692 824 748 et
839 688 1057 764 humanitate,
1074 695 1107 751 et
1121 693 1286 770 grauitate
1301 693 1390 754 ciues
1404 710 1521 756 omnes

182 796 264 840 suos
280 781 395 842 Petrus
409 787 532 859 noster,
549 786 591 846 ad
608 802 643 846 se
659 787 792 848 domum
812 787 1015 850 confluentes
1040 791 1215 866 exceperit,
1241 807 1340 870 quam
1361 796 1393 854 et
1414 809 1519 872 appo·
1617 863 1619 867 ,

181 878 256 952 sile,
273 882 305 939 et
318 881 407 942 varie
427 885 459 942 et
471 881 591 943 blande
607 884 705 944 etiam
720 884 908 946 dolentibus
924 885 1250 968 consolantibusque‚
1272 907 1330 967 pro
1350 893 1511 968 tempore,

181 991 346 1055 suamque
370 995 505 1056 operam
530 981 760 1058 pollicentibus
787 983 1005 1061 responderit.
1019 976 1187 1062 'Quantam
1213 986 1341 1062 deinde,
1363 992 1395 1048 el
1416 1004 1517 1066 quam

180 1074 339 1136 solertem
351 1077 397 1137 rei
413 1078 664 1141 constituendae
678 1078 830 1142 familiari
848 1097 961 1143 curam
980 1083 1188 1160 impenderit,
1205 1089 1241 1146 ut
1256 1086 1518 1150 necessitudines

180 1187 262 1232 suas
278 1173 406 1234 omneis
421 1175 622 1254 grauissimo
644 1194 722 1240 casu
744 1179 915 1257 perculsas
932 1180 1126 1256 subleuarit‚
1142 1185 1179 1243 tu
1193 1182 1245 1245 vel
1259 1183 1518 1257 minutissimum

178 1285 347 1348 quemque
367 1288 407 1332 ex
429 1271 646 1336 familiaribus
667 1275 842 1353 deiectum,
865 1276 1136 1358 diffidentemque
1159 1281 1220 1343 sibi
1243 1280 1394 1344 aduersis
1414 1282 1516 1344 rebus

178 1367 360 1448 collegerit,
377 1371 528 1446 erexerit,
557 1373 766 1451 animauerit,
792 1379 828 1437 ut
848 1375 882 1436 in
906 1375 1059 1438 obeunda
1083 1393 1215 1456 quoque
1237 1379 1414 1458 Republica
1435 1380 1518 1442 nulli

177 1481 340 1545 unquam,
366 1472 425 1530 aut
445 1468 528 1545 loco,
549 1475 606 1533 aut
628 1473 778 1550 tempori,
803 1477 859 1534 aut
884 1474 1026 1550 muneri,
1048 1479 1105 1536 aut
1119 1475 1244 1537 homini
1260 1474 1411 1552 defuerit,
1425 1476 1516 1539 nulla

179 1563 325 1642 denique
337 1565 370 1626 in
384 1571 477 1643 parte
490 1569 682 1632 cessauerit.
700 1570 750 1632 Sic
769 1575 805 1632 ut
830 1587 902 1632 eam
924 1571 1023 1650 plane
1045 1571 1206 1635 institisse
1221 1573 1287 1636 iam
1302 1573 1399 1648 viam,
1416 1579 1516 1654 atque

177 1663 222 1722 ita
236 1663 336 1740 pleno
351 1665 458 1744 gradu
472 1665 535 1728 iter
549 1667 721 1747 ingressus
736 1668 897 1744 videatur,
921 1669 1015 1732 breui
1036 1674 1072 1732 ut
1089 1676 1224 1748 putetur
1247 1677 1417 1750 parantem
1430 1690 1515 1752 quo·

176 1775 242 1837 que
257 1761 368 1839 ipsum
382 1764 530 1844 vestigiis
543 1771 792 1830 consecuturus.
808 1770 854 1830 De
872 1768 987 1830 funere
1002 1773 1113 1831 autem
1129 1770 1210 1831 nihil
1226 1775 1277 1832 est
1291 1768 1381 1850 quod
1395 1769 1513 1834 dicam.

175 1861 320 1922 Tantum
334 1860 378 1923 ad
389 1863 444 1924 aui
460 1864 647 1942 exemplum
663 1882 702 1926 ex
715 1868 917 1945 praescripto
939 1867 1141 1929 celebratum
1157 1872 1218 1943 est,
1236 1868 1515 1947 quemadmodum

175 1957 260 2036 ipse,
285 1963 322 2020 ut
340 1959 418 2033 dixi,
443 1961 588 2024 moriens
614 1962 842 2026 mandauerat.
869 1967 948 2027 Tam
973 1981 1095 2046 magno
1120 1970 1231 2028 antem
1254 1969 1361 2028 omnis
1382 1968 1515 2048 generis

179 2061 371 2121 mortalium
384 2077 557 2139 concursu,
574 2077 674 2141 quam
689 2079 847 2142 magnum
864 2080 1044 2142 numquam
1056 2068 1153 2126 antea
1166 2065 1426 2126 meminerimus.
1442 2066 1516 2127 Pro·

176 2161 266 2242 digia
282 2176 360 2222 vero
382 2165 524 2222 mortem
547 2159 649 2222 ferme
672 2161 753 2222 haec
778 2166 1036 2237 antecesserunt,
1064 2179 1266 2243 quamquam
1290 2163 1354 2225 alia
1379 2179 1514 2242 quoque

173 2259 277 2338 uulgo
290 2258 455 2320 feruntur.
472 2258 573 2320 Nonis
586 2259 758 2337 aprilibus,
775 2259 853 2320 bora
872 2257 973 2322 ferme
996 2260 1060 2322 diei
1081 2261 1187 2335 tertia,
1209 2261 1317 2322 triduo
1333 2265 1512 2338 antequam

173 2358 319 2420 animam
336 2355 437 2418 edidit
450 2358 656 2433 Laurentius
677 2357 805 2432 mulier,
821 2359 931 2419 nescio
944 2374 1040 2435 quae,
1057 2359 1135 2420 dum
1146 2359 1179 2420 in
1191 2359 1273 2420 aede
1287 2374 1378 2420 sacra
1391 2359 1511 2420 Mariae

174 2456 342 2530 Novellae,
359 2472 445 2534 quae
462 2455 591 2526 dicitur,
618 2455 839 2518 declamitanti
860 2473 877 2518 e
896 2456 1021 2535 pulpito
1037 2456 1094 2518 dat
1115 2473 1261 2534 operam,
1278 2461 1415 2535 repente
1427 2457 1513 2518 inter

172 2551 356 2616 confertam
381 2555 493 2632 populi
516 2554 761 2617 multitudinem
790 2553 1001 2632 expauefacta
1026 2559 1303 2634 consternataque
1328 2556 1510 2635 consurgit,

172 2653 412 2734 lympttatoque
435 2658 595 2728 cursu,.et
611 2651 760 2716 terrificis
783 2653 993 2728 clamoribus,
1012 2676 1027 2710 «
1045 2656 1132 2718 Heus
1152 2653 1247 2729 heus,
1268 2654 1386 2732 inquit,
1407 2653 1511 2730 ciues,

172 2768 217 2814 an
231 2752 321 2814 hunc
334 2768 402 2814 non
417 2752 548 2813 cernitis
562 2750 774 2815 ferocientem
786 2757 929 2825 taurum,
947 2753 1004 2830 qui
1018 2752 1179 2830 templum
1200 2752 1262 2813 hoc
1280 2751 1399 2832 ingens
1415 2751 1510 2814 ilam-

172 2852 273 2914 matis
288 2850 444 2915 eornibus
459 2850 502 2912 ad
517 2855 640 2912 terram
656 2848 782 2912 delicitt
798 2873 812 2906 ι
828 2850 934 2912 Prima
954 2865 1051 2929 porro
1071 2849 1194 2928 vigilia,
1216 2867 1291 2911 cum
1312 2850 1440 2912 caelum
1451 2865 1512 2910 nu-

171 2948 272 3012 bibus
285 2948 326 3010 de
341 2949 522 3028 improuiso
537 2947 737 3024 foedaretur,
754 2949 909 3010 continuo
929 2947 1084 3010 Basilicas
1109 2947 1214 3026 ipsius
1232 2948 1397 3011 maximae
1422 2945 1511 3009 fasti·

170 3047 280 3127 glum,
312 3047 401 3125 quod
427 3064 527 3126 opere
555 3048 639 3110 miro
670 3047 873 3126 singularem
905 3051 972 3108 toto
1005 3051 1168 3108 terrarum
1198 3047 1277 3108 orbe
1310 3045 1510 3108 testudinem

172 3145 409 3224 supereminet,
427 3150 550 3208 tactum
573 3146 614 3208 de
638 3145 728 3207 caelo
753 3149 815 3222 est,
840 3145 884 3207 ita
905 3149 941 3206 ut
961 3148 1075 3206 vastae
1090 3145 1266 3222 quaepiam
1282 3143 1509 3205 deiecerentur

172 3243 291 3318 moleS,
308 3248 408 3322 atque
420 3245 453 3308 in
467 3261 541 3307 eam
556 3243 768 3323 potissimum
784 3249 922 3322 partem,
935 3259 999 3322 qua
1012 3243 1156 3305 Medicae
1166 3240 1506 3316 conuisunturaedeS,

170 3343 202 3406 vi
215 3341 360 3420 quadam
374 3343 550 3417 horrenda,
567 3347 600 3404 et
613 3343 750 3420 impetu,
776 3358 941 3404 marmora
961 3341 1119 3404 immania
1136 3343 1379 3418 torquerentur.
1395 3339 1430 3399 ln
1442 3353 1507 3416 quo

170 3440 254 3505 illud
269 3441 368 3502 etiam
384 3443 546 3519 praescito
560 3457 626 3502 non
643 3442 759 3516 caruit,
778 3439 866 3519 quod
886 3439 1036 3501 inaurata
1052 3455 1118 3500 una
1134 3439 1211 3516 pila,
1229 3437 1344 3516 quales
1356 3437 1507 3514 aliaeque

169 3539 204 3604 in
220 3537 339 3600 eodem
351 3537 484 3619 fastigio
498 3539 755 3618 conspiciuntur,
770 3555 910 3600 excussa
921 3537 1058 3598 fulmine
1071 3541 1132 3610 est,
1149 3552 1191 3598 ne
1204 3551 1270 3598 non
1286 3552 1326 3597 ex
1339 3535 1410 3612 ipso
1427 3550 1507 3612 quo·

169 3653 236 3715 que
249 3637 373 3716 insigni
393 3639 562 3716 proprium
582 3639 654 3700 eius
678 3637 820 3699 familiae
842 3637 1074 3700 detrimentum
1099 3634 1360 3714 portenderetur.
1383 3633 1447 3695 Sed
1471 3637 1504 3694 et

169 3735 252 3800 illud
278 3736 505 3811 memorabile,
531 3737 620 3815 quod
642 3741 678 3798 ut
699 3737 841 3815 primum
864 3735 1024 3809 detonuit,
1052 3735 1162 3796 statim
1186 3748 1319 3813 quoquc
1344 3731 1505 3793 serenitas

168 3833 310 3896 reddita.
329 3835 398 3911 Qua
414 3840 525 3898 autem
540 3841 635 3897 nocte
656 3836 736 3897 obiit
753 3835 959 3910 Laurentius,
977 3833 1072 3896 stella
1088 3833 1186 3895 solito
1201 3832 1328 3906 clarior,
1353 3846 1390 3891 ac
1409 3845 1506 3908 gran-

168 3935 253 4006 dior,
271 3933 464 3996 suburbano
484 3934 670 4009 imminens,
693 3935 727 3994 in
747 3950 832 4012 quos
851 3933 998 3994 animam
1017 3933 1149 4011 agebat,
1172 3931 1227 3991 illo
1250 3930 1323 4008 ipso
1348 3927 1506 4006 temporis

167 4034 307 4096 articulo
321 4033 482 4105 decidere,
500 4033 714 4113 extinguique
729 4032 811 4104 visa,
829 4047 894 4109 quo
910 4035 1114 4108 compertum
1132 4026 1250 4089 deinde
1270 4031 1321 4088 est
1341 4041 1417 4087 eum
1439 4025 1505 4086 vita

167 4132 386 4212 demigrasse.
403 4131 487 4208 Quin
503 4132 688 4193 excurrisse
701 4131 800 4192 etiam
813 4128 901 4190 faces
919 4128 1069 4190 trinoctio
1084 4129 1244 4203 perpetuo
1259 4123 1300 4185 de
1314 4121 1504 4184 Faesulanis

167 4231 351 4304 montibus,
369 4247 537 4310 supraque
551 4231 585 4292 id
600 4229 772 4308 templum,
796 4244 862 4307 quo
884 4226 1043 4304 reliquiae
1067 4224 1254 4286 conduntur
1268 4222 1411 4285 ltledicae
1426 4237 1504 4301 gen·

167 4329 223 4396 tis.
240 4329 437 4392 scintillasse
450 4327 610 4402 nonnihil,
629 4343 771 4405 moxque
791 4321 969 4386 euanuisse
994 4321 1152 4384 feruntur.
1170 4319 1273 4396 Quid?
1288 4320 1377 4399 quod
1390 4323 1422 4381 et
1435 4318 1508 4381 leo·-

167 4445 250 4491 num
263 4445 396 4508 quoque
410 4427 654 4490 nobilissimum
666 4442 735 4504 par,
753 4425 823 4502 ipsa
840 4439 905 4502 qua
918 4422 1047 4501 publice
1062 4419 1271 4482 continentur
1284 4433 1396 4491 cauea,
1412 4417 1502 4478 sicin

167 4543 319 4608 pugnam
333 4527 484 4589 ferociter
498 4525 671 4598 concurrit,
687 4529 724 4585 ut
738 4525 821 4585 alter
835 4523 979 4601 pessime
994 4523 1159 4597 acceptus,
1172 4517 1253 4578 alter
1268 4516 1367 4576 etiam
1380 4513 1445 4575 leto
1462 4513 1504 4574 sit

167 4627 280 4688 datus.
301 4625 419 4688 Arretii
435 4640 567 4703 quoque
583 4638 684 4700 snpra
699 4637 807 4684 arcem
828 4621 946 4698 ipsam,
968 4619 1121 4699 geminae
1143 4615 1261 4694 perdiu
1275 4613 1398 4676 arsisse
1413 4611 1504 4673 ilam-

168 4741 256 4798 mae,
273 4724 368 4802 quasi
381 4724 533 4786 Castores
548 4721 709 4796 feruntur,
730 4737 767 4782 ac
783 4720 861 4798 lupa
881 4717 1061 4780 identidem
1082 4714 1144 4777 sub
1167 4711 1341 4775 moenibus
1357 4709 1505 4771 ululatus

168 4821 331 4885 terrificos
352 4821 509 4884 edidisse.
526 4820 666 4896 Quidam
682 4819 764 4880 illud
782 4819 881 4879 etiam
895 4819 944 4892 (ut
959 4819 1036 4878 sunl
1051 4810 1196 4894 ingenia)
1214 4827 1272 4889 pro
1291 4813 1440 4870 monstro
1453 4807 1504 4880 in-

167 4923 405 4999 terpretantur,
423 4919 512 4998 quod
532 4917 828 4980 excellentissimus
854 4914 909 4996 (ita
934 4914 1022 4975 enim
1047 4912 1243 4984 habebatur)
1264 4906 1364 4969 buius
1386 4905 1505 4967 aetatis

166 5019 330 5096 medicus,
347 5017 481 5098 quando
498 5033 553 5080 ars
565 5033 641 5080 eum
662 5014 890 5095 praescitaque
905 5010 1098 5086 fefellerant,
1113 5010 1261 5071 animum
1278 5006 1504 5088 desponderit,
