3496 6056
69 487 176 552 [tuillet
191 488 265 552 14⁸5]
378 577 380 583 Ι
412 483 538 542 RERUM
563 484 791 546 URBANARUM
815 485 1079 550 COMMENTAHH.
1361 491 1414 550 uu

66 639 358 716 Mediolanensis
386 645 422 714 et
453 638 694 714 Ferrariensis
727 641 878 733 ducum,
906 647 950 717 27
978 643 1114 718 mensis
1138 644 1223 718 maii
1249 645 1411 743 proxime

66 766 237 865 preteriti
254 765 406 864 recepti,
425 765 556 840 diutius
576 765 760 863 publicum
782 767 1036 842 consistorium
1053 775 1202 867 propter
1220 775 1361 868 pestem
1376 771 1413 844 in

67 893 165 966 t'rbe
180 892 372 990 ingentem
389 896 582 988 expectare
600 891 780 983 nolentes,
802 892 959 967 maxime
983 917 1065 968 cum
1087 895 1248 992 pontifex
1266 902 1414 994 propter
1554 993 1555 998 Ἰ

65 1017 324 1092 infirmitatem
345 1017 382 1091 in
403 1015 588 1115 publicum
607 1017 729 1091 venire
751 1042 824 1092 non
846 1025 983 1116 posset,
1006 1019 1249 1094 obedientiam
1272 1021 1412 1096 solitam
1469 1082 1470 1090 ,

68 1151 105 1218 et
121 1151 344 1218 consuetam
360 1141 594 1241 prestiterunt
609 1142 724 1216 tribus
740 1143 974 1236 orationibus,
992 1168 1143 1242 quarum
1158 1145 1311 1242 primam
1327 1147 1414 1222 lecit

70 1277 202 1344 orator
221 1273 401 1359 Venetus,
433 1267 628 1342 secundam
656 1273 776 1342 orator
797 1268 1089 1360 mediolanensis,
1116 1270 1260 1346 tertiam
1290 1281 1415 1346 orator

72 1395 328 1470 Ferrariensis
344 1394 420 1470 sine
433 1392 663 1484 intermedio,
674 1391 816 1490 aliquali
828 1418 939 1491 pausa
950 1397 1109 1495 dempta.
1122 1398 1242 1472 Tertia
1252 1399 1415 1473 oratione

73 1520 190 1610 lacta,
221 1520 287 1594 SS.
308 1520 350 1590 [l.
379 1521 427 1592 N.
458 1516 556 1592 brevi
580 1516 743 1592 oratione
770 1519 955 1616 respondit
977 1521 1144 1596 omnibus
1169 1521 1205 1595 in
1230 1522 1415 1598 communi

68 1653 105 1719 et
122 1648 360 1719 recesserunt
380 1666 520 1717 omnes

124 1771 238 1846 Feria
253 1775 393 1866 quarta,
413 1773 458 1844 29
474 1769 612 1843 mensis
624 1769 732 1866 junii,
749 1769 869 1866 vigilia
881 1773 1125 1869 apostolorum
1138 1774 1234 1848 Petri
1250 1780 1286 1849 et
1301 1773 1414 1862 Pauli,

71 1899 230 1972 luerunt
254 1916 403 1991 vespere
434 1893 581 1990 papales
610 1892 647 1966 in
668 1893 815 1968 basilica
841 1895 1014 1995 principis
1038 1899 1296 1996 apostolorum,
1322 1903 1419 1996 Papa

74 2024 251 2112 absente,
284 2018 521 2093 cardinalibus
545 2019 787 2117 presentibus.
814 2024 945 2095 Rmus.
973 2026 1014 2097 ll.
1044 2023 1234 2099 cardinalis
1255 2025 1420 2122 Andaga·

77 2147 206 2221 vensis
225 2145 312 2219 lecit
331 2144 503 2234 officium,
522 2145 583 2240 qui
607 2150 642 2218 et
665 2145 723 2219 die
739 2147 919 2242 sequenti,
938 2147 1031 2222 sesto
1052 2148 1218 2223 videlieet
1241 2150 1420 2224 dictorum

77 2271 348 2371 apostolorum,
380 2269 514 2344 ibidem
543 2270 737 2345 celebravit
765 2270 913 2345 missam
944 2273 1158 2365 solemnem,
1185 2277 1283 2372 Papa
1311 2273 1419 2348 etiam

82 2396 257 2485 absente,
267 2393 507 2470 cardinalibus
518 2395 760 2492 presentibus,
772 2401 808 2470 et
818 2420 891 2470 non
906 2397 971 2472 luit
986 2422 1119 2474 senno.
1134 2399 1212 2474 Alia
1222 2406 1303 2474 sunt
1318 2423 1420 2474 more

81 2521 195 2596 solito
212 2521 413 2595 observata.

135 2647 311 2736 Sabbato,
325 2650 346 2718 2
362 2645 497 2719 mensis
509 2645 602 2742 julii,
617 2647 710 2722 leste
721 2646 932 2722 visitationis
947 2647 1051 2725 beate
1060 2649 1172 2725 Maria
1182 2651 1343 2748 virginis,
1356 2655 1422 2727 SS.

81 2779 129 2848 D.
149 2776 212 2862 Ν.,
229 2777 375 2869 paratus
393 2771 541 2862 amictu,
558 2773 652 2866 alba,
671 2773 829 2871 cingulo,
848 2773 939 2848 stola
958 2783 995 2850 et
1013 2777 1227 2874 capuccino,
1249 2777 1423 2874 equitavit

85 2903 157 2976 sub
173 2897 314 2998 capello
332 2899 377 2972 de
400 2897 604 2973 cremesino
625 2900 669 2973 de
684 2899 817 2997 palatio
833 2899 1030 2998 apostolico
1044 2901 1090 2974 ad
1105 2901 1297 2975 ecclesiam
1316 2900 1422 2976 beate

85 3026 205 3102 blarie
225 3024 271 3098 de
288 3023 438 3121 Populo,
459 3047 567 3100 cruce
583 3029 619 3098 et
634 3025 873 3100 cardinalibus
888 3025 1005 3122 ipsum
1021 3024 1312 3122 precedentibus,
1330 3025 1425 3099 lacta

86 3177 155 3251 per
165 3151 287 3250 ipsum
303 3149 465 3224 oratione
476 3155 559 3225 ante
572 3149 698 3224 altare.
712 3149 971 3240 cubicularius
985 3148 1132 3222 missam
1145 3149 1317 3239 dicturus,
1327 3149 1426 3223 venit

88 3275 333 3353 adsinistram
344 3273 1425 3372 PapepostdiaconumasinistrisPapeassistentem,etcum

88 3401 264 3502 pontifice
279 3400 367 3475 dixit
380 3399 659 3491 confessionem,
674 3402 805 3476 deinde
818 3402 966 3476 missam
981 3421 1083 3473 more
1095 3397 1213 3472 solite.
1227 3399 1268 3472 Ei
1284 3399 1427 3473 servivit

90 3529 182 3608 alius
199 3525 441 3602 cubicularius
461 3525 712 3625 superpellicio
729 3532 867 3602 tantum
882 3526 1040 3600 indutus.
1063 3526 1162 3620 Papa
1176 3514 1426 3620 genuflexit'in

96 3650 311 3742 faldistorio,
348 3656 430 3725 ante
461 3649 622 3724 medium
654 3649 776 3725 altaris
810 3657 846 3724 et
873 3649 1038 3723 infimum
1062 3647 1155 3722 illius
1181 3649 1331 3745 gradum
1361 3648 1427 3722 sibi

95 3783 220 3876 parato
240 3805 247 3850 :
267 3780 401 3874 etpost
426 3799 511 3850 eum
532 3775 603 3850 duo
626 3775 768 3850 diaconi
789 3774 1001 3865 cardinales,
1024 3773 1105 3864 sibi,
1124 3779 1163 3846 ut
1186 3773 1298 3870 prius,
1323 3772 1429 3846 assis-

97 3910 233 3992 tentes;
251 3909 333 4000 post
354 3901 447 3994 illos,
469 3901 556 3974 hine
581 3907 617 3975 et
636 3901 733 3994 inde,
756 3900 922 3976 videlicet
942 3899 1114 3974 adextris
1135 3903 1230 3995 Papa
1250 3897 1429 3996 genuflexi

99 4027 260 4127 episcopi
276 4026 539 4126 etpresbyteri,
557 4049 578 4100 a
594 4025 746 4100 sinistris
762 4025 903 4101 diaconi
919 4024 1135 4100 cardinales.

142 4154 262 4229 Finito
286 4152 486 4249 evangelie,
520 4151 711 4225 cardinalis
748 4151 1018 4250 Neapolitanus,
1048 4152 1147 4250 prior
1177 4151 1427 4242 cardinalium,

103 4287 248 4378 propter
261 4277 385 4352 vicarii
399 4283 486 4352 tunc
501 4276 713 4367 absentiam,
737 4284 888 4375 accepto
903 4278 995 4352 libro
1010 4277 1144 4352 missali
1160 4278 1204 4351 de
1221 4283 1329 4352 manu
1346 4276 1431 4351 dicti

107 4401 313 4479 cubicularii
328 4403 365 4476 in
384 4401 496 4476 missa
515 4400 702 4476 servientis
720 4403 824 4501 juxta
843 4401 925 4478 dicti
946 4401 1068 4476 altaris
1090 4401 1255 4475 infimum
1280 4401 1432 4498 gradum

111 4529 173 4602 sibi
187 4535 370 4627 porrecto,
385 4527 485 4601 illum
499 4525 905 4624 pontificiosculandum
915 4527 1093 4624 porrexit3
1108 4526 1237 4600 obtulit
1246 4531 1321 4600 tum
1331 4525 1431 4599 illum

111 4653 145 4726 in
159 4654 287 4728 eodem
301 4652 382 4727 loco
398 4651 562 4751 predicto
578 4651 759 4743 servienti,
774 4651 938 4741 restituit,
954 4650 1049 4724 dicta
1060 4650 1221 4725 oratione
1241 4649 1430 4740 :Domina

110 4777 192 4852 Jeru
207 4779 359 4870 Christe,
377 4790 440 4852 etc.
457 4777 557 4852 ldem
573 4777 764 4852 cardinalis
779 4776 1047 4875 Neapolitanus,
1065 4782 1248 4874 acceptae
1264 4775 1431 4850 manibus

109 4905 254 5000 predicti
269 4903 479 4978 cubicularii
495 4903 682 4978 servientis
695 4902 790 5000 apud
806 4903 956 5000 gradum
971 4901 1173 5000 predictum
1188 4900 1288 4998 pacis
1304 4899 1436 4974 instru-

112 5037 239 5122 mento,
277 5029 363 5102 illud
393 5028 555 5127 pontifici
590 5028 734 5103 tradidit
764 5027 1012 5118 osculandum,
1041 5026 1139 5123 quod
1166 5033 1234 5124 ego
1261 5024 1391 5100 deinde
1416 5047 1437 5098 a

114 5154 269 5229 manibus
286 5155 449 5252 ejusdem
466 5153 657 5230 cardinalis
676 5153 873 5250 accipiens,
891 5152 986 5227 dicto
1008 5151 1179 5228 cardinali
1201 5150 1436 5247 Neapolitano
