3424 6038
75 447 200 512 1111111111)
389 446 515 504 RERUM
538 444 766 502 URBANAHUM
790 443 1052 501 COMMENTAllll.
1334 445 1388 498 257

71 604 108 676 ad
129 601 298 700 palatium
317 602 414 699 apud
434 627 463 676 s.
481 606 629 675 Petrum
646 599 839 697 equitando
860 598 1024 673 breviore
1040 596 1096 669 via
1117 619 1240 670 versus
1258 597 1389 672 Miner-

70 752 138 802 vam
169 725 361 798 rotundam
386 733 469 800 ante
498 725 694 823 hospitium
723 725 817 797 della
845 727 989 813 Gerasa,
1017 722 1166 794 domum
1195 721 1389 796 cardinalis

70 851 354 942 llediolanensis,
378 849 509 926 deinde
534 859 670 925 rectam
690 849 784 922 viam
804 871 929 922 versus
954 871 984 918 s.
1002 847 1160 920 Celsum.
1183 845 1388 920 cardinales

70 977 283 1052 associarunt
297 1000 381 1052 eum
398 976 491 1050 intra
506 975 679 1073 palatium
696 998 808 1070 usque
829 975 874 1046 ad
893 974 1014 1047 locum
1030 972 1089 1045 ubi
1107 972 1173 1069 ipsi
1189 971 1389 1044 cardinales

68 1103 280 1178 descendere
305 1102 424 1176 solent
449 1102 494 1176 de
518 1101 633 1198 aquia,
665 1100 739 1190 uhi,
770 1101 852 1172 data
872 1099 959 1194 ipsis
986 1121 1050 1195 per
1075 1101 1207 1194 Papam
1228 1096 1387 1189 licentia,

70 1233 302 1304 recesserunt.

111 1353 211 1428 Feria
233 1353 355 1444 tertia,
373 1359 394 1428 8
411 1353 546 1428 mensis
561 1353 660 1443 maii,
676 1353 767 1426 hora
787 1377 834 1426 xx
852 1351 908 1427 vel
927 1351 1036 1442 circa,
1058 1373 1124 1450 per
1138 1357 1280 1446 portem
1295 1355 1391 1430 Viri-

71 1479 150 1554 darii
164 1479 347 1554 intrarunt
363 1479 491 1554 decem
507 1485 668 1554 oratores
681 1477 903 1554 serenissimi
922 1477 1017 1575 regis
1032 1477 1160 1576 Anglie
1177 1477 1222 1577 (1)
1234 1501 1241 1566 ;
1254 1477 1391 1575 primus

72 1611 139 1678 erat
153 1609 195 1678 R.
214 1609 254 1678 P.
275 1609 319 1680 [t.
337 1605 493 1680 Thomas
509 1604 701 1703 episcopus
715 1605 996 1695 Herlordiensis,
1014 1606 1193 1682 secundus
1207 1603 1391 1678 lohannes

73 1731 258 1826 episcopus
284 1729 552 1822 Dunelmensis,
576 1730 702 1806 tertius
721 1731 905 1806 lohannes
926 1731 1117 1829 episcopus
1138 1729 1390 1819 Lisuiorensis,

71 1863 210 1951 quartus
228 1859 273 1930 Ν.
296 1855 395 1952 prior
415 1881 444 1928 s.
468 1855 641 1930 lobannis
664 1855 979 1955 Hierosolymitani
1001 1863 1245 1930 extramuros
1266 1853 1394 1928 Londi-

72 2005 208 2070 nenses,
241 1981 388 2078 quintus
417 1981 626 2056 Guillelmus
654 1981 753 2078 prior
778 1981 931 2058 ecclesie
960 1981 1229 2056 cantuariensis
1258 1981 1394 2056 ordinis

73 2129 98 2174 s.
115 2103 314 2196 Benedicti,
331 2103 392 2202 qui
408 2128 452 2178 ex
472 2105 657 2202 privilegio
679 2105 785 2180 mitra
802 2111 838 2180 et
857 2105 934 2178 aliis
949 2106 1215 2204 pontificalibus
1231 2105 1394 2204 insigniis

74 2228 187 2320 utitur,
217 2229 490 2327 ascenduntque
521 2230 658 2304 fructus
691 2231 871 2330 prioratus
897 2231 953 2303 sui
987 2231 1033 2305 ad
1056 2232 1204 2305 ducatos
1224 2255 1274 2305 vn
1298 2231 1397 2304 milia

74 2354 104 2425 in
138 2354 248 2446 circa,
293 2361 333 2427 ut
361 2355 512 2445 dieitur;
544 2361 666 2430 sextus
699 2355 873 2429 diaeonus
908 2356 1062 2432 ecclesie
1101 2356 1393 2449 SalisburiensiS,

75 2482 241 2577 septimus
267 2479 567 2578 turchopellerius
586 2481 690 2556 miles
706 2505 736 2554 s.
753 2481 927 2556 lobannis
948 2481 1278 2581 Hierosolymitani,
1296 2489 1397 2558 octa-

76 2615 179 2679 auset
194 2627 316 2678 nonus
332 2603 404 2678 duo
419 2603 549 2678 milites
563 2603 658 2686 laici.
671 2613 706 2679 et
721 2606 884 2682 decimus
896 2611 973 2704 Ugo
987 2607 1171 2707 Spaldyng
1186 2615 1305 2683 rector
1319 2633 1398 2707 par-

79 2733 241 2808 rochialis
265 2731 417 2808 ecclesie
442 2732 487 2806 de
510 2731 724 2829 Coninglton
741 2733 977 2808 Eboraoensis
1000 2732 1167 2824 diocesis,
1184 2733 1243 2830 qui
1262 2735 1396 2832 recepti

77 2855 212 2930 luerunt
226 2854 455 2953 perlamihas
467 2859 684 2930 RRmornm.
699 2861 775 2932 oo.
787 2857 1037 2966 cardinalium,
1049 2864 1085 2932 et
1097 2861 1159 2932 SS.
1175 2862 1217 2932 D.
1232 2862 1274 2932 N.
1290 2883 1396 2956 pepe,

78 2987 108 3052 et
129 2979 297 3056 associati
331 3003 396 3078 per
425 3003 593 3079 campum
620 2983 723 3059 Flore
749 3009 815 3082 per
843 2984 934 3058 viam
957 2987 1094 3074 Grottc,
1125 2982 1310 3058 redeundo
1335 3006 1400 3081 per

78 3103 217 3178 domum
234 3105 429 3180 cardinalis
443 3104 713 3203 studegavensis
726 3132 841 3205 usque
852 3108 947 3182 ultra
955 3107 1133 3205 hospitale
1149 3107 1397 3204 Anglicorum,

78 3230 117 3302 ad
150 3230 347 3327 quamdam
377 3231 526 3304 domum
562 3231 710 3324 ibidem,
742 3232 779 3306 in
807 3255 878 3329 qua
910 3232 1100 3330 episcopus
1135 3229 1399 3304 Herlordiensis

77 3353 202 3448 primus
226 3362 350 3431 orator
371 3354 573 3452 hospitatus
599 3363 672 3448 est;
704 3356 777 3450 ubi,
807 3357 948 3431 amissis
971 3363 1054 3431 ante
1075 3356 1207 3431 ostium
1231 3355 1399 3430 omnihus

77 3479 193 3554 decem
227 3480 446 3570 oratoribus,
477 3503 604 3556 omnes
634 3482 762 3580 prelati
792 3489 828 3558 et
865 3483 999 3556 lamilic
1035 3489 1265 3558 recesserunt
1297 3505 1399 3558 more

78 3613 256 3682 consueto.
286 3605 423 3681 Deinde
457 3613 633 3700 oratores,
656 3632 700 3683 ex
723 3609 894 3708 predictis
921 3611 1072 3700 decem,
1089 3608 1149 3705 qui
1174 3608 1210 3682 in
1239 3607 1402 3707 predicta

112 3789 134 3847 1.
152 3793 240 3867 Api-es
264 3791 291 3850 la
313 3799 386 3850 mort
408 3792 442 3848 de
463 3791 584 3850 Richard
597 3793 635 3850 111
654 3797 671 3850 e
690 3795 715 3851 11
733 3794 1400 3871 1111118118111111111181811(2211111485),

82 3877 164 3955 lleury
177 3882 229 3940 Vll
243 3882 346 3940 resciat
367 3881 517 3940 d’eteindrc
531 3887 548 3940 a
562 3883 658 3956 jamnis
674 3883 715 3940 les
735 3885 909 3942 dissensione
923 3885 973 3944 dee
991 3886 1113 3944 maisons
1127 3886 1229 3944 d’York
1240 3891 1268 3942 et
1281 3885 1316 3941 de
1330 3884 1402 3940 Lan-

82 3975 161 4028 eastre
175 3989 225 4046 par
237 3989 288 4029 sou
299 3971 420 4046 mariage
434 3989 500 4029 arec
516 3989 548 4030 sa
566 3971 679 4030 cousine
694 3961 845 4044 Elisabeth,
862 3975 916 4033 fille
929 3965 1085 4034 d'lldouard
1094 3975 1141 4034 IV.
1155 3976 1175 4032 ll
1188 3973 1272 4032 lalluit
1282 3991 1335 4031 une
1350 3971 1404 4030 dis·

83 4071 158 4126 pense
180 4061 361 4134 qu'lnnocent
384 4061 447 4118 Vlll
471 4062 586 4119 necorde
609 4079 674 4120 eane
700 4063 840 4120 dildculte.
862 4064 901 4120 La
920 4065 1071 4122 ceremonia
1096 4064 1218 4138 nuptiale
1239 4069 1286 4120 eut
1302 4062 1355 4118 lieu
1379 4061 1404 4118 le

84 4145 402 4222 18)1111811486,111
422 4157 492 4209 cette
513 4151 650 4221 occasion,
666 4153 799 4210 lnnoceut
819 4151 883 4208 Vlll
908 4169 1015 4226 envoya
1037 4170 1072 4210 en
1093 4152 1254 4225 engleterre
1275 4150 1403 4207 Giacomo

84 4233 218 4294 Passaretli
238 4239 313 4314 (roy.
334 4237 452 4313 Ughclli,
472 4245 503 4308 t.
516 4239 551 4306 ll,
570 4241 620 4296 col.
642 4238 716 4312 436).
741 4241 794 4298 Ρ11
817 4239 918 4315 l'appui
937 4241 1057 4299 eclatant
1077 4259 1131 4316 que
1156 4239 1180 4297 le
1201 4241 1275 4314 Papo
1296 4241 1406 4313 pretaa

86 4323 667 4402 8811171161).6111811)1181,5’ωά11·1,
682 4334 704 4386 t.
720 4329 781 4398 llll,
797 4329 822 4386 lu
836 4329 909 4387 bulle
919 4329 1084 4403 Ineffobilis
1099 4330 1242 4398 Sodomis,
1259 4345 1324 4404 pag.
1339 4330 1403 4392 284,

86 4419 108 4469 11
118 4414 142 4472 la
154 4417 225 4474 balle
239 4419 391 4474 Romanus
405 4417 551 4490 pontisera,
564 4423 649 4475 meme
661 4423 743 4488 tome,
759 4435 824 4492 pag.
841 4420 916 4491 297),
934 4421 1066 4476 lnnoceut
1078 4418 1140 4476 Vlll
1156 4435 1188 4475 cn
1204 4423 1366 4475 consecrant
1380 4417 1406 4473 11

86 4505 199 4564 nouvelle
218 4505 385 4576 monarchia,
401 4506 544 4582 participa,
565 4525 669 4566 comme
684 4508 709 4565 18
729 4525 871 4583 remarque
885 4508 1037 4584 justement
1050 4510 1089 4568 M.
1105 4505 1226 4576 Balcani,
1243 4529 1258 4560 a
1273 4510 1289 4564 d
1304 4523 1342 4564 un
1357 4506 1405 4562 des

86 4593 140 4666 plus
161 4595 339 4654 memorables
363 4599 537 4654 erenements
561 4597 595 4654 de
616 4597 746 4655 l'histoire
767 4599 965 4672 d’Angleterre.
984 4621 998 4651 a
1019 4599 1168 4670 (Arcbtoto
1194 4599 1270 4654 detto
1294 4598 1407 4652 Soctotct

86 4697 200 4740 rontano
222 4685 254 4741 dt
271 4685 371 4743 Stoi-io
387 4687 503 4757 Patrio,
523 4687 771 4760 1879,1181.1,ρ.
794 4690 855 4757 175,
877 4689 922 4744 un'
945 4687 1112 4744 ambasciato
1134 4686 1239 4760 inglese
1259 4703 1275 4743 1
1296 4685 1407 4758 Roma.)

88 4769 122 4826 En
135 4775 359 4832 reconnaissence
378 4776 413 4834 de
427 4781 499 4834 cette
517 4773 619 4846 111811,
637 4777 728 4851 11111)
744 4777 793 4835 Vll
809 4794 915 4851 enroya
930 4777 1046 4834 1111118
1061 4775 1244 4833 l'ambaseade
1261 4775 1409 4832 solennelle

89 4861 148 4922 dont
162 4867 234 4940 parle
248 4866 283 4922 ici
297 4867 448 4938 Burchard,
463 4883 528 4923 aree
542 4866 655 4923 miecion
668 4867 702 4922 de
717 4866 861 4924 reinercier
876 4867 899 4924 le
911 4868 996 4941 Papa.
1014 4866 1167 4923 Guillaume
1182 4865 1305 4940 Sellyng,
1318 4865 1409 4940 prieur

89 4947 118 5006 de
136 4953 636 5029 113111111113111111181),11111111
654 4954 679 5010 le
697 4953 821 5010 discours
842 4953 1028 5022 d'obedieace,
1045 4954 1112 5012 dont
1130 4955 1162 5011 F.
1181 4955 1273 5011 Bacon
1289 4973 1305 5012 1
1319 4955 1410 5011 donne

91 5037 211 5118 l'aualysc
226 5046 358 5119 (Historp
371 5046 496 5117 osKtnp
514 5044 616 5115 chry
635 5043 700 5098 vll.
722 5043 846 5114 London,
869 5043 948 5110 1858,
968 5049 988 5100 1.
1008 5041 1055 5114 111,
1075 5061 1103 5118 p.
1119 5045 1174 5118 67).
1192 5045 1229 5100 M.
1249 5043 1359 5103 Balaam
1377 5043 1411 5100 l'a

93 5129 173 5199 publie
187 5151 305 5210 presque
324 5133 535 5210 integralement
549 5142 586 5208 tp.
605 5133 667 5208 198)
683 5133 790 5208 d'epres
806 5150 842 5190 uu
858 5149 924 5190 mse.
942 5132 976 5190 de
990 5132 1017 5190 11
1031 5131 1176 5192 Cottonian
1190 5133 1303 5208 library.

222 5268 247 5308 1.
263 5272 282 5307 1.
1238 5251 1271 5306 17
