3496 6056
361 656 489 708 omnes
503 632 569 729 ipsi
586 635 747 704 oratores
771 627 1037 701 descenderunt
1057 651 1102 700 ex
1121 625 1223 723 equis
1248 632 1283 700 et
1303 627 1339 699 in
1360 649 1442 701 sero
1463 629 1521 723 qui
1541 651 1612 702 cum
1631 657 1663 705 eo

237 853 239 860 Ι
362 757 538 856 hospitari
556 757 759 848 noluerunt,
779 755 822 829 ad
840 755 909 829 alia
925 777 990 827 sua
1004 753 1161 852 hospitia
1175 753 1338 852 privatim
1354 761 1591 830 accesserunt.
1726 739 1727 752 ¹

301 983 303 988 Ι
412 885 518 960 Feria
533 888 646 972 sexta,
670 887 691 952 4
712 879 847 954 mensis
868 879 1050 970 februarii,
1073 879 1203 976 prelati
1228 885 1310 953 octo
1334 887 1497 956 oratores
1518 883 1569 956 lll.'
1588 883 1666 960 duris

366 1010 543 1086 Sabaudie
560 1010 595 1082 in
611 1008 754 1107 publico
771 1005 984 1080 consistorio
1000 1004 1037 1078 iu
1052 1005 1157 1078 tertia
1171 1005 1252 1078 aula
1264 1007 1384 1104 palatii
1399 1011 1581 1106 apostolici
1595 1015 1668 1108 apud

367 1140 513 1211 Petrum
528 1133 666 1223 habito,
681 1130 917 1230 prestiterunt
933 1130 1176 1204 obedientiam
1193 1131 1349 1222 solitam,
1367 1133 1431 1206 SS.
1451 1136 1494 1205 D.
1514 1135 1554 1206 N.
1569 1132 1668 1209 ordine
1727 1169 1728 1186 r

365 1268 539 1336 consueto
556 1265 715 1333 orantes.

391 1448 393 1452 ,
414 1385 520 1460 Feria
534 1384 652 1474 tertia,
672 1389 693 1458 8
710 1383 793 1484 dicti
810 1381 945 1456 mensis
956 1379 1140 1467 februarii,
1158 1379 1226 1454 luit
1240 1380 1442 1458 intimatum
1459 1385 1504 1460 de
1525 1387 1669 1460 mandato

367 1517 431 1589 SS.
449 1518 491 1587 b.
518 1514 559 1584 N.
587 1533 679 1608 pape
705 1509 817 1582 Rmis.
845 1511 922 1582 UD.
966 1505 1205 1582 cardinalibus
1232 1508 1329 1605 quod
1360 1511 1523 1586 venirent
1552 1513 1669 1586 ebriam

366 1643 408 1712 R.
433 1643 475 1712 D.
502 1635 674 1711 cardinali
698 1634 949 1732 Andegavensi
970 1634 1016 1707 ad
1031 1635 1166 1707 Urbem
1184 1634 1348 1709 redeunti
1363 1637 1424 1732 qui
1442 1636 1529 1710 alias
1548 1637 1671 1712 alelicis
1728 1611 1729 1696 l

367 1757 627 1834 recordationis
657 1757 754 1832 Sixto
785 1761 881 1854 Papa
906 1761 970 1830 llll
998 1755 1138 1853 legatus
1168 1756 1300 1830 missus
1331 1756 1449 1833 iuerat
1474 1762 1511 1833 in
1541 1785 1668 1858 regnum

367 1881 532 1970 Francia,
551 1881 588 1954 iu
604 1904 675 1977 quo
693 1888 826 1972 tamen,
845 1887 885 1954 ut
900 1879 993 1970 ralis,
1011 1887 1180 1978 receptus
1195 1903 1268 1954 non
1288 1881 1365 1956 luit.
1385 1889 1460 1960 llec
1480 1893 1597 1960 autem
1611 1886 1673 1958 inti-

369 2007 478 2082 matio
493 2005 588 2080 lacta
604 2013 659 2079 est
674 2013 798 2102 preter
812 2004 925 2081 bonas
941 2010 976 2078 et
993 2003 1165 2078 honestas
1180 2007 1406 2083 ceremonias
1427 2036 1471 2085 ex
1486 2012 1597 2086 tribus
1608 2035 1673 2086 cau·
1729 2081 1730 2090 ,

366 2134 432 2224 sis;
451 2132 578 2230 prima,
597 2131 678 2228 quia
703 2153 774 2205 uon
792 2129 859 2204 luit
876 2137 1044 2226 receptus
1069 2138 1251 2228 tamquam
1277 2133 1419 2232 legatus
1444 2137 1481 2209 in
1504 2161 1567 2212 sua
1591 2137 1673 2234 lega-

368 2260 481 2348 tione;
500 2256 673 2347 secunda,
696 2257 779 2353 quia
803 2254 994 2330 cardinalis
1017 2279 1090 2330 uon
1119 2257 1228 2333 debet
1242 2263 1427 2358 tamquam
1448 2271 1569 2336 orator
1584 2263 1673 2356 recipi

367 2387 577 2462 solemniter
594 2382 800 2480 aooUegio;
819 2382 937 2475 tertia,
964 2379 1049 2479 quia
1066 2380 1259 2479 collegium
1273 2407 1345 2458 nou
1359 2383 1466 2460 debet
1477 2387 1614 2460 ebriare
1627 2409 1674 2460 re·

366 2511 478 2586 nieuti
494 2511 667 2588 cardinali
682 2509 751 2584 nisi
764 2507 907 2606 quaudo
924 2507 1066 2583 ducitur
1080 2508 1126 2582 ad
1136 2508 1403 2584 consistorium.

419 2637 529 2735 lgitur
541 2637 638 2712 cirea
651 2637 779 2710 horam
791 2659 867 2709 xxu
883 2635 1047 2732 ejusdem
1063 2633 1147 2725 diei,
1165 2635 1260 2709 venit
1276 2636 1322 2709 ad
1336 2635 1471 2711 Urbem
1485 2635 1599 2712 dictus
1610 2663 1676 2712 car·

359 477 410 534 raa
815 472 991 531 sonamus
1016 469 1237 542 euasurum,
1491 472 1661 542 [re-:ronne

366 2763 508 2853 ornatis,
532 2761 589 2836 cui
605 2761 747 2835 obviam
768 2767 943 2836 venerunt
964 2759 1108 2835 circiter
1124 2783 1186 2834 xrr.
1208 2761 1427 2854 cardinales;
1454 2763 1599 2860 quidam
1621 2787 1678 2837 uon

365 2888 474 2984 longe
490 2891 633 2986 aponte
646 2886 777 2976 ltilvio,
795 2885 853 2959 alii
871 2885 961 2958 citra
980 2884 1097 2981 ipsum
1119 2891 1347 2984 receperunt,
1366 2891 1403 2959 et
1417 2909 1532 2983 usque
1550 2888 1594 2961 ad
1608 2910 1678 2961 corr·

366 3018 512 3086 rentum
526 3010 597 3085 sire
612 3012 873 3086 monasterium
890 3008 994 3084 beate
1014 3009 1125 3084 Maria
1144 3010 1188 3084 de
1210 3011 1346 3109 Populo
1363 3012 1605 3102 associarunt;
1622 3035 1678 3084 uon

367 3145 489 3213 tamen
504 3137 653 3214 memini
669 3160 740 3236 quo
756 3135 882 3211 ordine
895 3135 1144 3232 equitaverint,
1160 3161 1244 3212 cum
1257 3161 1314 3212 res
1327 3137 1397 3212 hec
1411 3138 1519 3212 luerit
1539 3137 1678 3224 insolita,

367 3275 404 3339 et
418 3274 541 3364 preter
554 3265 670 3341 bonos
685 3285 806 3337 mores
820 3261 996 3336 ordinata.
1015 3262 1213 3338 Cardinalis
1226 3263 1303 3361 ipse
1316 3264 1448 3338 mansit
1460 3263 1498 3336 in
1511 3263 1606 3337 dicto
1619 3285 1680 3336 mo
1732 3301 1733 3350 r

227 3429 230 3438 ·
367 3393 541 3483 austerio,
568 3392 628 3488 qui
648 3391 743 3464 venit
766 3389 898 3462 missus
912 3411 1031 3484 arege
1055 3389 1203 3463 Francia
1228 3413 1300 3462 una
1320 3412 1402 3462 oum
1420 3389 1498 3465 aliis
1517 3417 1582 3486 xrr,
1605 3388 1680 3462 ordi

368 3517 461 3590 natis
477 3517 522 3590 ad
537 3516 768 3614 prestandum
782 3514 1025 3590 obedientiam
1042 3517 1105 3590 SS.
1126 3519 1168 3589 D.
1187 3520 1241 3607 N.‚
1257 3539 1413 3612 quorum
1428 3527 1587 3615 quatuor
1599 3543 1681 3594 man-

369 3650 493 3716 serunt
520 3667 586 3740 per
604 3643 710 3731 riam,
728 3641 786 3715 alii
813 3649 951 3738 septem
975 3647 1212 3740 expectarunt
1226 3641 1261 3714 in
1279 3643 1490 3734 Bracoiauo,
1509 3667 1680 3742 quousque

369 3767 560 3842 cardinalis
575 3767 843 3865 Andagavensis
859 3789 925 3842 suo
941 3768 1066 3842 ordine
1081 3766 1213 3842 Urbem
1234 3766 1396 3841 intraret.

421 3893 524 3970 Feria
551 3901 689 3990 quarta,
715 3899 737 3966 9
761 3892 846 3967 dicti
870 3893 1004 3967 mensis
1031 3892 1215 3983 lebruarii,
1243 3892 1425 3983 inmane,
1452 3893 1680 3970 veneruntad

369 4019 631 4096 monasterium
652 4019 756 4094 beate
779 4019 889 4092 Mario
916 4019 960 4092 de
985 4017 1122 4115 Populo
1147 4041 1274 4092 omnes
1295 4019 1497 4095 cardinales
1513 4031 1549 4096 et
1567 4021 1680 4096 ibidem

369 4147 548 4245 prelatum
564 4143 782 4218 cardinalem
800 4143 1097 4240 andegavensem
1121 4142 1337 4240 recipientes
1353 4167 1391 4218 se
1407 4151 1676 4244 congregarunt.

370 4271 544 4346 Omnibus
572 4269 813 4367 cougregatis,
841 4269 959 4366 ipsum
980 4268 1276 4363 audegavensem
1304 4269 1465 4344 medium
1495 4270 1590 4346 inter
1607 4271 1681 4343 duos

369 4399 506 4498 primos
518 4397 691 4471 diaconos
705 4395 905 4470 cardinales
920 4397 956 4470 iu
973 4396 1096 4470 ultimo
1109 4394 1190 4468 loco
1205 4395 1408 4491 equitantes
1423 4421 1535 4494 usque
1547 4397 1593 4472 ad
1604 4396 1682 4494 pala-

372 4525 459 4599 tium
476 4523 522 4598 ad
544 4521 744 4620 cappellam
764 4523 877 4596 sancti
899 4521 1033 4596 Nicolui
1056 4521 1291 4611 associarunt,
1319 4523 1392 4614 ubi,
1421 4547 1466 4597 eo
1492 4525 1586 4600 inter
1607 4524 1680 4596 duos

370 4651 531 4748 juniores
554 4649 725 4722 diaconos
747 4647 886 4738 relicto,
907 4647 965 4720 alii
988 4670 1114 4722 omnes
1135 4647 1312 4722 intrarunt
1336 4647 1381 4723 ad
1397 4623 1618 4747 pontificem,
1633 4645 1680 4744 qui

372 4776 502 4848 deinde
523 4775 569 4848 ad
591 4774 774 4870 publicum
794 4772 1047 4846 consistorium
1066 4773 1218 4846 venitin
1244 4775 1350 4848 tertia
1369 4775 1451 4849 aula
1470 4776 1556 4851 dicti
1578 4771 1681 4874 palatii

375 4899 645 4990 celebrandum,
679 4901 715 4972 in
745 4923 816 4998 quo
844 4899 918 4996 ipse
944 4898 1133 4973 cardinalis
1162 4900 1430 4998 Andegarensis
1454 4909 1616 5000 receptus
1640 4903 1682 4970 est

372 5049 475 5102 more
491 5024 608 5099 solito.

422 5151 557 5224 Eadem
573 5152 643 5242 die,
656 5152 752 5226 circa
762 5152 888 5224 horam
904 5176 964 5226 xxr
978 5153 1153 5225 intrarunt
1164 5150 1296 5225 Urbem
1307 5161 1523 5250 perportam
1534 5145 1681 5230 viridarii
