3422 6034
261 460 313 515 loo
719 453 895 511 JOHANNIS
919 451 1141 525 BUHGHAHDI,
1427 451 1506 518 [trra
1521 455 1581 521 stay

313 611 448 686 Eadem
465 610 536 698 die,
554 609 646 682 hora
665 614 852 696 consueta,
878 609 914 680 in
932 607 1028 682 dicta
1043 608 1195 707 capella,
1213 608 1579 684 dictasuntmatutina
1692 569 1693 624 t

264 737 495 812 tenebrarum
511 734 640 832 quibus
652 737 715 808 SS.
732 738 774 808 D.
793 741 918 814 noster
940 757 1024 808 cum
1038 735 1153 808 tribus
1173 732 1411 832 presbyteriis
1428 733 1584 830 palatinis

262 869 298 936 et
313 884 377 936 sex
401 861 562 935 diaconis
589 859 833 934 cardinalibus
858 859 1031 948 interfuit,
1057 882 1171 956 cappa
1200 858 1360 946 indutus,
1384 857 1489 953 cujus
1513 857 1585 931 lim-

262 987 358 1062 brias
374 985 528 1084 portavit
543 985 839 1082 archiepiscopus
852 985 1073 1060 Arelatensis
1088 986 1225 1082 primus
1241 985 1432 1059 assistens.

315 1111 472 1186 Sabbata
486 1117 624 1200 sancto,
646 1115 689 1183 to
703 1111 838 1207 aprilis,
857 1115 982 1184 Rmus.
999 1115 1041 1185 D.
1060 1112 1264 1184 Parmensis
1279 1110 1588 1207 presbytercandi-

264 1237 357 1312 nalis
371 1237 407 1310 iu
430 1235 569 1332 capella
583 1233 758 1331 predicta,
778 1235 874 1331 Papa
887 1240 1071 1331 presente,
1091 1233 1285 1308 celebravit
1304 1233 1469 1306 osticium
1484 1255 1492 1322 ;
1510 1256 1588 1306 can·
1692 1211 1693 1270 ἕ

265 1369 362 1436 tores
378 1360 545 1434 dixerunt
560 1357 783 1455 prophetias.
801 1359 843 1430 D.
863 1359 1105 1455 Hieronymus
1116 1359 1335 1455 Galagranus
1350 1358 1589 1432 subdiaconus
1692 1393 1693 1458 ψ

266 1485 485 1584 apostolicus
503 1491 646 1582 paratus
668 1505 770 1556 more
793 1483 913 1573 solito,
931 1483 1019 1557 dixit
1036 1486 1130 1580 Papa
1151 1509 1158 1557 :
1176 1485 1385 1575 Annancio,
1403 1497 1489 1574 etc.,·
1501 1485 1589 1559 cele·

266 1612 375 1686 brans
391 1611 481 1684 dixit
506 1609 629 1682 omnia
652 1609 720 1681 tria
742 1607 886 1682 alleluia
909 1614 946 1682 et
971 1608 1017 1682 ad
1035 1609 1254 1709 Magnificat
1278 1612 1375 1684 idem
1405 1610 1588 1686 celebrans

266 1735 465 1810 incensavit
481 1734 605 1824 altare,
624 1735 690 1808 luit
704 1734 911 1809 incensatus
928 1736 1005 1831 ipse
1028 1758 1111 1808 cum
1131 1738 1252 1827 mitra,
1275 1741 1373 1834 Papa
1390 1737 1470 1811 sine
1492 1736 1590 1808 mitra

268 1869 304 1936 et
319 1861 379 1935 alii
397 1883 524 1936 omnes
540 1881 641 1932 more
658 1868 845 1934 consueto.

317 1989 424 2061 Festo
433 1984 569 2060 Pascha
583 1986 910 2096 resurrectionisD.
927 1988 969 2058 ll.
982 1989 1014 2059 l.
1025 1985 1169 2076 curisti,
1180 1990 1242 2061 SS.
1258 1991 1301 2060 D.
1312 1995 1440 2062 noster
1452 1988 1488 2061 in
1504 1989 1592 2060 basi·
1692 1965 1693 2048 ἒ

267 2113 337 2186 lica
347 2111 519 2210 principis
536 2110 782 2208 apostolorum
799 2111 844 2185 de
858 2112 954 2186 Urbe
970 2111 1016 2185 ad
1034 2135 1143 2209 quam
1153 2113 1476 2210 processionaliter
1487 2113 1589 2200 venit,

269 2237 463 2312 celebrarit
478 2235 637 2310 officium
649 2235 812 2310 solemne
832 2261 839 2310 :
858 2237 1048 2334 epistolam
1063 2242 1105 2312 D.
1123 2239 1365 2336 Hieronymus
1379 2240 1590 2335 Calagrauus
1692 2271 1693 2338 ᾗ

269 2363 358 2437 dixit
383 2368 420 2438 et
448 2361 674 2458 evangelium
700 2365 823 2435 Hmus.
844 2364 885 2435 D.
905 2362 1097 2438 cardinalis
1120 2365 1163 2438 de
1193 2367 1306 2438 Fuxo.
1335 2368 1429 2438 Dum
1446 2363 1589 2461 epistola
1692 2351 1693 2436 i

270 2491 489 2577 cantaretur,
499 2485 543 2559 de
557 2483 727 2558 mandato
744 2488 808 2561 SS.
827 2489 870 2559 D.
889 2491 930 2560 N.
946 2510 1053 2586 pape,
1068 2487 1151 2562 dedi
1164 2489 1285 2564 locum
1302 2491 1398 2564 inter
1408 2491 1591 2588 episcopos

271 2612 482 2684 assistentes
499 2613 542 2682 D.
559 2608 714 2683 iohanni
736 2611 893 2686 Antonio
917 2613 1089 2712 episcopo
1104 2615 1348 2688 Alexandrino
1372 2617 1497 2711 quiex
1514 2623 1592 2690 tunc

271 2737 316 2812 ab
330 2737 469 2812 eisdem
486 2737 522 2809 in
538 2738 767 2811 assistentem
786 2745 841 2811 est
855 2745 1035 2835 receptus.
1053 2740 1251 2837 Epistolam
1267 2764 1413 2837 grecam
1429 2741 1519 2814 dixit
1533 2745 1594 2813 De·
1692 2713 1693 2790 i

272 2861 424 2936 metrius
437 2865 471 2932 et
480 2858 707 2956 evangelium
721 2883 867 2957 grecum
884 2862 1074 2960 episcopus
1086 2865 1294 2938 Suanensis.
1305 2869 1348 2938 D.
1359 2867 1593 2962 Hieronymus
1692 2855 1693 2902 ³

275 2990 417 3061 Scottus
433 2986 605 3061 Senensis
621 2985 667 3060 ad
689 2985 931 3083 prefationem
948 2989 1041 3061 Hmi.
1061 2993 1103 3062 D.
1122 2989 1167 3063 da
1183 2990 1322 3063 Ursinis
1336 2998 1372 3065 et
1388 2989 1540 3087 epistole
1560 2995 1591 3062 et

271 3111 447 3186 Ascanius
474 3111 617 3185 diaconi
648 3111 862 3204 cardinales
886 3113 922 3185 in
952 3115 1128 3212 evangelii
1159 3137 1272 3190 cornu
1306 3121 1592 3213 representantes

272 3237 420 3334 angelos
437 3236 632 3334 sepulchri,
651 3239 842 3313 astiterunt
857 3237 892 3310 iu
913 3237 1029 3312 altari.
1046 3243 1155 3313 Facta
1168 3240 1369 3314 elevatione
1383 3238 1593 3314 sacramenti

274 3383 340 3459 per
353 3361 579 3458 pontificem,
597 3361 642 3436 de
668 3363 838 3436 mandato
860 3363 1065 3437 Sanctitatis
1087 3387 1163 3455 sue,
1182 3375 1330 3441 ostensa
1344 3371 1399 3440 est
1422 3365 1593 3442 Verouica

273 3485 419 3582 populo.
447 3487 626 3570 Sanctitas
656 3511 721 3561 sua
745 3492 1024 3566 communicavit
1046 3479 1174 3565 omnes
1201 3491 1374 3566 diaconos
1403 3489 1595 3564 cardinales

274 3631 427 3704 quorum
443 3631 595 3683 numero
611 3620 752 3707 septem
767 3612 923 3703 luerunt,
938 3621 1019 3712 post
1035 3639 1098 3690 eos
1116 3617 1247 3692 ducem
1264 3617 1389 3692 Urbini
1406 3625 1442 3690 ct
1456 3617 1593 3690 tratrem

276 3735 371 3828 Papa
399 3735 442 3804 D.
473 3732 693 3824 Mauritium,
720 3735 851 3812 deinde
873 3741 1141 3835 protonotarios
1168 3743 1392 3832 assistentes,
1419 3748 1494 3814 tum
1513 3740 1594 3814 alios

276 3875 403 3930 omnes
428 3862 602 3952 quotquot
624 3866 811 3950 venerunt,
841 3863 967 3939 ordine
992 3873 1179 3941 consueto.
1209 3867 1328 3941 Finita
1356 3868 1481 3956 missa,
1510 3871 1594 3961 Papa
1692 3907 1693 3962 y

275 3985 418 4054 retento
437 3979 560 4075 pallio,
587 3982 664 4057 visa
687 3987 880 4078 lleronica,
904 3992 1221 4086 processionaliter
1247 3991 1411 4065 ascendit
1426 3993 1591 4066 adlocum

145 4183 150 4191 ,
275 4105 419 4203 publice
438 4105 702 4182 benedictionis
727 4116 763 4184 et
781 4113 962 4208 plenarias
986 4115 1229 4214 indulgentias
1249 4117 1348 4192 dedit
1369 4141 1460 4214 quas
1476 4115 1589 4192 Rllmi.
1692 4117 1693 4210 ᾗ

277 4235 352 4306 Ι)Ι).
363 4256 392 4306 s.
407 4232 552 4328 Georgii
568 4233 605 4306 in
620 4234 732 4310 latino
743 4241 779 4312 et
789 4237 833 4311 de
844 4240 1026 4315 'Columna
1040 4242 1182 4318 diaconi
1199 4245 1401 4318 cardinales
1420 4237 1593 4338 invulgat
1692 4283 1693 4334 γ

276 4345 573 4454 pronunciarunt.
592 4362 732 4456 Aquam
748 4385 814 4459 pro
827 4367 993 4441 manibus
1020 4373 1116 4467 Pape
1138 4371 1175 4444 in
1195 4372 1307 4446 missa
1327 4373 1591 4446 ministrarunt:

277 4483 408 4580 primo,
426 4488 470 4558 D.
490 4485 696 4582 Alphousus
712 4497 835 4564 orator
849 4493 944 4590 regis
964 4493 1154 4592 Hispanis,
1174 4497 1349 4589 secundo,
1369 4502 1412 4571 D.
1427 4497 1592 4571 liebertus

277 4615 399 4684 orator
420 4609 638 4706 imperialis;
663 4616 783 4706 tertio,
811 4618 882 4692 dux
902 4621 991 4694 Sore
1013 4629 1050 4696 et
1071 4629 1211 4718 quarto,
1236 4621 1308 4696 dux
1329 4623 1476 4714 Urbini;
1498 4626 1587 4695 ltmo.
1692 4599 1693 4650 ³

278 4740 321 4809 D.
340 4737 511 4834 episcopo
543 4743 731 4815 Portuensi
761 4742 943 4817 cardinale
964 4744 1261 4820 vicecancellario
1291 4747 1499 4822 assistente.
1528 4741 1593 4817 Alia

278 4860 400 4934 omnia
414 4885 517 4936 more
531 4872 708 4940 consueto
724 4875 808 4940 sunt
824 4868 1024 4944 observata.

320 4984 424 5057 Heria
438 4989 598 5063 secunda
613 4993 764 5081 Pascha,
785 4999 828 5066 la
849 4995 987 5090 aprilis,
1017 4999 1142 5073 Hmus
1168 4999 1211 5068 D.
1238 4993 1431 5069 cardinalis
1447 5017 1476 5066 s.
1491 4995 1591 5066 Anas·
1692 4995 1693 5060 ζ

274 5107 363 5182 tasio
379 5109 574 5188 celebravit
589 5115 737 5194 missam
753 5118 954 5195 solemnem
970 5119 1007 5193 in
1023 5119 1162 5220 capello
1184 5121 1325 5236 majore
1346 5118 1471 5220 palatii
1493 5137 1587 5218 apos-
