3422 6034
304 478 359 536 394
616 559 618 562 Ι
760 479 936 537 JOHllNNlS
962 479 1184 554 BURCHARDl,
1232 543 1238 551 ,
1437 483 1624 555 [Ftvriarllttl

306 635 392 712 tavit
412 633 450 706 iu
468 633 572 708 altari
592 632 629 706 in
654 655 766 706 cornu
788 633 954 730 epistole.
979 639 1069 708 Tum
1094 637 1256 734 pontifex
1274 638 1381 714 rediit
1403 639 1450 713 ad
1469 641 1624 737 palatium

306 784 408 835 more
425 757 543 833 solito.

356 887 461 960 Feria
473 885 591 974 tortia,
611 883 784 958 tmensis
796 884 981 974 februarii,
992 885 1124 960 festum
1138 889 1399 984 purificationis
1410 891 1519 965 beate
1532 895 1627 966 llario

306 1012 466 1109 virginiS,
485 1013 546 1084 SS.
569 1016 611 1086 D.
630 1013 672 1084 N.
691 1016 850 1108 paratus,
868 1017 907 1084 ut
924 1013 1035 1084 moris
1052 1019 1120 1102 est,
1141 1015 1240 1088 veuit
1262 1013 1308 1087 ad
1328 1012 1507 1112 capellam
1530 1017 1628 1114 majo·

305 1163 383 1213 rem
405 1137 541 1234 palatii,
567 1143 602 1212 et
627 1149 709 1211 cuin
732 1162 775 1214 eo
799 1137 1001 1211 cardinales
1018 1145 1053 1213 et
1068 1137 1197 1236 prelati
1222 1140 1259 1212 iu
1277 1139 1400 1236 cappis
1422 1139 1499 1210 suis
1515 1139 1626 1214 solitis.
1702 1131 1703 1216 Ῐ

305 1269 415 1340 Facta
428 1289 495 1362 per
509 1263 710 1338 cardinales
728 1265 945 1354 reverentia,
963 1288 1091 1340 omncs
1107 1272 1326 1364 acceperuut
1340 1272 1554 1363 paramenta
1566 1267 1629 1338 vio
1702 1317 1703 1352 ,

305 1391 425 1480 lacea;
451 1397 526 1463 tum
552 1392 649 1486 Papa
671 1395 769 1463 stans
791 1388 978 1464 benedixit
1002 1389 1171 1463 candelas
1198 1391 1243 1464 ad
1271 1389 1455 1464 sinistram
1485 1413 1582 1462 suam
1601 1391 1629 1462 iu
1702 1367 1703 1376 Ε

305 1515 436 1613 angulo
453 1513 590 1610 capelle
603 1515 739 1612 positas
759 1539 801 1588 ac
823 1515 911 1588 alias
930 1538 1143 1612 omnesque
1162 1516 1207 1588 ad
1225 1516 1359 1590 dictam
1375 1515 1554 1612 capellam
1569 1523 1630 1589 taur

304 1647 406 1714 extra
420 1661 528 1736 quam
544 1639 639 1713 intra
655 1641 856 1714 cancellum
880 1647 1068 1737 apportate
1083 1641 1241 1731 fuerunt,
1259 1641 1396 1715 faciens
1420 1638 1571 1736 siugulis
1588 1640 1630 1712 vi-

304 1764 405 1836 cibus
428 1763 465 1836 iu
483 1761 739 1838 benedictione
763 1765 926 1862 signatis,
947 1766 1089 1862 siguum
1116 1767 1248 1858 crucis,
1269 1767 1387 1864 primo
1407 1787 1537 1842 versus
1559 1786 1631 1835 cau-

304 1888 403 1961 delas
426 1887 578 1985 capelle,
603 1887 734 1962 deiude
756 1914 882 1963 versus
904 1891 992 1964 alias
1016 1897 1118 1965 extra
1139 1893 1354 1966 cancellum.
1369 1891 1507 1965 ¹Finita
1533 1891 1631 1963 bene-

306 1999 477 2103 dictione,
512 2015 829 2088 vicecancellarius
858 2015 957 2091 dedit
978 2023 1051 2090 tres
1072 2017 1242 2090 candelas
1258 2021 1368 2114 Pape,
1386 2017 1480 2088 duas
1495 2037 1630 2112 magnas

304 2147 339 2214 et
352 2163 462 2213 uuam
474 2163 634 2236 parvam.
646 2143 745 2213 Tunc
760 2144 857 2238 Papa
875 2141 1056 2216 distribuit
1074 2142 1243 2217 candelas
1259 2142 1325 2240 ipsi
1340 2141 1630 2216 vicecancellario
1702 2161 1703 2180 ¹

305 2259 393 2338 duas
412 2273 447 2340 ot
468 2265 547 2337 aliis
560 2287 662 2338 more
679 2273 854 2341 consueto
871 2295 878 2340 :
895 2267 1094 2340 celebranti
1110 2267 1209 2342 dedit
1229 2291 1338 2340 uuam
1352 2275 1511 2341 tautum.
1529 2264 1631 2336 Finita

305 2390 581 2480 distributione,¹
602 2390 686 2465 lavit
719 2414 860 2482 mannS,
883 2397 926 2466 D.
954 2392 1159 2466 Alexandro
1188 2392 1233 2466 de
1257 2391 1476 2466 Alexandris
1501 2397 1630 2463 oratore

305 2516 401 2612 regis
424 2515 648 2612 Neapolitani
675 2539 805 2613 aquarn
826 2518 1037 2593 infundente
1058 2543 1100 2591 ac
1121 2517 1420 2592 vicecancellario
1435 2516 1628 2614 adjuvante.

304 2640 453 2714 Interim
480 2644 603 2712 Rmos
632 2641 825 2714 cardinalis
842 2643 1127 2719 Recbanatensis
1154 2643 1403 2717 celebraturus
1426 2643 1491 2717 ivit
1513 2641 1558 2714 ad
1577 2638 1632 2711 fal-

306 2765 495 2839 distorium
521 2789 587 2862 pro
612 2767 830 2863 recipiendis
859 2769 1080 2866 paramentis
1117 2769 1311 2843 consuetis.
1341 2771 1443 2840 Tunc
1471 2767 1565 2839 facta
1586 2773 1630 2837 est

304 2890 489 2987 processio
514 2914 628 2987 usque
649 2891 781 2964 ostium
803 2900 905 2967 extra
923 2893 1043 2967 aulam
1058 2915 1228 2990 magnam
1243 2892 1380 2989 palatii,
1398 2891 1461 2964 ubi
1483 2889 1631 2989 pontifex

304 3015 457 3112 projecit
482 3015 651 3088 candelas
676 3017 830 3114 populo;
848 3019 977 3114 quibus
997 3019 1182 3116 projectis
1200 3041 1368 3091 reversus
1382 3025 1436 3092 est
1458 3016 1506 3090 ad
1524 3014 1631 3112 capel-

305 3141 390 3228 lam,
407 3140 482 3229 ubi,
498 3139 672 3237 depositis
689 3166 755 3239 per
770 3143 972 3217 cardinales
988 3152 1024 3218 et
1045 3145 1204 3241 prelatos
1219 3142 1455 3240 paramentis,
1476 3141 1571 3214 dicta
1584 3149 1628 3213 esf

305 3265 417 3338 missa
429 3288 531 3339 more
548 3265 668 3355 solit0,
687 3273 722 3340 et
737 3291 810 3340 nou
825 3269 891 3344 fuit
907 3293 1027 3344 sermo
1044 3297 1051 3343 :
1068 3269 1239 3344 candelas
1255 3268 1344 3341 duas
1356 3291 1513 3364 magnas
1528 3267 1629 3341 tenuit

305 3391 519 3464 Franciscns
546 3393 634 3465 cibo
664 3394 903 3490 supradictus
930 3395 1025 3468 filius
1054 3400 1149 3494 Pape
1179 3419 1200 3468 a
1228 3395 1364 3468 dextris
1396 3399 1432 3466 et
1464 3392 1629 3467 Antonius

306 3513 506 3586 Mirandule
534 3537 657 3590 comes
683 3541 705 3590 a
727 3517 894 3594 sinistris,
912 3517 968 3591 Ad
991 3521 1217 3617 evangelium
1240 3524 1349 3616 Papa,
1377 3518 1580 3591 cardinales
1601 3523 1629 3588 et

307 3639 366 3711 alii
391 3645 583 3714 tenuerunt
608 3641 778 3715 candelas
801 3667 903 3734 suas3
929 3645 1096 3720 similiter
1117 3654 1153 3721 et
1181 3623 1226 3720 ad
1252 3647 1494 3720 elevationem
1522 3667 1629 3716 sacra-

307 3764 441 3853 menti;
464 3765 609 3838 iuterim
628 3773 751 3842 tamen
778 3793 901 3844 errore
925 3773 1178 3847 scutiferorum
1204 3773 1350 3846 fuerunt
1379 3772 1557 3858 extincfc;
1575 3766 1628 3841 sed

307 3889 352 3960 ab
371 3889 572 3964 elevatione
587 3915 699 3989 usque
714 3902 796 3991 post
814 3897 1071 3970 comunionem
1084 3897 1316 3986 celebrantis
1335 3896 1497 3970 scutiferi
1513 3903 1627 3970 tenue-

306 4021 390 4089 runt
413 4013 582 4088 candelas
604 4017 699 4114 ipsas
722 4019 891 4095 ardentes
910 4045 918 4094 :
935 4027 1019 4094 tuuc
1038 4045 1099 4095 eas
1115 4023 1358 4096 extinxerunt.

355 4139 471 4214 Finita
485 4141 738 4219 benedictione
763 4145 1012 4237 candelarum,
1035 4147 1106 4222 boc
1122 4172 1229 4223 mane
1246 4149 1327 4223 dedi
1353 4149 1479 4223 locum
1494 4167 1625 4223 venera·

306 4262 367 4334 bili
397 4262 544 4337 domino
572 4265 725 4338 Eroaldo
754 4267 799 4341 de
825 4269 1095 4361 Seueubroder‚
1113 4271 1297 4368 preposito
1322 4273 1481 4348 ecclesie
1507 4270 1625 4346 Elesio

307 4386 443 4479 nensis,
475 4389 609 4462 oratori
636 4391 857 4464 serenissimi
891 4393 987 4490 regis
1015 4395 1125 4469 Dacia
1150 4395 1186 4467 in
1212 4395 1350 4494 capella
1372 4397 1534 4495 predicta
1554 4399 1623 4492 post

308 4518 489 4586 oratorem
516 4513 613 4611 regis
638 4515 803 4606 Polonie,
821 4518 866 4591 de
887 4517 1056 4592 mandato
1073 4522 1138 4594 SS.
1156 4524 1199 4593 D.
1228 4524 1270 4594 N.
1286 4545 1394 4620 pape,
1413 4547 1458 4597 ex
1485 4519 1622 4596 consilio

309 4641 525 4711 RRmorum.
545 4642 621 4712 DD.
639 4640 936 4736 vicecancellarii,
954 4644 1193 4741 Neapolitani,
1213 4671 1240 4721 s.
1259 4647 1370 4720 Marci
1385 4647 1618 4730 cardinalium,

304 4763 393 4835 milri
409 4762 524 4854 facto;
550 4789 659 4861 quem
679 4765 800 4840 locum
821 4768 899 4866 ipse
923 4769 1091 4844 dominus
1116 4773 1292 4847 Eroaldus
1314 4775 1525 4870 acceptavit,
1547 4771 1620 4845 licet

306 4888 405 4984 prius
420 4889 509 4963 mihi
528 4890 676 4965 dixisset
694 4900 730 4966 et
743 4892 866 4968 locum
889 4917 994 4968 suum
1010 4919 1090 4970 esse
1116 4897 1323 4972 immediate
1349 4905 1432 4995 post
1454 4905 1618 4973 oratorem

308 5013 404 5110 regis
426 5014 589 5090 Francia.

354 5139 459 5212 Feria
474 5141 590 5232 tertia,
608 5147 629 5216 9
645 5141 829 5236 februarii,
845 5144 904 5220 die
919 5148 1057 5238 martis,
1075 5148 1169 5224 venit
1180 5149 1225 5222 ad
1243 5149 1376 5224 Urbem
1391 5151 1435 5222 b.
1454 5147 1615 5222 Robertns
