3436 6038
313 502 367 557 200
769 498 945 556 tuttttuuts
969 497 1192 570 Buucunuot,
1499 493 1554 559 [tltl
1569 493 1628 558 ¹⁴⁸⁶]

316 657 411 750 Papa
426 652 523 725 dedit
542 653 676 750 populo
698 653 990 728 benedictionem
1017 655 1218 728 solemnem
1234 657 1270 726 et
1284 651 1355 725 alia
1374 650 1496 724 omnia
1516 650 1630 724 obser-

314 785 393 854 vata
409 787 492 852 sunt
505 803 606 853 more
620 785 807 854 consueto.

364 906 427 978 Die
440 911 483 978 to
499 905 635 978 mensis
646 905 813 978 februarii
825 905 987 1004 proxime
999 905 1158 1003 preteriti
1170 902 1424 980 serenissimus
1440 908 1476 976 et
1490 902 1630 978 invictis-

315 1030 427 1101 simus
443 1027 611 1125 princeps
622 1028 835 1102 Fredericus
847 1033 1092 1102 Romanorum
1105 1030 1303 1126 imperator
1315 1053 1460 1127 semper
1472 1037 1631 1126 augustus

171 1227 173 1234 ,
313 1153 464 1227 obtinuit
487 1153 533 1226 ab
553 1153 770 1227 electoribus
793 1179 856 1227 sex
872 1154 1026 1251 imperii,
1045 1155 1209 1228 videlicet
1226 1159 1299 1228 Ra.
1318 1159 1392 1228 DD.
1413 1156 1626 1252 bloguntino,

314 1277 519 1353 Coloniensi
546 1285 582 1351 et
614 1279 815 1351 Trevirensi
844 1278 1139 1376 archiepiscopis,
1176 1281 1307 1355 comite
1339 1279 1516 1368 Palatino,
1550 1282 1631 1356 ducc

314 1405 468 1479 Saxonie
484 1409 519 1478 et
530 1404 741 1478 marchione
753 1404 1080 1500 Brandeburgensi‚
1094 1427 1177 1500 rege
1187 1406 1375 1496 Bohemie‚
1390 1414 1429 1480 ut
1442 1405 1629 1496 dicebatur,

312 1555 385 1604 non
398 1535 524 1603 vocato
541 1534 576 1602 et
592 1528 755 1622 absente,
771 1529 808 1601 in
824 1529 955 1626 oppido
969 1529 1269 1620 Francsordiensi,
1295 1532 1376 1628 eligi
1393 1531 1429 1604 in
1444 1537 1632 1606 Romanum

312 1679 437 1753 regern
466 1655 519 1728 lll.
551 1653 752 1752 principem
782 1654 1063 1732 tttaximilianum
1094 1655 1327 1730 archiducem
1360 1657 1504 1730 Austrie
1531 1657 1631 1732 filium

313 1808 430 1874 suum,
453 1783 554 1878 cnjus
567 1785 690 1854 orator
707 1786 791 1853 tunc
811 1780 846 1852 in
866 1781 959 1854 Urbe
981 1803 1132 1854 romena
1147 1787 1241 1868 erat;
1270 1782 1343 1878 qui,
1367 1783 1490 1858 audita
1508 1783 1631 1856 domini

314 1909 368 1982 sui
382 1906 625 2005 promotione,
641 1904 748 1988 voluit
765 1904 917 1978 aliorum
934 1928 1061 2003 regum
1081 1913 1243 1980 oratores
1259 1907 1296 1980 in
1317 1907 1412 1982 Urbe
1435 1907 1631 1980 assistentes

312 2033 521 2132 precedere,
533 2033 654 2107 sedilli
666 2057 738 2106 non
752 2032 1007 2129 permiserunt.
1024 2033 1104 2106 Fuit
1115 2056 1171 2106 res
1184 2033 1221 2106 in
1232 2033 1449 2107 consistorio
1460 2033 1631 2130 proposita

312 2167 348 2233 et
359 2159 504 2257 agitata.
516 2160 678 2234 Tandem
689 2159 901 2233 conclusum
915 2158 1012 2254 quod
1027 2158 1176 2232 deberet
1190 2159 1375 2266 expectari¹
1388 2182 1548 2256 quosque
1562 2160 1632 2232 mit·

311 2291 450 2360 teretur
475 2286 521 2360 ad
540 2287 751 2385 pontificem
780 2293 815 2359 et
840 2293 1025 2384 peteretur
1051 2284 1335 2359 Maximilianum
1364 2307 1430 2381 pro
1466 2285 1577 2359 electo
1600 2291 1630 2356 et

311 2435 461 2485 romano
477 2435 563 2510 rego
584 2409 711 2484 haberi
727 2411 773 2484 ad
789 2409 901 2483 instar
921 2410 1037 2484 Caroli
1058 2410 1173 2506 quarti
1198 2411 1300 2507 cujus
1320 2410 1423 2484 litere
1454 2435 1536 2484 cum
1556 2435 1630 2508 pen-

310 2536 409 2608 denti
426 2535 601 2632 imperieli
621 2535 736 2631 sigillo
752 2537 897 2610 luerunt
917 2535 1070 2609 adducte
1086 2535 1133 2609 ad
1147 2535 1260 2608 instar
1276 2534 1471 2610 Clementis
1487 2536 1531 2610 de
1542 2537 1627 2633 jure,
1707 2621 1708 2624 Ἴ

310 2667 345 2733 et
362 2665 446 2732 tunc
461 2661 608 2732 daretur
621 2658 723 2732 locus
742 2659 888 2755 petitus.
1707 2645 1708 2658 ¹

360 2785 498 2858 Eodem
514 2793 677 2881 tempore
694 2807 757 2857 rex
773 2783 955 2880 Hungorie
973 2789 1135 2856 oratores
1158 2807 1242 2856 suos
1263 2783 1308 2856 ad
1329 2783 1535 2879 pontificem
1555 2784 1629 2856 mis

175 2913 178 2920 '
310 2935 414 2983 surus
430 2911 534 3007 petiit
546 2932 612 3008 pro
623 2909 675 2982 eis
692 2907 828 2982 salvum
845 2908 1077 2984 conductum.
1101 2911 1140 2980 ln
1165 2908 1381 2981 consistorio
1398 2907 1466 2980 luit
1482 2909 1628 2984 decisum

309 3035 345 3108 id
359 3035 517 3108 alienum
541 3041 577 3108 et
596 3058 667 3108 non
690 3033 863 3123 dandum,
886 3057 968 3106 curn
993 3033 1161 3105 omnibus
1182 3032 1349 3129 gentibus
1378 3039 1413 3104 et
1438 3034 1627 3106 nationibus
1706 3083 1707 3100 2

309 3163 508 3236 tutissimus
535 3167 656 3258 pateat
683 3160 728 3233 ad
755 3160 879 3233 sedem
903 3159 1139 3256 apostolicam
1163 3181 1331 3232 accessus
1358 3157 1495 3253 absque
1521 3158 1628 3253 aliquo

307 3288 579 3384 impedimento.

357 3413 503 3502 Sabate,
525 3417 567 3486 13
583 3413 683 3500 maii,
701 3412 819 3508 vigilia
837 3415 1083 3498 Pentecostes,
1103 3409 1248 3482 luerunt
1261 3431 1410 3506 vespere
1434 3407 1575 3505 papales
1596 3407 1625 3478 in

307 3537 444 3634 capelle
457 3538 595 3634 majore
613 3536 748 3634 palatii,
777 3539 873 3632 Papa
891 3543 1060 3632 presente
1076 3541 1112 3608 et
1127 3535 1336 3632 incipiente,
1355 3559 1478 3631 quern,
1495 3535 1626 3630 incepto
1705 3551 1706 3556 ’

306 3663 422 3758 primo
437 3663 590 3758 psalm0,
602 3661 816 3756 interrogavi
832 3685 878 3733 an
888 3659 993 3732 vellet
1006 3659 1166 3757 incipere
1181 3662 1371 3759 hymnum,
1385 3659 1444 3734 ille
1458 3665 1626 3734 commoto

307 3784 427 3858 anirno
443 3786 530 3858 mihi
546 3785 732 3882 respondit
757 3809 815 3859 me
836 3793 918 3860 ante
945 3785 1033 3858 duos
1059 3785 1135 3860 dies
1155 3786 1324 3860 debuisse
1341 3809 1445 3859 suam
1468 3785 1627 3860 Sanctita-

306 3917 380 3983 tem
408 3935 515 4008 super
534 3912 603 3984 hoc
630 3911 799 4000 avisasse,
827 3917 863 3984 et
887 3935 959 3984 non
980 3911 1139 4008 incepit:
1159 3912 1302 4010 incepto
1324 3917 1447 3986 autem
1468 3911 1623 4009 capitulo.
1704 4005 1705 4012 ἵ

305 4035 400 4108 venit
415 4035 458 4108 ad
475 4034 711 4108 faldistorium
727 4035 801 4124 ubi,
826 4035 926 4109 linito
942 4036 1118 4133 capitulo,
1136 4037 1214 4134 ipso
1242 4037 1450 4134 genuflexo,
1473 4043 1623 4112 cantores
1704 4015 1705 4044 l

306 4160 517 4257 inceperunt
538 4161 732 4258 hymnum;
751 4161 853 4257 cujus
874 4162 990 4258 primo
1014 4187 1120 4236 versu
1145 4163 1340 4261 completo,
1359 4165 1469 4260 Papa,
1491 4167 1625 4258 accepta

306 4285 424 4375 mitra,
442 4285 540 4358 stetit
554 4285 598 4358 ad
614 4284 725 4359 finem
741 4309 841 4358 more
865 4285 983 4359 solito.
1012 4290 1052 4360 ln
1069 4287 1141 4378 die,
1159 4291 1283 4362 Rmus.
1302 4291 1345 4362 l).
1363 4288 1546 4363 lohannes
1561 4310 1625 4359 oar-

306 4409 432 4483 dinalis
445 4409 714 4505 Andagavensis
732 4409 924 4483 celebravit
939 4411 1087 4485 missam
1104 4413 1319 4502 solemnem,
1337 4415 1435 4510 Papa
1454 4417 1621 4511 presente.
1703 4481 1704 4490 ,

303 4527 340 4606 in
355 4536 504 4608 basilica
519 4561 547 4608 s.
562 4535 672 4608 Petri.
688 4539 784 4631 Papa
798 4559 871 4608 non
888 4536 1021 4634 incepit
1038 4563 1180 4612 versum
1199 4539 1320 4613 Venite
1334 4551 1454 4612 sancte
1468 4539 1620 4636 Spiritus.

304 4660 388 4754 quio
402 4661 480 4733 heri
499 4661 535 4733 in
557 4661 716 4758 vesperis
739 4685 811 4733 non
833 4662 1016 4757 inceperat
1038 4665 1225 4762 hymnum.
1249 4667 1465 4739 Sermonem
1490 4663 1568 4737 lecit
1585 4661 1619 4732 o.

303 4783 541 4882 Hieronymus
558 4788 699 4875 ScotuS,
719 4788 782 4860 SS.
803 4789 845 4858 u.
864 4789 893 4859 N
899 4843 906 4857 .
927 4785 1087 4878 scutiter,
1106 4788 1252 4862 notione
1278 4789 1465 4862 Senensis,

352 4910 455 4982 Ferio
469 4919 608 5005 quarta,
623 4917 665 4984 tt
680 4911 780 5001 maii,
793 4911 884 4984 hora
898 4933 945 4982 xx
959 4910 1014 4984 nel
1030 4910 1139 5002 circa,
1152 4911 1475 4986 intraruntUrbem
1490 4910 1619 5008 quidam

302 5035 345 5106 Ι).
364 5032 560 5124 lohannes,
576 5059 596 5108 a
612 5037 768 5132 capitulo
791 5035 1037 5109 Premisliensi
1061 5038 1106 5109 ad
1126 5037 1318 5110 ecclesiam
1342 5037 1618 5111 Premisliensem

299 5158 436 5232 electus
453 5159 516 5232 sed
532 5161 691 5234 nondum
702 5185 767 5258 per
782 5162 907 5235 sedem
921 5162 1156 5258 apostolicam
1167 5162 1417 5254 confirmatus,
1436 5160 1616 5260 etquidem
