3424 6038
318 380 371 436 ara
653 415 658 426 .
772 373 948 432 tonsurus
974 371 1197 444 suasuram,
1492 376 1562 440 [rurs
1578 379 1636 448 ruso

320 554 350 602 s.
370 528 570 602 sebastiani
586 527 774 602 sacristam
789 531 897 625 Papa,
914 533 951 600 ut
966 527 1166 616 dicebatur,
1183 526 1340 600 inventa.
1355 525 1545 600 Processio
1559 529 1640 602 veuit

319 655 487 751 perviam
501 658 650 728 Rectam
664 676 777 750 usque
789 653 832 726 ad
844 659 1002 726 castrum
1016 677 1045 726 s.
1064 651 1192 750 Angeli
1212 657 1248 726 et
1265 651 1396 726 deinde
1407 675 1475 747 per
1487 655 1640 727 Sanctam

321 779 496 874 usquead
523 803 552 850 s.
580 782 741 868 Petrum,
768 777 828 852 ubi
849 778 1043 852 celebravit
1065 778 1213 852 missam
1239 777 1443 850 solemnem
1468 782 1589 852 Rmus.
1604 783 1638 852 ll.

321 901 511 977 cardinalis
524 901 802 976 Mediolanensis
821 925 923 976 more
946 909 1135 990 consueto,
1158 902 1219 998 qui
1240 924 1312 974 non
1332 902 1429 976 venit
1449 902 1497 976 ad
1517 925 1643 1000 proces-

322 1028 461 1101 sionem
474 1026 544 1100 hoc
559 1050 679 1100 mane.
697 1027 821 1100 RRmi.
841 1031 916 1100 DD.
941 1027 1141 1101 cardinales
1159 1033 1194 1100 et
1215 1027 1369 1100 curiales
1389 1049 1464 1100 non
1484 1043 1641 1102 venerunt

321 1157 448 1226 euntes
463 1152 509 1224 ad
527 1151 700 1248 palatium
723 1152 903 1249 perviam
934 1157 1082 1227 Rectam
1114 1152 1169 1226 vel
1194 1155 1378 1244 Sanctam,
1404 1177 1450 1228 ne
1473 1153 1642 1226 turbarent

322 1283 486 1351 ornatum
503 1277 640 1350 viarum
654 1301 662 1368 ;
682 1275 746 1351 sed
761 1285 936 1352 venerunt
950 1301 1015 1375 per
1030 1277 1124 1351 viam
1140 1277 1329 1375 hospitalis
1347 1303 1377 1352 s.
1394 1278 1562 1375 Spiritus.
1579 1277 1644 1351 ntia

321 1404 444 1478 omnia
459 1402 646 1478 observata
661 1410 744 1478 sunt
760 1427 860 1477 more
883 1409 1073 1478 consuete.

371 1526 541 1618 Sabbato,
569 1526 694 1600 ultima
714 1527 798 1602 maii
818 1529 981 1626 proxime
1002 1529 1177 1626 preteriti,
1203 1533 1244 1603 D.
1272 1529 1459 1603 lohannes
1488 1529 1596 1602 Maria
1617 1535 1644 1602 et

322 1675 391 1749 ego
400 1653 605 1750 recepimus
624 1652 662 1724 in
681 1653 860 1750 collegam
874 1660 1038 1727 nostrum
1053 1653 1222 1727 inlocum
1246 1658 1290 1728 D.
1309 1652 1472 1751 episcopi
1490 1653 1643 1740 Pientini,

323 1779 365 1850 l).
383 1777 562 1851 Aldellum
578 1777 622 1852 de
640 1777 944 1853 Piccolomiuibus
964 1780 1242 1878 juxtatenorem
1258 1779 1376 1853 brevis
1392 1779 1593 1875 apostolici.

374 1903 478 1977 Faria
506 1903 643 2000 quinta,
671 1909 714 1977 12
726 1903 833 2002 junii,
860 1911 986 1977 octava
1012 1903 1177 2000 corporis
1198 1901 1342 1994 Christi,
1361 1907 1403 1975 R.
1432 1905 1473 1976 P.
1493 1905 1536 1976 D.
1552 1905 1647 1976 Cesar

324 2028 515 2126 episcopus
538 2028 731 2102 Amerinus
761 2027 955 2103 celebravit
984 2027 1132 2100 missam
1158 2027 1359 2100 solemnem
1386 2025 1423 2098 iu
1453 2023 1642 2099 ecclesias.

323 2151 445 2224 Marci.
460 2151 703 2224 interfuerunt
719 2158 858 2248 septem
875 2176 918 2228 eu
934 2154 1078 2226 RRmis.
1103 2156 1178 2226 DI).
1200 2150 1454 2240 cardinalibus,
1477 2147 1641 2232 videlicet,

322 2275 593 2374 Neapolitanus,
607 2301 635 2348 s.
649 2275 772 2366 Marci,
786 2279 1069 2375 andegavensis,
1081 2303 1108 2353 s.
1125 2276 1267 2374 Angeli,
1282 2275 1435 2350 Sabellis
1449 2281 1487 2348 et
1499 2276 1568 2348 duo
1583 2273 1642 2346 alii.

324 2401 426 2475 Dicto
438 2401 621 2475 offertorio
638 2425 703 2498 per
716 2401 961 2477 celebrantem
972 2405 1067 2478 venit
1083 2410 1230 2477 senator
1245 2424 1327 2475 cum
1344 2399 1643 2474 conservatoribus

325 2531 361 2598 et
376 2524 583 2598 obtulerunt
598 2525 635 2598 in
651 2549 778 2600 manus
794 2529 955 2628 episcopi
976 2530 1011 2603 in
1032 2528 1230 2604 faldistorio
1251 2551 1335 2602 cum
1350 2528 1457 2601 mitra
1477 2525 1640 2610 sedentis;

327 2649 500 2747 depositis
517 2649 752 2742 chirothecis,
780 2661 926 2728 senator
940 2656 1091 2730 calicem
1108 2677 1219 2728 uuum
1236 2675 1317 2726 cum
1334 2659 1467 2750 patena
1487 2657 1643 2748 argentea

326 2775 504 2862 inaurata,
535 2785 808 2851 conservatores
842 2803 926 2853 vero
961 2780 1110 2876 quilibet
1143 2802 1256 2854 unum
1288 2801 1435 2850 cereum
1465 2798 1640 2874 maguum
1691 2819 1692 2882 p

325 2899 455 2974 deinde
479 2900 668 2975 voluerunt
695 2902 821 2978 sedere
846 2905 914 3002 ipsi
944 2912 1091 2980 senator
1117 2913 1154 2980 et
1184 2909 1459 2980 conservatores
1482 2904 1519 2978 in
1536 2900 1640 2976 baucis
1691 2895 1692 2961 l

325 3021 560 3095 cardinalium
576 3025 622 3096 ad
635 3025 822 3101 dexteram
845 3029 940 3102 sedis
959 3034 1053 3128 Pape
1074 3031 1156 3127 quia
1180 3027 1382 3106 cardinales
1404 3027 1534 3124 prelati
1558 3025 1642 3100 sedc-

325 3149 411 3220 bant
423 3148 546 3221 inaliis
562 3150 686 3224 baucis
697 3151 742 3224 ad
758 3153 939 3227 sinistram
953 3156 1046 3229 dicte
1060 3158 1169 3246 sedis,
1182 3163 1216 3230 et
1233 3159 1342 3248 male,
1361 3157 1447 3252 quia
1459 3155 1640 3228 debuerunt

326 3273 452 3346 sedere
481 3274 642 3371 episcopi
662 3284 697 3350 et
716 3278 843 3374 prelati
864 3280 909 3353 ad
930 3281 1116 3355 dexteram
1139 3283 1243 3356 solii:
1265 3284 1329 3358 sed
1354 3305 1423 3380 ego
1449 3280 1546 3354 nolui
1571 3273 1639 3348 illud

325 3397 552 3495 permittere;
569 3398 640 3472 dixi
659 3402 754 3496 quod
770 3404 823 3476 vel
839 3403 875 3475 in
892 3406 1061 3500 gradibus
1082 3407 1176 3482 dicte
1198 3407 1293 3481 sedis
1310 3431 1348 3480 se
1364 3407 1529 3482 locarent
1545 3401 1593 3476 vel
1612 3399 1638 3470 in

327 3521 449 3594 baucis
467 3546 531 3618 pro
548 3524 752 3598 oratoribus
766 3525 801 3598 iu
818 3528 899 3602 loco
915 3539 1090 3603 consueto
1107 3531 1280 3606 ordinatis
1295 3531 1332 3604 iu
1345 3555 1416 3627 quo
1432 3530 1549 3603 nullus
1562 3529 1635 3610 erat,
1690 3507 1691 3525 ¹

326 3646 424 3742 quod
439 3669 524 3743 egre
544 3647 622 3720 tulit
641 3648 789 3723 Adaltus
806 3651 849 3725 de
867 3654 985 3750 Nigris
1007 3655 1092 3729 civis
1109 3680 1281 3730 romanus
1303 3663 1338 3730 et
1354 3655 1550 3730 bestialiter
1566 3646 1635 3723 mihi

328 3772 525 3868 respoudit.
544 3773 741 3848 Noluerunt
756 3799 901 3873 quoque
917 3779 951 3851 in
969 3779 1050 3854 loco
1066 3782 1230 3878 predicto
1246 3804 1285 3856 se
1300 3781 1436 3870 locare,
1455 3779 1521 3853 sed
1539 3797 1637 3851 reces-

328 3902 463 3988 serunt,
479 3897 573 3972 tacta
585 3901 842 3975 communione
856 3927 923 3999 per
936 3904 1195 3982 celebrantem.
1211 3908 1381 3981 Ordinata
1396 3905 1462 3978 tuit
1476 3898 1635 4002 processio

327 4047 427 4096 more
456 4032 631 4096 consueto
657 4031 705 4114 et,
728 4025 831 4124 finita
857 4029 980 4120 missa,
1004 4031 1193 4106 celebrans
1220 4033 1255 4105 iu
1277 4030 1453 4120 sacristia,
1489 4023 1635 4126 depositis

326 4147 482 4244 planeta,
507 4146 689 4238 tunicella,
720 4149 911 4225 dalmatica
926 4161 963 4226 et
979 4153 1161 4244 sandaliis,
1185 4159 1325 4255 accepit
1339 4157 1491 4254 pluviale
1505 4163 1539 4230 et
1555 4151 1635 4228 toba-

325 4273 421 4346 leam
437 4271 561 4344 subtus
577 4273 622 4344 ad
638 4273 782 4346 collum.
802 4279 893 4350 Ante
916 4277 1026 4351 altare
1052 4279 1222 4376 imposuit
1243 4282 1448 4370 incensum,
1465 4271 1632 4356 incensavit

329 4401 597 4467 sacramentum
611 4399 647 4468 et
659 4397 812 4491 portavit
828 4399 959 4473 illudin
973 4403 1245 4498 processionem
1258 4429 1266 4496 ;
1281 4415 1386 4480 extra
1397 4403 1632 4481 ecclesiamac·

328 4520 423 4616 cepit
438 4519 594 4592 mitram.
614 4520 821 4596 Cardinales
838 4526 952 4598 secuti
969 4533 1052 4600 sunt
1067 4536 1335 4603 sacramentum
1350 4553 1477 4606 omnes
1492 4519 1629 4629 predicti,

328 4651 479 4742 excepto
491 4645 726 4743 Neapolitano
743 4649 801 4744 qui
815 4652 975 4726 recessit.
993 4657 1077 4727 Post
1090 4655 1305 4746 cardinales,
1318 4657 1446 4754 prelati
1456 4663 1491 4732 at
1501 4641 1630 4729 scutiferi

329 4769 563 4843 cardinalium
578 4779 614 4844 et
631 4773 852 4869 prelatorum
872 4783 1061 4873 portarunt
1081 4803 1194 4876 prope
1216 4781 1382 4856 dominos
1408 4807 1491 4858 suos
1504 4783 1630 4879 postn-

189 4987 194 4996 ,
327 4901 552 4968 aramentum
567 4897 705 4993 singula
723 4899 903 4975 intorticia
921 4927 929 4975 :
950 4927 1093 4978 reverso
1110 4913 1339 4981 sacramento
1357 4909 1402 4981 ad
1418 4908 1540 4996 altere,
1556 4899 1629 4976 cele·

329 5015 437 5089 brans
465 5017 661 5096 incensavit
686 5023 826 5099 illudet
848 5027 925 5102 sine
946 5029 1053 5104 mitra
1079 5030 1265 5125 premissis
1286 5033 1471 5108 versiculis
1489 5061 1495 5106 :
1512 5031 1565 5104 Sit
1583 5043 1629 5096 ut
