3424 6038
67 450 292 516 [Noremhnettttt]
385 453 510 510 RERUM
535 453 762 512 URBANAHUM
787 453 1048 512 COMMENTAHll.
1330 455 1384 512 317

65 615 147 682 rata.
185 613 235 683 De
275 631 360 684 cera
387 632 531 684 camere
564 609 832 706 presidentibus
859 607 977 683 danda
1014 613 1050 682 et
1082 606 1215 682 nostris
1247 607 1384 682 salariis

65 731 187 806 notabo
198 733 234 806 in
249 734 410 808 secundo
424 735 538 809 latere
559 735 744 831 sequentis
766 734 858 808 lolii.

109 858 210 934 Faria
237 866 352 950 sexta,
377 858 501 934 ultima
534 859 705 951 octobris,
746 859 893 934 luerunt
930 859 1080 934 mutatio
1120 883 1315 958 capparum
1352 865 1388 934 et

67 1007 205 1080 vespere
217 983 363 1080 papales
378 983 415 1056 in
429 983 567 1081 capella
584 985 720 1082 majore
733 984 868 1080 palatii,
887 986 984 1082 Papa
995 991 1163 1081 presente
1177 985 1385 1083 incipiente.

110 1107 264 1182 Sabbato
289 1108 467 1204 sequenti,
494 1114 505 1180 t
533 1109 750 1200 novembris,
778 1107 871 1184 festo
893 1109 1054 1182 omnium
1077 1115 1299 1200 sanctorum,
1322 1110 1388 1184 luit

65 1232 167 1305 missa
181 1231 319 1328 papalis
336 1231 372 1304 in
390 1232 537 1306 basilica
556 1257 585 1306 s.
611 1233 706 1306 Petri
727 1257 835 1330 quam
853 1233 1046 1307 celebrarit
1061 1239 1183 1308 Rmus.
1204 1239 1251 1308 D.
1273 1236 1389 1309 cardi·

67 1357 148 1430 nalis
165 1357 430 1449 Ulixhonensis,
463 1361 560 1455 Papa
576 1369 760 1455 presente.
787 1363 1002 1433 Sermonem
1018 1359 1102 1432 lecit
1121 1358 1266 1455 quidam
1280 1361 1389 1434 trater

66 1483 193 1558 ordinis
220 1509 253 1559 s.
279 1483 392 1558 llarie
418 1485 463 1558 dc
485 1487 607 1558 ltlnnte
637 1483 815 1557 Carmelo.
847 1483 975 1558 Omnia
1002 1483 1071 1556 alia
1098 1491 1180 1556 sunt
1203 1485 1389 1559 observata

66 1631 159 1684 more
174 1618 364 1684 consueto.

110 1735 308 1826 Dominica,
321 1734 570 1824 anovembris,
580 1734 879 1809 commemoratio
893 1735 1054 1808 omnium
1070 1733 1231 1810 fidelium
1245 1735 1390 1812 deiunc-

68 1867 261 1958 torumque
278 1867 385 1959 prout
396 1860 821 1949 inbreviarioordinatur,
834 1859 870 1932 in
886 1858 1012 1932 teriam
1022 1859 1219 1933 secundam
1232 1883 1389 1957 sequen-

66 1991 132 2060 tem
148 1987 320 2060 translata
334 1993 404 2060 est.
423 1989 518 2084 Papa
534 1985 680 2058 indutus
701 1993 824 2059 manto
848 1990 884 2058 et
903 1984 1056 2081 capucio
1071 1983 1213 2059 inverso
1234 1985 1330 2059 venit
1344 1983 1389 2058 ad

68 2135 225 2208 resperas
244 2119 281 2186 et
296 2111 491 2186 matutinas
507 2112 760 2186 detunctorum
779 2134 849 2206 que
869 2109 991 2184 hahita
1010 2115 1093 2183 sunt
1109 2111 1144 2182 in
1158 2109 1297 2206 capella
1310 2132 1389 2183 ma-

66 2239 139 2333 jore
155 2239 299 2336 palatii:
323 2239 483 2314 fimbrias
504 2239 611 2312 simul
630 2238 799 2313 collectas
818 2235 971 2334 portavit
996 2233 1291 2336 archiepiscopus
1310 2235 1390 2310 Flo·

70 2363 221 2438 rentinus
236 2364 374 2462 primus
389 2364 576 2439 assistens.

114 2489 382 2564 Feriasecunda
395 2489 574 2586 sequenti,
589 2493 608 2563 3
625 2489 976 2580 novembris,bahita
989 2495 1043 2564 est
1055 2489 1092 2562 in
1108 2489 1234 2564 eadem
1251 2487 1390 2584 capella

72 2611 245 2712 missapro
261 2614 440 2688 defunctis
462 2638 572 2710 quam
597 2613 790 2688 celebravit
810 2619 934 2688 Rmus.
966 2618 1009 2688 D.
1033 2614 1147 2688 Julius
1170 2637 1199 2686 s.
1225 2611 1318 2688 Petri
1344 2611 1390 2686 ad

72 2736 211 2811 l'incula
227 2738 420 2814 cardinalis
436 2745 472 2813 et
489 2740 680 2836 episcopus
704 2739 878 2814 Ostiensis
900 2742 942 2812 D.
972 2743 1066 2837 Pape
1091 2740 1208 2837 major
1227 2738 1390 2835 peniten-

73 2860 204 2953 tiarius;
220 2862 277 2936 cui
291 2866 387 2960 Papa
402 2862 560 2936 interluit
574 2871 719 2960 paratus
738 2887 852 2961 cappa
869 2872 906 2938 et
924 2864 1030 2940 mitra
1051 2864 1223 2938 desubtus
1249 2863 1388 2936 habens

73 2986 230 3060 amicturn
243 2987 379 3077 album,
399 2987 582 3085 cingulum
599 2996 633 3063 ct
664 2989 793 3062 stolam
817 2989 1024 3080 violaceam,
1047 2995 1154 3089 prout
1175 2989 1283 3064 ctiam
1307 2987 1388 3062 heri

74 3134 146 3185 sero
166 3112 368 3188 habuerunt
392 3114 686 3187 mantellossuos
706 3113 916 3188 assistentes
945 3116 1036 3190 etin
1060 3114 1153 3189 collo
1179 3113 1329 3210 capucia
1350 3113 1388 3186 in

75 3237 208 3312 modum
223 3239 539 3330 cubiculariorum,
558 3247 594 3314 et
608 3241 678 3314 hoo
694 3263 800 3314 mane
814 3263 946 3337 cappas
963 3265 1044 3314 suas
1063 3265 1071 3314 ε
1090 3238 1241 3314 caudam
1262 3246 1297 3313 et
1312 3239 1390 3310 tim-

76 3358 158 3436 brias
173 3387 284 3462 cappe
300 3365 453 3461 portavit
468 3364 576 3440 etiam
597 3365 666 3438 hoc
688 3387 796 3438 mane
816 3365 1112 3463 archiepiscopus
1139 3364 1385 3453 Florentinum

77 3485 173 3583 Papa,
188 3495 269 3585 post
285 3489 447 3578 missam,
471 3489 622 3564 absolvit
643 3488 679 3562 in
697 3513 824 3586 cappa.
846 3490 926 3564 Alia
949 3491 1070 3564 omnia
1094 3497 1178 3564 sunt
1198 3489 1389 3564 observata

76 3619 169 3704 prout
187 3613 220 3686 in
241 3615 473 3688 ceremoniali
490 3615 691 3690 ordinatur.

120 3737 215 3810 Feria
234 3745 374 3834 quarta,
404 3745 424 3814 5
445 3740 663 3831 novembris,
691 3742 756 3816 luit
781 3741 1035 3818 consistorium
1061 3746 1240 3817 secretum
1260 3740 1296 3813 in
1317 3763 1388 3836 quo

78 3861 188 3935 Rmus.
211 3866 250 3936 P.
272 3867 314 3937 D.
340 3865 552 3940 Franciscus
575 3868 690 3942 sancti
710 3869 893 3942 Eustachii
916 3868 1088 3942 diaconus
1111 3865 1301 3940 cardinalis
1323 3869 1389 3938 Se-

79 3987 646 4090 nensisvulgariternuncupatus,
669 3995 787 4066 dictus
811 3994 878 4067 luit
901 3993 1041 4090 legatus
1069 3993 1113 4066 ad
1139 3991 1324 4065 Perusiam
1344 3992 1389 4064 de

77 4107 186 4188 latere.
215 4116 333 4190 Finito
363 4116 590 4208 consistorio,
620 4117 665 4191 ab
693 4118 859 4191 omnibus
885 4116 1027 4191 RRmis.
1060 4113 1300 4190 cardinalibus
1328 4112 1388 4209 qui

79 4237 274 4315 consistorio
305 4241 553 4333 interfuerant,
577 4241 742 4316 videlicet
767 4241 1072 4332 vicecancellario,
1095 4239 1330 4337 Neapolitano
1356 4262 1385 4311 s.

79 4359 160 4434 Petri
174 4365 217 4438 ad
239 4365 405 4458 Vincula,
423 4365 685 4463 Andegavensi,
709 4367 901 4465 episcopis,
929 4393 959 4440 s.
984 4365 1126 4463 Angeli,
1156 4364 1388 4455 Ulixbonensj

79 4481 117 4556 de
138 4489 340 4582 Comitibus,
373 4490 570 4582 Parmensi,
599 4491 835 4591 presbyteris,
867 4492 912 4566 dc
941 4496 1054 4583 Fure,
1078 4488 1200 4563 Sancti
1229 4487 1385 4584 Georgii,

79 4607 116 4684 dc
129 4613 284 4708 Sabellis,
303 4615 488 4702 Columna,
507 4616 551 4691 de
569 4618 706 4691 Ursinis
721 4625 758 4692 et
773 4617 941 4706 Ascanio,
968 4615 1129 4691 diaconis
1144 4612 1386 4689 cardinalibus

79 4741 290 4833 associatus,
312 4743 482 4840 equitavit
516 4723 657 4816 medius
691 4743 786 4817 inter
817 4742 860 4816 de
894 4747 994 4816 Fuxo
1031 4750 1065 4816 et
1096 4740 1208 4816 sancti
1244 4737 1387 4835 Georgii

79 4863 257 4942 cardinales
276 4867 314 4940 in
336 4869 461 4942 ultimo
483 4869 564 4944 loco
594 4868 796 4964 equitantes
820 4892 932 4965 usque
955 4867 1000 4941 ad
1028 4868 1177 4941 domum
1197 4888 1259 4938 sue
1283 4863 1386 4938 solite

77 4985 287 5069 habitationis
307 4993 619 5090 consistorialiter.
644 4994 913 5082 Antedomum,
938 4999 1065 5066 contra
1089 4990 1237 5078 ostium,
1260 5012 1385 5064 versus
1480 5031 1484 5042 ·

80 5117 180 5192 tamen
201 5119 350 5196 domum
356 5174 430 5194 .....
459 5119 503 5194 de
530 5118 726 5196 Gadarellis
756 5119 946 5194 firmarunt
973 5143 1011 5192 se
1035 5117 1197 5216 episcopi
1225 5123 1261 5192 et
1283 5140 1386 5215 pres·
