3422 6034
133 451 300 519 {Septembre
315 447 384 512 1191]
466 443 593 502 RERUM
617 442 845 502 URBANAHUM
868 443 1131 503 COMMENTARII.
1409 451 1458 506 -l'21

133 605 193 678 die
222 599 388 699 sequenti
414 597 535 694 hujuS,
563 602 620 684 10,
643 595 709 668 sibi
741 619 913 670 coronam
935 596 1014 668 lieri
1036 596 1201 694 permisit
1228 605 1264 673 et
1288 601 1460 674 roccheto

133 729 184 803 uti
200 725 351 824 incepit,
367 747 408 797 ac
424 729 504 820 post
520 721 710 817 prandium
727 726 870 794 Rmum.
889 725 932 794 D.
957 728 1081 797 sancte
1102 724 1291 796 Anastasia
1313 747 1460 820 promo-

133 865 252 931 torem
279 873 384 924 suum
410 847 541 945 primu,
574 845 704 920 deinde
735 849 1029 920 Beneventanum
1057 847 1258 921 cardinales
1284 850 1457 938 visitavit;

133 983 198 1056 SS.
217 982 261 1051 D.
279 981 443 1050 nostrum
459 973 601 1046 visitare
617 996 689 1045 non
705 973 819 1069 potuit
831 980 979 1070 propter
989 973 1067 1070 ejus
1078 972 1326 1048 infirmitatem
1345 999 1352 1046 :
1372 999 1460 1072 quas

132 1103 355 1178 visitationes
381 1099 466 1172 lecit
492 1098 528 1170 in
554 1097 727 1171 mantello
756 1121 829 1170 non
863 1099 899 1170 in
928 1121 1054 1195 cappa,
1080 1099 1163 1194 quia
1187 1099 1237 1172 sic
1267 1099 1380 1173 visum
1405 1108 1461 1175 est

131 1229 298 1330 predicto
313 1223 485 1299 cardinali
502 1229 625 1296 sancte
642 1223 827 1296 Anastasia
850 1222 1050 1319 promoturi
1066 1247 1143 1296 suo.
1162 1224 1325 1300 Visitavit
1340 1235 1458 1300 autem

131 1353 168 1424 S.
196 1355 240 1424 D.
258 1355 300 1424 N.
323 1349 408 1422 lune
432 1352 475 1424 12
495 1349 616 1446 hujus,
638 1355 721 1422 ante
748 1347 876 1421 horam
892 1347 1015 1436 misse,
1043 1349 1078 1420 in
1103 1349 1197 1422 lecto
1217 1351 1415 1446 jacentem,
1440 1377 1462 1425 1

131 1500 204 1573 quo
245 1475 428 1550 licentiam
460 1473 587 1548 habuit
623 1471 720 1569 quod
748 1475 873 1545 11111111.
904 1475 946 1544 D.
986 1471 1178 1546 cardinalis
1208 1474 1460 1549 Ulixbonensis

131 1601 251 1700 ipsum
278 1605 499 1700 consecret:
525 1598 656 1671 deinde
679 1597 776 1672 venit
796 1597 840 1670 ad
863 1597 1039 1694 capellam
1073 1597 1169 1672 idem
1193 1601 1235 1671 D.
1263 1598 1400 1673 electus
1426 1603 1459 1674 111

130 1751 248 1825 cappa
275 1723 472 1824 pontificali
501 1729 692 1814 consueta,
726 1722 861 1818 in'qua
887 1722 1010 1796 locum
1047 1723 1199 1797 oratoris
1234 1723 1461 1821 imperatoris

131 1851 348 1926 observavit.

182 1977 372 2052 Dominica
404 1981 445 2049 18
475 1973 610 2048 mensis
639 1973 855 2070 septembris
887 1973 1040 2071 proximi
1065 1975 1243 2071 preteriti,
1276 1980 1317 2049 R.
1348 1980 1386 2049 Ρ.
1416 1979 1458 2050 1).

130 2101 281 2178 Gabriel
302 2100 493 2199 episcopus
515 2097 726 2196 Adjacensis
741 2099 965 2172 consecravit
980 2099 1173 2173 ecclesiam
1194 2101 1308 2174 sancti
1329 2102 1460 2175 tuliani

128 2227 320 2326 hospitalis
357 2223 587 2298 Flandrensis
620 2220 664 2295 de
695 2221 804 2313 Urbe,
836 2247 919 2296 cum
947 2224 1062 2300 tribus
1082 2224 1268 2314 altaribus,
1293 2225 1461 2300 videlicet

128 2355 269 2452 majore
295 2359 332 2424 11
360 2350 396 2422 in
422 2349 600 2422 honorem
630 2347 744 2422 sancti
767 2348 911 2439 tuliani,
940 2349 977 2422 in
1002 2373 1072 2446 quo
1097 2352 1259 2448 reposuit
1289 2350 1460 2448 reliquias

127 2477 246 2552 sancti
278 2475 441 2574 Gregorii
477 2497 569 2571 pape
599 2479 635 2547 et
663 2471 835 2546 Praxedis
870 2473 1040 2570 virginis3
1079 2473 1168 2566 alio,
1199 2475 1244 2548 ad
1274 2475 1459 2550 sinistram

126 2599 296 2676 intrantis
311 2598 443 2673 dictam
459 2599 666 2689 ecclesiam,
685 2598 721 2670 in
736 2597 914 2672 honorem
928 2593 1173 2695 ap'ostolorum
1187 2601 1283 2674 Petri
1295 2607 1331 2675 11
1345 2602 1458 2691 Pauli,

128 2727 168 2800 in
201 2748 273 2821 quo
299 2725 461 2820 reposuit
484 2724 655 2820 reliquias
683 2725 719 2796 S.
746 2722 879 2796 Urbani
905 2747 997 2820 pape
1025 2731 1061 2798 et
1089 2725 1247 2800 martiris
1273 2735 1308 2798 11
1336 2733 1459 2800 sancte

127 2849 300 2948 Agnetis;
320 2850 426 2923 tertio
442 2851 606 2946 opposito
622 2848 781 2921 secundo
797 2847 833 2920 in
855 2848 1033 2921 honorem
1048 2849 1153 2924 beate
1170 2851 1281 2924 Marie
1297 2849 1457 2947 virginis,

126 2977 166 3052 in
182 3001 253 3074 quo
268 2977 428 3074 reposuit
450 2973 620 3072 reliquias
643 2999 672 3048 S.
696 2973 880 3050 Valentini
896 2979 932 3046 et
948 2974 1131 3048 Hermolai
1147 2973 1457 3072 presbyterorum,

128 3125 188 3174 me
204 3107 374 3200 presente
391 3107 427 3173 et
442 3100 683 3190 ministrante,
716 3105 751 3172 et
767 3085 966 3174 observavit
988 3100 1023 3172 111
1042 3099 1250 3198 hujusmodi
1266 3124 1460 3174 consecra-

128 3227 228 3300 tione
251 3225 373 3300 omnia
394 3231 499 3322 prout
522 3227 559 3298 in
587 3225 805 3322 pontificall;
832 3231 868 3298 et
897 3249 941 3298 ea
968 3225 1070 3298 linita
1094 3225 1288 3299 celebravit
1311 3227 1459 3301 missam

127 3352 330 3425 solemnem
353 3349 599 3448 pontificalem
622 3349 667 3422 de
690 3349 978 3438 consecratione,
1002 3357 1108 3446 prout
1130 3349 1167 3421 in
1193 3350 1390 3447 pontificali
1415 3351 1459 3425 de

127 3500 230 3550 more
260 3475 477 3550 ordinatum.
508 3477 571 3549 SS.
609 3479 652 3548 D.
685 3477 726 3550 N.
759 3474 939 3548 concessit
967 3473 1229 3570 indulgentiam
1260 3473 1460 3571 plenariam

126 3601 298 3676 omnibus
330 3600 497 3674 eamdem
533 3599 726 3674 ecclesiam
762 3598 891 3672 eadem
925 3599 982 3671 die
1016 3599 1256 3689 visitantibus
1274 3599 1311 3672 111
1344 3601 1461 3676 lomna

127 3725 283 3800 ecclesie
299 3731 485 3816 consueta,
499 3747 612 3820 usque
626 3723 672 3797 ad
687 3747 857 3799 occasum
871 3723 957 3796 solis
970 3722 1136 3820 ejusdem
1150 3721 1221 3794 diei
1234 3721 1456 3794 duraturam.

176 3850 286 3941 lovis,
310 3849 507 3923 tamensis
523 3849 753 3947 septembris,
772 3849 809 3922 in
824 3847 981 3922 ecclesia
995 3848 1101 3924 beate
1117 3847 1229 3922 Maria
1245 3847 1290 3921 de
1308 3849 1457 3946 Populo,

129 3985 170 4054 ll.
189 3983 230 4052 P.
248 3982 292 4052 D.
311 3975 454 4050 Gabriel
469 3977 661 4074 episcopus
676 3974 887 4072 Adjacensis
902 3973 1097 4050 celebravit
1113 3973 1260 4046 missam
1277 3973 1459 4070 publicam

128 4129 193 4204 pro
209 4105 372 4202 exequiis
386 4103 482 4176 bone
504 4101 679 4177 memorie
701 4101 890 4198 Alphonsi,
916 4099 1076 4196 episcopi
1099 4097 1399 4195 Pampilonensis,
1422 4098 1459 4170 in

129 4231 224 4304 ltmi.
244 4235 287 4304 D.
310 4229 502 4305 cardinalis
520 4225 774 4302 Ulixbonensis
796 4232 832 4300 et
849 4225 1045 4298 multorum
1060 4222 1282 4321 prelatorum
1303 4223 1460 4296 11111111-

127 4356 270 4430 liarium
294 4354 530 4431 cardinalium
561 4351 755 4452 presentia.
783 4353 1022 4423 Funestorum
1047 4347 1192 4420 luerunt
1219 4369 1371 4420 numero
1394 4347 1459 4421 tri-

128 4461 250 4579 ginta3
268 4481 365 4554 circa
385 4479 601 4555 catalectum
623 4477 741 4574 posita
763 4483 845 4548 sunt
867 4471 1048 4548 intorticia
1069 4471 1204 4568 viginti,
1227 4471 1396 4546 videlicet
1419 4473 1457 4546 in

128 4605 289 4704 quolibet
305 4606 418 4680 latere
439 4604 581 4696 decem,
607 4603 704 4676 circa
726 4599 947 4698 sepulturam
969 4603 1135 4694 quatuor,
1160 4595 1324 4694 predicto
1342 4597 1460 4671 cardi-

126 4731 209 4806 nale
232 4729 284 4804 sic
306 4730 448 4808 volente
480 4755 488 4803 :
518 4755 583 4828 pro
613 4725 813 4804 elevatione
843 4721 1060 4798 sacramenti
1091 4730 1256 4820 quatuor,
1288 4723 1461 4798 cardinali

125 4854 293 4952 predicto
309 4855 432 4929 datum
447 4878 560 4928 unum
579 4851 778 4929 celebranti
794 4858 830 4924 et
850 4873 962 4922 unum
985 4847 1177 4922 Francisco
1202 4845 1461 4921 bartholomeo

127 4980 265 5054 ordinis
280 4979 560 5078 predicatorum,
578 4978 638 5077 qui
655 4977 740 5052 lecit
756 4997 976 5050 sermonem.
996 4973 1146 5048 Prelatis
1162 4979 1198 5047 et
1213 4973 1363 5047 lunestis
1379 4973 1461 5047 date

127 5115 211 5182 sunt
238 5107 355 5181 laculo
389 5105 540 5181 duarum
570 5103 758 5195 librarum,
793 5125 946 5200 quarum
977 5107 1123 5176 centum
1152 5097 1274 5196 viginti
1300 5098 1463 5172 ordinate
