3600 6094
99 463 175 528 uou
190 464 265 528 ¹4⁸⁴]
436 462 563 521 nuauu
588 461 816 521 unaluusuu
843 443 1104 521 εειιιιειιιιιιιι.
1401 464 1437 518 oe

144 617 397 692 bernardinus
413 617 457 690 de
474 621 623 708 Lunate,

144 743 371 818 Franciscus
386 743 430 818 de
446 747 566 833 Curte,

143 866 320 942 Nicolaus
335 866 526 957 Jocomini,

143 995 337 1069 lohannes
353 996 467 1070 Ruble
484 997 700 1094 pro-‘Jacobo
716 995 760 1068 de
778 1018 807 1066 ε.
826 991 997 1079 Genesio,

143 1120 336 1194 lohannes
352 1121 510 1196 Lomber
523 1144 588 1218 pro
604 1119 830 1193 Theodorico
847 1117 891 1192 de
909 1115 1139 1212 Cocleghoin.

147 1250 255 1336 ltem,
276 1245 375 1318 idem
398 1247 462 1322 SS.
488 1249 531 1320 u.
555 1248 597 1320 N.
621 1243 772 1341 signavit
792 1249 828 1317 et
846 1267 912 1343 pro
931 1267 988 1317 mc
1010 1243 1116 1318 aliam
1140 1243 1438 1342 supplicationem

100 1395 210 1468 super
240 1369 474 1469 prepositura
510 1371 714 1445 Induerstat
742 1373 843 1443 extra
877 1393 1000 1444 muros
1039 1371 1343 1470 bambergenses,
1372 1397 1440 1472 per

98 1495 373 1596 promotionem
390 1499 433 1570 b.
452 1495 654 1593 ltloguntini
670 1500 889 1569 vacaturam.

145 1625 250 1695 Motu
282 1621 444 1722 proprio.
476 1619 615 1694 Dilecto
649 1619 725 1725 filio
753 1619 906 1694 tohanni
937 1597 1147 1694 Boi-charde
1171 1620 1348 1695 canonico
1376 1645 1438 1695 ec-

99 1747 208 1824 clesie
234 1747 353 1822 sancti
378 1747 515 1822 Thome
534 1745 826 1842 Argentinensis,
853 1746 1013 1844 cappello
1038 1751 1160 1820 nostre
1181 1745 1315 1820 clerico
1336 1770 1440 1821 oere-

98 1874 308 1948 moniarum
337 1872 449 1970 quiin
473 1871 633 1946 conclavi
656 1872 910 1970 assumptionis
935 1880 1059 1948 nostre
1084 1874 1128 1948 ad
1148 1872 1289 1972 apicem
1310 1875 1441 1949 summi

99 1978 332 2098 apostolatus
360 1997 465 2072 nobis
489 1996 614 2088 astitit,
644 1996 838 2096 specialem
867 1998 1018 2094 gratiam
1049 1999 1169 2074 lacere
1198 1999 1442 2091 retentasse

100 2126 332 2224 prepositura
359 2123 513 2198 ecclesie
537 2125 646 2198 Reate
670 2123 782 2198 Maria
808 2147 837 2195 ε.
865 2123 1019 2216 Genulti,
1047 2129 1086 2198 ut
1107 2125 1282 2198 asseritur
1301 2125 1442 2200 nu'ncu-

102 2256 197 2348 pate,
215 2255 335 2338 extra,
358 2273 421 2322 seu
440 2271 553 2348 prope
574 2271 699 2322 muros
722 2250 1021 2346 bambergenses
1040 2273 1109 2347 que
1129 2249 1217 2322 inibi
1232 2249 1440 2348 principalis

105 2373 260 2470 dignitas
286 2371 420 2462 existit,
451 2371 560 2446 eliam
592 2371 621 2446 si
652 2377 797 2445 curatus
831 2371 967 2447 electus
998 2395 1039 2447 ac
1069 2372 1363 2472 jurisdictionalis
1395 2374 1440 2449 sit

106 2501 205 2596 cujus
225 2499 368 2573 fructus
392 2497 557 2572 videlicet
575 2520 645 2571 xxx
664 2519 786 2571 marce
813 2499 952 2595 argenti
978 2499 1178 2572 secundum
1205 2521 1439 2574 communem

106 2624 373 2700 estimationem
395 2622 527 2698 valoris
550 2622 660 2698 annui
680 2647 754 2696 non
774 2623 970 2714 excedunt,
992 2647 1114 2720 quam,
1137 2647 1203 2722 per
1222 2623 1439 2698 electionem

106 2748 222 2824 dilecti
247 2749 318 2824 filii
340 2752 387 2824 Β.
416 2749 460 2824 de
484 2749 702 2846 Henneberg
725 2745 822 2822 illam
844 2748 1058 2842 obtinentis,
1082 2750 1127 2824 ad
1154 2749 1346 2826 eeclesiam
1366 2754 1441 2826 Mo·

107 2875 314 2968 guntinam‚
350 2897 467 2973 nuper
492 2871 648 2971 pastoris
680 2871 808 2946 solatio
835 2872 1062 2964 destitutam,
1091 2874 1242 2964 tactam,
1273 2897 1440 2948 exnunc

104 3021 229 3074 vacare
268 3000 499 3074 decernimus
525 3006 559 3075 et
584 3000 823 3092 declaramus⁷
848 3000 989 3075 etiamsi
1011 3025 1078 3099 per
1099 3001 1231 3075 dictam
1254 3001 1443 3076 electionis

106 3125 416 3204 confirmationem
452 3129 513 3200 aut
540 3147 670 3200 novam
694 3126 956 3224 perlectionem
985 3125 1079 3200 dicte
1108 3126 1262 3202 ecclesie
1279 3150 1351 3224 per
1373 3149 1440 3200 nos

108 3247 280 3343 fiendam,
309 3258 371 3326 aut
395 3251 557 3326 muueris
580 3251 864 3326 consecrationis
887 3251 1170 3352 impensionem,
1189 3279 1253 3329 seu
1275 3277 1342 3352 per
1361 3253 1440 3352 lap-

109 3397 182 3447 sum
201 3376 377 3476 temporis
392 3377 437 3451 de
454 3377 709 3453 consecrandis
726 3377 906 3476 episcopis
922 3383 983 3453 aut
1002 3377 1089 3453 alias
1105 3379 1229 3478 quovis
1251 3378 1359 3454 modo
1375 3401 1439 3452 scu

110 3522 149 3573 ex
173 3501 321 3576 alterius
341 3502 601 3599 cujuscumque
620 3525 794 3604 persona,
817 3526 880 3577 seu
900 3527 966 3601 per
984 3502 1136 3578 liberam
1156 3503 1439 3604 resignationem

109 3623 187 3700 dicti
208 3629 251 3702 B.
271 3633 333 3702 aut
348 3627 504 3726 cujusvis
520 3623 668 3702 alterius
684 3627 729 3701 de
747 3627 810 3702 illa
828 3627 865 3700 in
880 3643 1030 3702 'romana
1045 3627 1145 3703 curia
1162 3629 1219 3703 vel
1235 3634 1337 3704 extra
1358 3651 1438 3706 eam

109 3751 209 3826 etiam
237 3776 361 3828 coram
376 3752 517 3827 notario
532 3752 678 3852 publico
694 3758 731 3826 et
744 3753 895 3827 testibus
911 3759 1038 3853 sponte
1053 3754 1185 3828 tactam
1198 3753 1255 3829 vel
1266 3753 1437 3848 fiendam,

108 3882 213 3968 vacet,
241 3877 297 3951 vel
312 3877 528 3970 devolutam,
547 3877 714 3954 affectam
731 3878 935 3976 specialiter
952 3878 1008 3953 vel
1028 3878 1116 3954 alias
1132 3903 1176 3954 ex
1191 3879 1313 3976 quavis
1332 3901 1441 3956 causa

109 4001 319 4094 generaliter
349 4010 544 4094 reservata,
565 4003 740 4101 litigiosa,
771 4005 876 4102 cujus
895 4003 967 4079 litis
996 4009 1110 4080 status
1134 4004 1280 4096 existat,
1299 4005 1440 4080 etiamsi

110 4146 168 4218 per
183 4128 480 4204 constitutionem
494 4128 731 4220 Ececrobz'lis,
748 4129 803 4204 vel
821 4129 1087 4204 assecutionem
1106 4130 1275 4206 beneficii
1291 4129 1439 4204 atterius

111 4251 224 4341 quavis
255 4253 472 4328 authoritate
509 4253 676 4328 collatam
704 4259 818 4344 vacet,
850 4253 969 4327 eidem
999 4253 1153 4328 tohanni
1188 4253 1435 4352 providemus,

113 4382 287 4452 cassantes
313 4401 439 4452 omnes
461 4383 497 4454 et
520 4377 678 4474 singulas
704 4378 927 4477 provisiones
954 4403 1018 4454 seu
1048 4379 1254 4453 mandatum
1282 4379 1327 4452 de
1343 4364 1435 4476 'pro-

114 4494 255 4576 videndo
278 4503 308 4576 si
332 4503 428 4600 quod
446 4527 511 4600 pro
536 4502 614 4578 aliis
639 4503 704 4578 sub
729 4503 856 4578 eadem
882 4504 937 4579 vel
964 4503 1087 4601 quavis
1111 4503 1181 4578 alia
1208 4503 1329 4578 datum
1353 4503 1432 4577 fieri

114 4627 329 4724 contingeret
356 4654 364 4702 :
391 4652 464 4703 non
493 4628 718 4704 obstantibus
745 4629 1059 4704 constitutionibus
1082 4636 1118 4704 et
1146 4629 1430 4704 ordinationibus

114 4752 308 4844 apostolicis
332 4754 493 4830 Ecclesia
508 4755 728 4854 juramento,
747 4755 937 4847 roboratis
956 4755 1096 4830 statutis
1121 4756 1323 4853 ceterisque
1340 4781 1429 4832 con·

117 4875 220 4951 trariis
238 4878 524 4977 quibuscumque
541 4904 623 4954 cum
639 4881 808 4955 clausulis
824 4881 1053 4980 opportunis,

154 5003 226 5076 Fiat
240 5011 341 5078 motu
356 5005 515 5104 proprio.
533 5009 588 5079 to.
607 5009 795 5080 Burrrsru.

156 5129 194 5203 Et
218 5153 301 5206 cum
320 5131 468 5206 decreto
477 5138 513 5206 et
536 5131 778 5207 declaratione
794 5132 978 5228 predictis„
1001 5139 1133 5208 etcum
1151 5133 1431 5234 clausulagene-
