3508 6034
129 483 208 546 [uram
224 485 292 546 usa]
464 482 591 540 RERUM
615 482 843 540 URBANARUM
868 481 1129 540 COMMENTARH.
1408 491 1456 545 451

130 658 196 730 per
224 658 309 708 eum
332 634 517 710 iaciendas
544 634 611 708 sibi
635 635 861 709 ostendendo
890 641 926 708 et
950 634 1073 708 omnia
1095 635 1163 708 sibi
1187 636 1367 712 narrando
1390 661 1460 733 que

125 759 315 832 introitum
352 783 458 832 suum
484 769 749 834 concernerent
775 785 819 834 ac
843 783 910 858 per
934 784 1019 836 eum
1049 760 1215 834 iacienda
1238 784 1281 834 ac
1308 761 1460 836 dicenda

126 888 266 972 essent;
285 884 382 980 quod
408 891 444 958 et
459 884 541 959 leci.
561 885 694 982 Rogavi
711 885 818 959 etiam
834 886 1064 962 Sanctitatam
1083 910 1186 960 suam
1200 892 1240 960 nt
1251 885 1461 984 dignaretur

126 1007 300 1082 mandare
322 1008 359 1081 in
381 1011 536 1085 adventu
553 1009 637 1084 dicti
653 1011 843 1084 cardinalis
865 1011 1005 1086 debitas
1021 1011 1247 1086 ceremonias
1263 1011 1457 1100 observari,

128 1131 294 1206 videlicet
308 1133 406 1229 quod
420 1133 539 1206 nullus
555 1133 790 1207 cardinalium
806 1158 849 1208 aa
865 1134 936 1224 die,
954 1159 1025 1232 qua
1035 1135 1081 1208 ad
1096 1135 1230 1209 dictum
1243 1140 1459 1208 conventum

127 1263 297 1330 venturus
310 1265 420 1348 essct,
437 1257 504 1331 sibi
516 1259 658 1332 obviam
668 1258 806 1333 veniret
817 1259 872 1334 vel
888 1259 1060 1334 familiam
1073 1260 1245 1352 mitteret,
1257 1261 1320 1334 sed
1332 1283 1459 1334 omnes

126 1381 161 1452 in
176 1405 298 1470 mana,
313 1406 396 1455 cum
414 1383 670 1458 consistorium
693 1390 791 1460 esset
809 1383 1034 1477 introiturus,
1057 1386 1178 1484 ipsum
1199 1385 1357 1484 primum
1376 1385 1459 1458 visi-

127 1513 244 1580 tarent
260 1513 296 1582 et
311 1509 533 1583 associarent
552 1510 678 1583 ordine
698 1509 816 1583 solito.

171 1632 309 1706 Placuit
323 1633 432 1730 igitur
448 1635 636 1710 Sanctitati
653 1660 717 1710 sue
738 1659 861 1708 meum
881 1635 1106 1733 propositum
1122 1643 1158 1712 et
1175 1637 1263 1712 mihi
1279 1635 1459 1712 commisit

128 1757 225 1852 quod
239 1759 328 1832 illud
343 1759 584 1834 cardinalibus
613 1785 871 1859 proponerem,
895 1787 940 1837 ex
959 1761 1082 1838 officio
1097 1787 1181 1838 meo
1195 1778 1270 1838 non
1285 1785 1329 1838 ex
1354 1787 1458 1837 man-

128 1882 211 1956 dato
235 1906 319 1974 suo;
344 1885 441 1982 quod
463 1892 498 1959 et
515 1886 584 1960 leci
600 1887 779 1982 aliquibus
795 1893 948 1979 tantum,
966 1888 1455 1978 videlicetvicecancellarm,

129 2012 397 2099 Beneventano,
409 2035 439 2084 a.
453 2011 656 2104 Anastasio,
671 2013 835 2105 Senensi,
851 2013 1065 2105 camerario,
1084 2013 1214 2088 Ursino
1235 2021 1272 2088 et
1283 2014 1455 2102 Ascanio;

128 2133 257 2228 quibus
289 2134 455 2209 omuibus
484 2137 619 2234 placuit
644 2161 727 2212 mea
753 2139 951 2231 sententia3
981 2139 1276 2214 vicecancellario
1303 2139 1458 2212 addente

131 2257 220 2331 alias
236 2259 273 2332 iu
286 2261 439 2334 adventu
456 2262 550 2335 bone
566 2264 742 2338 memorie
756 2263 947 2338 cardinalis
960 2265 1004 2339 de
1014 2270 1113 2339 Fuxo
1125 2264 1223 2338 idem
1238 2264 1349 2338 fnisse
1363 2265 1459 2337 inter

127 2407 189 2458 eos
199 2390 374 2458 statutum
385 2393 421 2460 et
437 2387 642 2462 ordinatum
659 2393 694 2462 et
708 2394 795 2462 tunc
811 2388 919 2462 etiam
935 2390 1187 2478 observatum,
1205 2387 1336 2461 babilis
1352 2412 1459 2486 prop-

129 2513 231 2581 terea
245 2533 310 2605 per
321 2533 379 2584 me
392 2511 534 2584 duobus
550 2513 628 2586 eliis
645 2514 751 2586 sociis
767 2537 833 2611 pro
846 2513 915 2588 bac
927 2538 980 2605 re,
997 2513 1082 2588 hinc
1093 2519 1129 2588 et
1143 2512 1227 2586 inde
1246 2535 1457 2609 persuasum

123 2632 158 2708 id
186 2640 242 2708 est
279 2635 325 2711 ad
348 2635 437 2709 alios
462 2637 676 2726 cardinales
702 2638 864 2735 pluribus
891 2638 1032 2713 vicibus
1059 2637 1253 2736 equitando
1279 2663 1352 2712 non
1378 2661 1457 2710 mo-

127 2755 221 2830 dicis
235 2759 435 2853 laboribus,
455 2785 539 2834 cum
553 2762 641 2836 alias
656 2763 849 2836 cardinalis
867 2764 911 2837 de
928 2763 1065 2838 Ursinis
1083 2771 1266 2862 tamquam
1286 2760 1406 2836 affinis
1421 2767 1458 2832 et

125 2887 306 2986 Ascanius
330 2896 515 2986 tamquam
533 2889 723 2986 singularis
750 2891 888 2964 amicus
913 2890 1062 2963 omnino
1085 2889 1262 2960 interesse
1282 2883 1379 2958 dicta
1398 2881 1456 2954 die

128 3016 301 3090 adventus
315 3013 370 3088 sui
381 3038 402 3086 a
415 3039 444 3087 s.
459 3014 573 3087 Maria
584 3014 628 3087 de
647 3015 783 3112 Populo
795 3023 830 3090 et
845 3014 912 3089 sibi
926 3013 1198 3088 obviamuenire
1208 3009 1453 3095 ordinassent;

128 3139 270 3215 obtinui
290 3138 435 3214 tandem
458 3139 620 3212 omnium
643 3140 888 3236 predictorum
911 3161 1144 3229 consensum,
1172 3135 1269 3232 quod
1288 3132 1406 3206 nullus
1422 3131 1454 3204 ei

126 3265 271 3340 obviam
286 3265 478 3362 iretprima
488 3264 546 3339 die
561 3263 734 3361 predicta,
750 3265 848 3361 quod
867 3266 976 3340 etiam
990 3265 1057 3339 luit
1072 3288 1137 3362 per
1152 3287 1215 3337 eos
1227 3259 1456 3336 laudabiliter

124 3389 369 3463 observatum.
388 3393 434 3463 Ut
449 3389 558 3464 etiam
576 3390 686 3486 hujus
701 3390 907 3481 cardinalis,
926 3393 1029 3488 cujus
1049 3413 1183 3464 nomen
1204 3393 1282 3462 arat
1296 3389 1454 3460 loannes

122 3515 309 3588 Laurentii
319 3514 363 3588 de
377 3513 527 3588 Medicis
544 3515 631 3588 civis
649 3515 847 3590 Florentini
869 3517 965 3590 lilius
982 3512 1304 3612 secundogenitus,
1320 3506 1455 3603 aliquid

119 3640 310 3729 habeatur,
335 3639 413 3735 ejus
440 3639 663 3714 creationem
687 3641 733 3714 de
757 3667 842 3738 qua,
871 3641 953 3716 c'um
974 3647 1116 3716 secreta
1134 3640 1243 3714 luerit
1262 3635 1338 3726 diu,
1363 3631 1456 3718 nihil

121 3765 210 3854 dixi,
227 3765 385 3840 breviter
409 3765 582 3839 recitabo.

169 3894 216 3979 ls,
231 3889 288 3964 die
299 3890 396 3980 lune,
411 3889 577 3978 dmartii,
594 3913 690 3964 anno
707 3913 729 3966 a
743 3891 925 3966 nativitate
936 3891 1081 3966 Domini
1092 3891 1451 3975 MCCGCXXCVllll,

122 4014 255 4110 quiain
270 4014 412 4089 decimo
428 4014 553 4110 quinto
569 4015 674 4088 etatis
688 4039 854 4090 sueanoo
874 4015 1091 4090 constitutus
1103 4021 1179 4090 erat
1194 4038 1277 4090 cum
1295 4013 1453 4109 quinque

124 4139 207 4212 aliis
219 4139 460 4213 cardinalibus
470 4147 555 4213 tunc
566 4139 803 4237 publicatisin
814 4141 1034 4215 cardinalem
1049 4147 1256 4238 assumptus
1266 4145 1302 4212 et
1312 4142 1455 4211 creatus

122 4265 205 4354 luit,
223 4287 306 4336 cum
319 4264 563 4362 prohibitione
580 4271 703 4339 tamen
722 4289 894 4363 expressa
910 4290 955 4339 ne
974 4265 1067 4339 intra
1084 4263 1278 4340 triennium
1301 4285 1347 4336 ex
1365 4267 1453 4334 tunc

119 4537 221 4611 quinae
238 4553 299 4607 ans,
320 4540 401 4611 grece
421 4555 476 4594 aux
497 4537 657 4596 demarcbes
680 4541 851 4597 incessantes
870 4540 904 4596 de
924 4555 974 4596 son
997 4542 1071 4612 pere,
1088 4537 1220 4596 Giovanni
1239 4537 1280 4594 lut
1299 4537 1372 4594 cleve
1391 4539 1408 4592 d
1426 4535 1452 4592 la

121 4624 230 4699 dignita
242 4625 276 4681 de
294 4626 426 4698 cardinal,
441 4644 506 4684 aveo
521 4627 642 4698 defense,
657 4627 793 4698 toutefois,
809 4628 843 4686 de
857 4628 973 4702 prendre
987 4627 1026 4683 les
1041 4627 1165 4700 insignes
1180 4627 1213 4682 de
1226 4643 1276 4682 son
1287 4643 1357 4700 rang
1370 4631 1452 4682 avant

117 4713 190 4770 trois
216 4717 317 4770 anates
341 4716 476 4781 resolues,
502 4715 567 4789 qu'il
587 4716 678 4773 devait
692 4720 861 4790 employera
881 4715 1028 4790 completor
1050 4733 1095 4772 ses
1117 4715 1222 4772 eludes.
1242 4714 1263 4770 ll
1284 4715 1342 4770 laul
1359 4731 1452 4770 recon-

117 4804 208 4857 naltra
223 4819 277 4874 que
295 4801 318 4858 si
338 4803 457 4860 Laurenl
477 4803 518 4860 lut
539 4803 697 4878 infatigable
718 4810 734 4862 a
753 4805 888 4862 travaillar
909 4809 926 4862 t
946 4804 1101 4861 l’tltration
1120 4805 1154 4861 de
1174 4821 1223 4861 son
1244 4803 1299 4871 fils,
1316 4803 1334 4860 il
1353 4821 1387 4859 ne
1409 4807 1455 4858 ne-

117 4889 212 4962 gliges
231 4890 288 4946 rien
308 4891 412 4950 d'autre
431 4899 493 4966 part.
514 4909 583 4965 pour
603 4893 628 4950 le
650 4895 747 4951 rendre
768 4894 851 4966 digne
873 4893 921 4949 des
940 4893 1061 4967 dignitas
1079 4895 1145 4950 dont
1163 4912 1198 4950 on
1219 4892 1359 4950 l'accnbla.
1383 4893 1453 4967 Voy.

117 4977 251 5036 Roseae:
270 4979 328 5036 The
343 4983 394 5052 lise
412 4985 449 5054 of
462 4983 594 5038 lor-emo
615 4983 658 5036 de*
679 4985 894 5052 Medici,1825,
914 4989 934 5039 t.
956 4983 992 5048 ll,
1007 5000 1037 5056 p.
1064 4984 1113 5039 ΙΙ8
1134 4989 1163 5040 et
1179 4982 1298 5057 append.
1315 4989 1359 5038 n⁰⁵
1373 4983 1408 5038 54
1430 4987 1457 5037 et

118 5065 243 5124 suivants
263 5067 301 5125 du
321 5075 409 5127 meme
429 5089 550 5146 ouvrage
566 5087 573 5126 :
592 5071 649 5128 The
672 5073 724 5144 lise
744 5075 806 5128 and
820 5073 991 5144 Pontificate
1006 5075 1042 5144 of
1052 5073 1108 5128 Leo
1124 5075 1171 5128 the
1186 5073 1276 5144 tenth,
1297 5073 1376 5142 1828,
1391 5077 1412 5130 t.
1430 5071 1451 5140 l,

119 5175 147 5230 p.
168 5157 199 5213 15
214 5162 242 5214 et
257 5157 342 5228 suiv„
357 5165 384 5217 et
398 5160 515 5236 append.
531 5167 551 5218 t.
567 5159 614 5230 ΙΙΙ,
629 5171 673 5217 n⁰⁸
689 5163 759 5217 Ι-ΙΙ.
