3424 6038
309 441 362 496 242
765 435 940 492 lOllltNNlS
966 431 1188 502 abacelam,
1441 431 1553 496 [Ferrier
1568 437 1629 502 tuat]

357 592 462 668 Faria
483 592 655 682 secunda,
683 593 727 662 26
750 586 932 694 februarii,
956 587 994 660 in
1018 585 1265 686 carnisprivio,
1290 587 1328 660 in
1350 585 1470 684 platea
1488 611 1517 659 s.
1545 590 1632 662 Petri

313 718 502 793 hastilusio
522 741 624 794 more
641 715 776 806 italico,
795 719 830 787 et
847 713 904 788 die
923 712 1090 809 sequenti
1106 711 1233 786 ultimo
1247 709 1471 806 carnisprivii
1491 734 1555 810 pro
1569 736 1633 786 uno

312 844 421 941 pallio
446 843 606 918 bruccati
632 841 771 940 argenti
793 840 1030 938 longitudinis
1057 839 1164 914 trium
1192 862 1394 916 cannarum
1418 843 1455 912 et
1476 839 1568 914 ultra
1589 839 1633 914 vel

319 970 427 1061 circa,
455 969 632 1044 subducto
650 966 810 1066 panteris
833 966 953 1058 variis,
976 964 1074 1062 quod
1092 965 1219 1040 habuit
1245 965 1393 1063 quidem
1420 965 1578 1064 armiger
1596 966 1634 1040 dc

316 1093 490 1184 Columna
505 1092 631 1166 eadem
652 1093 709 1167 die
729 1092 855 1166 martis
875 1091 912 1166 in
935 1115 1030 1166 sero.

358 1217 462 1292 Feria
479 1223 618 1314 quarta,
643 1222 687 1290 28
710 1223 745 1290 et
769 1217 896 1293 ultima
919 1217 1104 1308 februarii,
1127 1217 1205 1292 dies
1231 1218 1410 1308 cinerum,
1435 1222 1501 1294 SS.
1524 1223 1565 1294 D.
1582 1221 1632 1308 ll„

308 1343 453 1417 indutus
482 1343 630 1434 amicto,
661 1343 755 1430 alba,
788 1342 947 1440 cingulo,
979 1342 1072 1418 stola
1099 1340 1272 1433 violacea,
1302 1342 1446 1443 pluviali
1475 1345 1587 1418 rubeo
1605 1351 1633 1416 et

307 1469 413 1544 mitra
439 1468 484 1542 de
508 1467 617 1566 perlis
639 1467 814 1564 simplice,
838 1467 935 1542 venit
960 1469 1004 1542 ad
1026 1468 1204 1566 capellam
1230 1471 1411 1568 majorem
1436 1467 1560 1566 palatii
1588 1467 1633 1540 sui

312 1594 406 1692 apud
421 1619 449 1668 s.
473 1597 633 1682 Petrum,
660 1592 770 1666 oravit
798 1593 834 1666 in
856 1591 1070 1684 faldistorio,
1088 1595 1252 1670 ascendit
1275 1596 1321 1669 ad
1343 1594 1487 1674 solium,
1505 1591 1633 1690 recepit

312 1718 513 1794 cardinales
529 1719 574 1792 ad
589 1718 828 1792 reverentiam
849 1741 951 1794 more
967 1719 1084 1795 solito.
1102 1720 1221 1796 Ultimi
1241 1721 1311 1795 duo
1331 1718 1550 1808 cardinales,
1565 1725 1635 1814 post

188 1855 194 1868 ’
312 1843 549 1920 reverentiam
563 1843 692 1918 laetam
708 1844 922 1919 assisterunt
936 1845 1110 1942 pontifici.
1127 1846 1288 1934 Interim,
1304 1845 1363 1942 qui
1379 1844 1595 1918 assistebant
1607 1849 1636 1916 et

309 1968 368 2042 alii
384 1991 511 2044 omnes
526 1976 745 2068 acceperuut
764 1975 974 2066 paramenta
995 1979 1182 2062 consueta,
1203 1971 1334 2069 quibus
1350 1969 1497 2068 paratis,
1515 1991 1636 2043 ascen-

309 2093 439 2168 derunt
453 2095 559 2194 primi
575 2094 646 2169 duo
668 2094 713 2169 ad
733 2095 957 2193 pontificem,
980 2101 1017 2170 et
1037 2095 1096 2170 alii
1116 2097 1189 2172 duo
1210 2094 1476 2172 descendentes
1496 2095 1536 2170 in
1555 2091 1635 2166 locis

309 2218 382 2293 suis
402 2221 511 2296 etiam
531 2226 743 2318 paramenta
764 2227 951 2316 oeperunt.
975 2221 1149 2298 Omnibus
1170 2221 1318 2321 paratis,
1338 2225 1381 2296 1).
1401 2221 1635 2318 Hieronymus

308 2343 527 2444 Calagranus
542 2348 783 2422 subdiaconus
799 2348 1032 2445 apostolicus,
1049 2354 1197 2448 accepto
1214 2348 1259 2422 ab
1275 2345 1377 2422 altari
1392 2330 1500 2422 bacili
1516 2343 1635 2420 cineri·

307 2471 373 2544 bus
398 2472 519 2569 pleno,
545 2473 631 2548 illud
654 2474 699 2548 ad
720 2473 906 2548 dexteram
926 2474 1109 2574 pontificis
1128 2473 1257 2548 tenuit.
1281 2477 1378 2572 Papa
1400 2472 1535 2546 sedens
1555 2468 1633 2554 dixit

307 2595 543 2694 autiphonam
559 2622 641 2672 curn
658 2600 775 2674 mitra.
789 2601 894 2690 Tum,
909 2599 1072 2698 deposita
1087 2599 1206 2692 mitra,
1230 2596 1383 2674 surrexit
1399 2601 1436 2672 et
1455 2595 1545 2670 dixit
1564 2593 1632 2668 illas

309 2729 463 2816 quatuor
488 2724 683 2815 orationes,
716 2731 822 2824 prout
851 2725 887 2798 in
917 2725 1113 2810 ordinario,
1143 2724 1354 2800 cantoribus
1375 2721 1523 2796 interim
1553 2719 1631 2794 nibil

308 2847 549 2938 cantantibus,
568 2849 650 2946 quia
666 2849 716 2924 sio
729 2851 866 2948 justum
883 2857 949 2924 est.
970 2850 1124 2924 Domino
1145 2848 1316 2948 episcopo
1333 2845 1512 2936 Pientiuo,
1532 2843 1632 2918 linitis

308 2971 543 3064 orationibus,
581 2973 807 3050 ministrante
843 2976 1054 3074 presbytero
1079 2976 1260 3050 cardinale
1290 2973 1506 3064 naviculam,
1546 2975 1630 3068 Papa

307 3095 439 3169 sedens
455 3095 532 3170 sine
548 3096 654 3170 mitra
668 3097 839 3194 imposuit
855 3099 1053 3172 incensum.
1064 3101 1216 3172 Detecto
1226 3097 1344 3195 capite
1357 3104 1469 3190 stans,
1489 3095 1632 3196 aspersit

306 3221 447 3296 cineres
464 3228 500 3296 et
515 3223 734 3313 incensavit;
753 3222 883 3297 deinde
901 3224 1054 3298 accessit
1074 3203 1119 3298 de
1139 3223 1338 3298 faldistorio
1362 3246 1428 3298 suo
1451 3227 1574 3296 Rmus.
1592 3223 1628 3293 D.

306 3346 549 3421 cardinalias.
574 3348 671 3422 Petri
698 3349 743 3422 ad
767 3349 921 3424 Vincula
944 3373 1022 3422 rem
1044 3349 1200 3422 divinam
1222 3355 1448 3445 peracturuS,
1473 3346 1630 3422 omnibus

305 3473 541 3569 paramenta,
558 3473 781 3548 chirothecis
797 3479 834 3548 et
848 3474 983 3548 annulo
999 3473 1195 3574 pontificali
1213 3475 1387 3571 exceptis,
1406 3473 1574 3562 indutus;
1591 3469 1628 3544 ad

304 3597 515 3691 pontificem
556 3621 679 3673 eoram
712 3599 788 3672 sine
819 3598 926 3672 mitra
962 3600 1151 3674 sedentem
1180 3604 1292 3690 stans,
1322 3599 1469 3674 detecto
1501 3597 1627 3696 capite,

305 3722 476 3818 imposuit
494 3722 543 3796 illi
565 3723 707 3798 cineres
730 3723 820 3798 nibil
841 3723 979 3798 dicens.
1002 3728 1091 3798 Tum
1109 3723 1284 3821 pontifex,
1309 3728 1461 3818 accepte
1479 3722 1581 3795 mitra
1599 3726 1627 3793 et

305 3845 473 3944 imposito
490 3847 556 3920 sibi
571 3849 747 3945 gremiali,
765 3849 937 3948 imposuit
952 3848 1093 3922 cineres
1105 3848 1287 3938 omnibus
1303 3847 1422 3944 primo
1438 3843 1625 3922 celebranti
1707 3837 1708 3848 ’

304 3970 434 4045 deiude
464 3972 556 4066 aliis,
584 3974 792 4047 cantoribus
818 3975 961 4050 interim
986 3974 1213 4050 cantantibus
1240 3999 1247 4048 :
1270 3973 1521 4066 Immntcmur,
1547 3985 1622 4056 etc.;
1709 3989 1710 4008 ³

303 4119 373 4193 quo
394 4097 501 4190 lacto,
525 4103 622 4196 Papa
639 4099 723 4173 lavit
741 4123 868 4174 manus
888 4109 925 4176 et
947 4101 1035 4176 dixit
1066 4101 1267 4176 orationem
1286 4099 1353 4174 sub
1374 4099 1621 4174 conclusione:

304 4225 378 4298 Per
410 4225 589 4300 Christum
626 4227 822 4302 Dominum
857 4238 1029 4302 nostrum.
1060 4229 1150 4302 Tum
1185 4224 1359 4324 depositis
1391 4225 1436 4300 ab
1470 4223 1621 4300 omuibus

302 4347 535 4445 paramentis,
550 4353 647 4446 Papa
661 4350 757 4426 venit
767 4351 813 4425 ad
823 4350 1091 4432 contessionem
1103 4355 1139 4424 et
1150 4350 1400 4425 continuatum
1412 4355 1467 4426 cst
1477 4347 1619 4424 officium

303 4497 404 4548 more
425 4474 543 4548 solito.
566 4477 711 4572 lnoepto
734 4483 863 4568 tracto,
885 4475 1058 4552 diaconus
1079 4475 1199 4576 posuit
1217 4475 1348 4549 librum
1368 4473 1618 4574 evangeliorum

304 4622 414 4697 super
428 4599 553 4690 altaro,
568 4599 752 4676 osculatus
768 4608 823 4676 est
836 4602 966 4700 pedem
979 4606 1087 4700 Papo,
1101 4601 1188 4676 dixit
1202 4626 1209 4676 :
1223 4601 1378 4692 Munda,
1391 4614 1473 4694 etc,
1488 4607 1619 4676 eterne

302 4725 353 4822 pit
368 4725 660 4801 benedictionem
680 4727 885 4824 opontitioe
906 4736 1099 4826 antequem
1121 4727 1259 4804 veniret
1280 4727 1326 4802 ad
1345 4725 1616 4827 genuflexionem

302 4873 368 4946 pro
387 4874 489 4924 versu
507 4873 515 4924 :
533 4851 684 4948 Adjuvo
701 4877 764 4928 nos
783 4853 891 4948 ileos,
917 4866 998 4946 etc.;
1017 4879 1087 4952 quo
1105 4877 1211 4930 versu
1231 4853 1346 4947 finito,
1369 4851 1616 4952 quamprimum

302 4977 399 5072 Papa
413 4983 509 5052 esset
523 4975 560 5050 in
580 4977 665 5052 sede
688 5003 797 5078 supra
816 4979 959 5072 solium,
986 4980 1120 5080 incepit
1139 5005 1147 5056 :
1166 4981 1338 5058 Dominus
1359 4979 1540 5068 nobiscum,
1559 4995 1614 5074 pro

302 5100 505 5198 evangelio.
529 5103 742 5178 Sermonem
770 5105 855 5180 lecit
875 5105 1020 5202 quidam
1041 5106 1206 5206 Aloysius
1226 5111 1401 5196 Venetus,
1427 5101 1613 5204 capellanus
