3436 6038
55 477 182 546 {lovembre
196 474 262 540 tttdf
344 471 470 531 RERUM
496 470 724 530 URBANAHUM
748 469 1011 530 COMMENTARll.
1292 477 1346 534 219

53 623 173 700 absolvit
183 625 216 696 et
229 619 359 720 acolyti
368 619 403 694 in
419 617 682 717 superpelliciis
695 603 945 694 ministrarunt
962 618 1195 714 thuribulum,
1212 644 1343 720 aquam

53 757 182 824 sanctam
201 753 235 821 et
253 747 481 836 candelabra,
499 768 541 820 ac
558 744 627 818 alia
642 744 763 820 omnia
783 749 865 818 sunt
887 769 987 819 more
1015 747 1122 822 solito
1137 749 1340 824 observata.

87 875 220 950 Sabbeto
236 871 476 947 dnovembris
491 871 588 946 circa
610 871 740 946 horam
759 877 801 945 16
816 875 999 968 portatum
1014 872 1080 946 fuit
1097 896 1229 971 corpus
1245 877 1340 950 bone

50 997 244 1074 nemoriell.
263 1000 359 1070 Luce
376 993 463 1069 Leni
486 993 640 1086 romani,
659 1017 802 1069 camere
819 995 1015 1094 apostolice
1034 997 1157 1073 elerici
1180 1023 1222 1073 ac
1244 1001 1343 1098 ipso-

50 1149 110 1198 rum
129 1123 331 1198 clericorum
357 1117 498 1210 decani,
521 1118 581 1215 qui
609 1118 689 1193 heri
715 1119 812 1195 circa
835 1120 964 1196 horam
989 1147 1223 1221 vesperorum
1247 1126 1343 1200 diem

49 1251 150 1324 clausit
170 1255 378 1340 extremum,
402 1247 448 1320 ad
470 1245 662 1322 ecclesiam
686 1247 968 1346 parrochialem,
993 1249 1065 1324 hoc
1090 1251 1346 1326 0111001000-

47 1375 175 1476 gregatis
188 1374 223 1450 in
238 1373 394 1449 ecclesia
412 1372 631 1480 parrochiali
653 1399 681 1448 s.
704 1374 842 1448 Nicolai
864 1399 977 1474 prope
997 1376 1147 1450 domum
1170 1377 1215 1452 de
1237 1381 1346 1452 Cesa-

47 1504 113 1576 rinis
131 1509 162 1576 et
175 1524 283 1600 prope
300 1500 398 1575 clero
418 1505 453 1574 et
465 1497 641 1594 religiosis
662 1499 780 1590 Urbis,
798 1523 840 1576 ac
854 1499 1209 1576 confraternitatibus
1224 1500 1346 1576 Salva-

47 1628 114 1701 toris
126 1651 163 1702 ac
176 1623 471 1716 Annunciationis
486 1625 591 1698 beate
610 1624 722 1700 blarie
737 1624 896 1722 virginis,
908 1631 1083 1700 venerunt
1093 1626 1347 1723 processiona-

45 1754 108 1828 liter
127 1751 275 1850 religiosi
302 1759 339 1826 et
369 1750 487 1824 clerus
513 1773 579 1825 suo
606 1750 745 1824 ordine.
779 1749 918 1826 Deinde
940 1751 1139 1826 confratres
1168 1752 1345 1828 diciorum

46 1877 346 1952 confraternitatum
367 1880 544 1952 venerunt
563 1875 607 1950 de
627 1874 784 1950 ecclesia
806 1875 968 1974 predicto
983 1901 1095 1974 usque
1114 1885 1198 1954 ante
1213 1877 1346 1954 ostium

44 2005 147 2078 domus
166 2001 338 2094 defuncti,
362 2008 448 2076 tunc
475 2007 763 2076 retrocesserunt
781 2025 905 2076 versus
932 2003 978 2077 ad
997 2003 1190 2078 ecclesiam
1216 2004 1253 2076 in
1276 2027 1348 2101 qua

45 2127 171 2202 debebat
192 2127 335 2226 sepeliri
354 2153 362 2202 :
381 2151 511 2226 corpus
535 2134 612 2204 erat
626 2128 664 2202 in
679 2129 788 2203 domo
803 2132 844 2204 D.
864 2129 974 2220 Petri,
992 2129 1111 2204 fratris
1134 2130 1202 2222 sui,
1218 2130 1254 2203 in
1276 2154 1348 2228 qua

45 2253 204 2332 defunctus
216 2263 285 2349 est,
305 2258 402 2356 quod
413 2261 602 2356 portarunt
616 2255 662 2328 ad
677 2254 870 2330 ecclesiam
890 2255 1090 2330 confratres
1106 2255 1348 2330 confraterni-

46 2379 292 2456 tatissalvatoris
307 2382 443 2458 :secuti
454 2381 719 2478 suntlugubres
729 2381 1216 2480 lugubribuspannisvestiti,
1229 2383 1347 2482 primo

45 2503 147 2602 singuli
161 2507 321 2605 singulos
337 2513 544 2606 sequentes,
562 2529 635 2581 non
656 2506 730 2581 bini
750 2507 974 2601 incedentes
994 2508 1154 2586 secundo
1170 2507 1345 2602 minores,

44 2630 152 2708 hocest
164 2635 296 2708 vilioris
311 2633 541 2725 conditionis,
559 2632 689 2708 deinde
712 2633 770 2706 alii
795 2635 865 2707 duo
882 2635 936 2706 sui
952 2641 1103 2733 nepotes
1120 2642 1215 2711 etate
1230 2635 1349 2710 mino-

44 2781 98 2850 res,
110 2759 308 2856 quindecim
325 2761 380 2835 vel
404 2759 500 2834 circa
515 2759 624 2834 etiam
645 2783 737 2832 unus
753 2759 973 2858 postellum,
992 2769 1121 2860 postea
1137 2761 1248 2836 frater
1263 2787 1348 2837 suus

44 2885 76 2956 ft.
92 2889 203 2962 Petrus
218 2887 306 2964 civis
319 2888 434 2962 laicus
450 2910 620 2962 romanus
636 2885 777 2960 medius
801 2884 896 2960 inter
913 2885 1004 2960 duos
1025 2886 1211 2983 digniores
1229 2888 1350 2986 prela-

45 3015 181 3109 tos;post
192 3039 290 3104 eum,
301 3037 431 3090 novem
441 3013 512 3089 sive
527 3013 655 3088 decem
665 3011 725 3086 alii
736 3011 789 3085 sui
804 3018 988 3108 parentes,
1004 3011 1135 3109 singuli
1152 3012 1349 3088 interduos

44 3137 185 3231 prelatos,
198 3141 310 3216 medii
322 3149 445 3216 tamen
457 3139 516 3214 alii
532 3137 660 3238 prelati
672 3136 842 3234 etlegati.
853 3135 1034 3211 Defuncto
1045 3136 1142 3212 inter
1157 3137 1349 3214 ecclesiam
1418 3207 1423 3216 .

44 3271 170 3358 portato,
185 3273 398 3344 manserunt
412 3273 514 3342 extra
528 3272 669 3364 portam
687 3263 841 3338 ecclesie
857 3285 983 3338 omnes
1003 3263 1147 3360 lugubri
1167 3269 1202 3339 et
1220 3262 1348 3361 prelati

43 3410 75 3460 ac
96 3392 146 3464 alii
173 3401 379 3491 sequentes,
414 3400 450 3468 et
479 3393 547 3467 illis
570 3390 832 3488 aliquantulum
860 3411 925 3488 per
954 3389 1119 3466 ordinem
1153 3391 1346 3466 stantibus.

44 3511 143 3588 Frater
156 3518 335 3592 Marianus
356 3517 401 3591 de
426 3517 587 3594 Viterbio
608 3519 692 3592 lecit
722 3537 928 3592 sermonem
949 3515 987 3588 in
1007 3515 1152 3590 laudem
1171 3515 1345 3609 defuncti,

47 3643 73 3707 ut
87 3643 183 3716 moris
207 3649 275 3718 est.
296 3643 444 3718 Interim
468 3642 626 3741 religiosi
651 3648 686 3718 et
704 3642 822 3717 clerus
843 3641 879 3714 in
903 3641 1071 3733 ecclesia,
1096 3641 1220 3716 clauso
1237 3641 1344 3735 ostio,

45 3771 249 3842 cantaverunt
264 3765 427 3842 officium
442 3773 670 3842 mortuorum
686 3765 723 3838 in
738 3765 948 3863 hujusmodi
964 3766 1035 3842 diei
1050 3767 1209 3842 solitum.

83 3892 219 3976 fluidam
246 3917 420 3968 romanus
444 3893 624 3968 distribuit
648 3891 817 3968 candelas
838 3891 884 3966 ad
909 3892 1057 3968 modum
1084 3917 1191 3967 suum
1214 3917 1222 3968 :
1246 3892 1350 3968 finito

46 4013 144 4092 officio
159 4021 229 4095 sive
246 4043 430 4114 sermone,
450 4021 581 4097 funesti
603 4020 771 4096 associati
787 4020 933 4094 fuerunt
948 4019 994 4092 ad
1008 4017 1157 4092 domum
1176 4022 1219 4092 D.
1239 4018 1347 4108 Petri,

45 4137 141 4217 fratris
165 4145 325 4222 defuncti
350 4153 386 4222 et
410 4147 630 4244 ordineque
659 4151 843 4237 venerant,
870 4143 930 4218 ubi
950 4149 1033 4218 ante
1061 4143 1194 4218 ostium
1221 4143 1350 4218 domus

46 4268 165 4361 quidam
179 4273 320 4370 juvenis
343 4273 518 4348 scholaris
537 4274 642 4348 etatis
658 4297 721 4348 sue
736 4271 863 4369 viginti
885 4275 1038 4367 quatuor
1062 4293 1240 4344 annorum
1266 4269 1352 4346 fecit

46 4389 364 4490 aliumsermonem,
390 4398 588 4474 astantibus
610 4384 823 4496 lugubribus
844 4402 880 4470 et
895 4395 1043 4492 prelatis
1064 4395 1194 4492 quibus
1218 4395 1351 4492 gratias

47 4519 265 4620 cgifpnlcbro
280 4525 379 4618 satis,
404 4531 526 4600 tamen
544 4525 655 4620 longo
681 4545 865 4598 sermone.
892 4520 1135 4595 lnterfuerunt
1161 4525 1351 4618 presentes
1474 4565 1478 4572 -

48 4646 192 4724 etclerici
208 4673 353 4726 camere
373 4649 570 4748 apostolice
594 4657 630 4726 et
650 4647 785 4726 familie
799 4648 897 4724 circa
912 4649 1070 4746 quinque
1083 4648 1138 4722 vel
1161 4671 1224 4721 sex
1239 4647 1354 4722 cardi·

47 4771 159 4848 nalium
170 4783 204 4852 et
213 4777 341 4876 prelati
354 4776 605 4875 quamplures;
622 4781 658 4850 et
672 4775 846 4850 successit
863 4774 901 4848 in
916 4773 1126 4849 clericatum
1142 4774 1252 4848 frater
1266 4797 1352 4848 suus

47 4899 205 4990 predictus
221 4903 343 4978 senior
358 4901 472 4976 laicus
497 4923 680 4975 romanus.
709 4899 866 4998 Exequie
890 4900 1013 4975 habite
1030 4906 1114 4974 sunt
1130 4899 1167 4974 in
1182 4899 1350 4990 ecclesis,
1408 4963 1409 4968 ,

47 5022 188 5118 sabbato,
213 5035 251 5102 11
271 5027 475 5104 novembris
495 5027 687 5125 presentie,
705 5051 806 5102 more
824 5049 988 5102 romano.

84 5153 175 5227 ferio
190 5155 307 5248 tertia,
327 5163 346 5228 7
362 5153 498 5232 mensis
514 5153 733 5244 novembris,
750 5153 787 5228 in
802 5153 939 5250 majore
955 5152 1093 5251 capella
1112 5151 1236 5248 palatii
1250 5173 1355 5248 apos·
