3422 6034
293 534 346 592 rm
744 523 920 585 tollentn’ts
944 522 1166 597 ssttttcflsttot,
1371 525 1610 596 tseptemnrerar]

295 709 362 784 per
377 686 518 761 socium
542 707 665 759 meum
693 683 777 758 bine
804 679 955 756 candele
983 679 1173 755 distribute
1203 687 1288 756 sunt
1306 690 1390 758 ante
1417 681 1562 758 domum
1585 691 1615 758 et

292 813 396 908 juxta
409 813 544 886 bivium
560 835 631 910 quo
653 809 808 886 ecclesia
820 810 925 883 beate
937 807 1049 882 Marie
1066 807 1110 882 de
1139 807 1276 904 Populo
1291 807 1403 882 videri
1424 809 1607 908 incipitur:

295 937 365 1010 alia
379 961 481 1012 more
502 937 608 1012 solito
626 944 707 1010 sunt
724 937 924 1012 observata.

345 1065 409 1138 Die
429 1065 513 1137 lune
536 1069 580 1136 12
602 1063 832 1159 septembris,
856 1059 1101 1136 anniversaria
1124 1061 1202 1135 dies
1222 1059 1469 1136 coronationis
1492 1063 1553 1137 SS.
1574 1065 1610 1136 D.

296 1195 338 1265 N.
370 1189 570 1264 innocentii
598 1213 692 1286 pape
726 1190 854 1278 octavi,
892 1193 1017 1261 Rmus.
1051 1191 1091 1260 [l.
1125 1185 1318 1260 cardinalis
1350 1192 1615 1261 Beneventanus

296 1316 491 1390 celebravit
525 1315 674 1387 missam
710 1315 925 1402 solemnem,
966 1316 1062 1410 Papa
1090 1312 1260 1404 absente3
1293 1335 1375 1408 que,
1408 1337 1452 1386 ex
1480 1313 1616 1386 licentia

295 1439 595 1528 vicecancellarii,
614 1439 852 1536 Neapolitani,
871 1437 916 1511 de
932 1437 1085 1512 Sabellis
1110 1437 1349 1512 cardinalium
1369 1445 1456 1512 tnnc
1476 1461 1617 1535 presen-

297 1567 387 1640 tium
422 1566 583 1662 incepta,
611 1569 805 1660 antequam
835 1561 955 1636 Gloria
983 1564 1020 1635 in
1044 1559 1188 1636 eccelsia
1214 1562 1450 1660 inciperetur,
1474 1561 1615 1660 predicti

296 1697 370 1763 tres
387 1689 588 1762 cardinales
603 1688 719 1762 vocati
736 1687 881 1760 luerunt
904 1686 949 1759 ad
972 1689 1036 1760 SS.
1062 1689 1103 1759 l).
1128 1691 1172 1760 N.
1188 1685 1226 1759 in
1249 1686 1345 1760 lecto
1368 1711 1434 1760 sno
1454 1695 1617 1785 egrotan-

296 1819 384 1902 tem,
400 1811 461 1884 nbi
477 1812 655 1886 Sanctitas
670 1835 735 1884 sna
750 1812 786 1884 in
801 1811 1047 1910 predictorum
1065 1811 1331 1902 UlixbonensiS,
1350 1810 1396 1884 de
1411 1813 1614 1894 Comitibus,

296 1936 492 2010 Aleriensis
509 1944 589 2010 ets.
607 1938 794 2011 Anastasia
806 1937 991 2034 presentia
1004 1935 1159 2034 providit
1170 1936 1439 2033 pampilonensi
1455 1937 1614 2026 ecclesie,

297 2063 341 2135 de
359 2063 505 2164 domino
522 2061 807 2158 Cesare'Borgin
828 2061 925 2135 sedis
947 2061 1143 2159 apostolice
1166 2061 1413 2158 protonotario
1429 2061 1466 2136 in
1483 2061 1615 2136 decimo

297 2188 451 2284 septimo
467 2187 572 2262 etatis
588 2211 651 2260 sne
668 2211 762 2260 anno
779 2185 824 2286 lt)
840 2194 876 2261 et
892 2187 1010 2261 studio
1029 2186 1227 2260 Pisaniensi
1242 2187 1454 2278 constituto,
1471 2187 1613 2285 predicti

210 2316 214 2324 ’
296 2312 487 2386 cardinalis
503 2311 790 2386 vicecancellarii
806 2311 895 2400 filio,
913 2336 1021 2408 quem
1042 2311 1227 2386 constitnit
1242 2311 1279 2384 in
1294 2311 1613 2387 administratorem

297 2463 409 2536 usqne
426 2439 463 2510 in
478 2437 652 2535 vigesimo
669 2437 823 2534 septimo
840 2437 945 2510 etatis
961 2461 1025 2509 sne
1041 2460 1150 2526 anno,
1168 2435 1299 2510 deinde
1311 2437 1349 2510 in
1364 2438 1571 2536 episcopum
1585 2443 1615 2511 et

296 2571 500 2660 pastorem;
522 2586 593 2658 quo
618 2562 725 2652 lacto,
752 2562 838 2635 dum
859 2562 1085 2660 evangelium
1109 2561 1304 2652 diceretur,
1330 2562 1484 2660 predicti
1507 2562 1615 2636 cardi-

296 2687 396 2759 nales
419 2695 558 2784 septem
584 2686 629 2759 ad
653 2687 801 2760 missam
822 2695 905 2760 sunt
929 2687 1077 2778 reversi,
1104 2693 1294 2761 manentes
1320 2711 1435 2784 nsque
1461 2687 1506 2760 ad
1529 2687 1614 2760 illins

296 2811 421 2900 tinem,
439 2813 476 2884 in
492 2835 563 2908 qua
578 2811 674 2886 dicta
688 2817 743 2885 est
757 2836 865 2908 prosa
884 2819 920 2886 et
935 2811 1005 2884 alia
1019 2835 1121 2884 more
1138 2811 1258 2885 solito.

297 3064 361 3135 SS.
380 3065 422 3134 D.
447 3064 490 3134 N.
520 3060 673 3134 ecclesie
703 3030 966 3133 Constanliensi
998 3085 1065 3158 per
1092 3060 1230 3136 obitum
1255 3063 1349 3135 bone
1374 3065 1548 3137 memorie
1574 3067 1611 3137 o.

296 3185 448 3260 Othonis
463 3185 508 3258 de
525 3183 743 3281 Stamhergh
759 3151 918 3282 pastoiis
940 3190 1025 3260 tunc
1048 3186 1176 3260 solatio
1199 3185 1384 3278 destitute,
1409 3187 1454 3262 de
1470 3211 1613 3286 persona
1704 3243 1705 3258 .

297 3315 337 3384 R.
369 3315 407 3384 P.
435 3314 479 3383 D.
506 3308 644 3383 Thome
673 3309 760 3383 Cilia
791 3307 957 3406 ejusdem
989 3310 1142 3384 ecclesie
1167 3312 1354 3408 prepositi,
1380 3313 1425 3386 ad
1452 3337 1531 3386 eam
1555 3337 1613 3410 per

295 3435 492 3532 capitulum
508 3434 662 3509 ecclesie
679 3434 790 3530 ipsius
801 3433 988 3530 postulati;
1002 3441 1038 3508 et
1053 3443 1236 3510 reservata
1246 3444 1301 3511 est
1317 3435 1383 3509 sibi
1393 3437 1610 3534 prepositura

296 3562 341 3634 ad
356 3561 464 3633 vitam
481 3581 648 3632 unacum
665 3559 821 3632 ecclesia
836 3559 1005 3632 tenenda.

347 3684 480 3757 Eadem
501 3685 558 3756 die
579 3691 614 3757 et
636 3685 673 3756 in
696 3684 825 3758 eodem
848 3684 1078 3776 consistorio,
1100 3685 1282 3782 provisum
1305 3696 1359 3762 est
1374 3711 1441 3785 per
1456 3685 1610 3761 eumdem
1703 3667 1704 3708 l

297 3809 452 3883 ecclesie
475 3808 650 3898 Curiensi,
672 3816 757 3882 tnnc
778 3833 844 3906 per
865 3809 1004 3882 obitum
1026 3810 1121 3884 bone
1141 3813 1318 3886 memorie
1342 3817 1385 3886 D.
1411 3812 1559 3888 Ottherii
1574 3811 1610 3882 de

297 3933 446 4008 Brendis
468 3933 596 4008 solatio
619 3933 803 4025 destitute,
828 3933 872 4006 de
894 3957 1051 4031 persona
1075 3939 1117 4009 R.
1148 3940 1188 4010 P.
1217 3941 1261 4010 D.
1291 3937 1437 4013 Henrici
1466 3938 1510 4011 de
1532 3941 1610 4009 Her·

295 4060 436 4134 roensis
459 4059 624 4158 ejusdem
647 4059 825 4149 canonici,
848 4059 1123 4156 Argentinensis
1151 4061 1310 4135 custodis
1332 4071 1369 4136 et
1391 4061 1554 4136 canonici
1577 4081 1609 4132 ac
1702 4075 1703 4138 ξ

297 4185 621 4262 Constantientium
638 4183 874 4256 ecclesiarum
891 4184 1018 4257 decani
1039 4193 1073 4258 et
1093 4186 1272 4278 canonici,
1289 4189 1335 4261 ad
1357 4189 1491 4264 dictam
1507 4188 1609 4262 ecclc·

296 4311 386 4384 siam
420 4310 629 4386 curiensem
663 4309 853 4406 perillum
884 4308 1080 4406 capitulum
1112 4311 1231 4385 electi.
1255 4313 1372 4388 Finito
1395 4323 1516 4389 autem
1536 4337 1609 4388 con-

297 4437 454 4526 sistorio,
485 4435 668 4532 predictus
699 4437 762 4508 SS.
792 4437 836 4508 D.
867 4439 909 4508 N.
941 4435 978 4507 in
1008 4435 1255 4510 infirmitatem
1280 4439 1420 4531 incidit,
1452 4439 1488 4512 in
1516 4449 1608 4512 nocte
1701 4449 1702 4488 r

297 4562 462 4658 sequenti
486 4584 618 4656 magna
644 4560 734 4632 lebri
761 4568 941 4658 gravatus.
961 4561 1135 4635 [lominus
1162 4561 1300 4636 electus
1325 4561 1608 4647 constantiensis,

333 4766 358 4822 t.
377 4765 459 4838 L'tge
473 4781 525 4837 qne
545 4763 687 4820 Burehard
705 4763 795 4819 donne
809 4763 844 4819 ici
865 4765 881 4819 a
900 4763 984 4820 Cesar
998 4764 1101 4838 Borgia
1115 4765 1183 4822 dont
1205 4765 1232 4822 la
1244 4764 1401 4837 naissance,
1415 4783 1467 4841 par
1480 4767 1557 4834 suite,
1571 4781 1604 4820 rc-

296 4853 441 4910 monterait
454 4855 559 4923 ateva,
568 4871 585 4909 a
594 4852 930 4926 soulevtdesobjcctions.
943 4853 1272 4927 GregorovinstLurrdce
1281 4856 1396 4926 Borpin,
1405 4856 1475 4914 trad.
1487 4855 1565 4922 trano.
1580 4851 1607 4906 de

297 4941 330 4996 P.
347 4940 492 5014 Regnaud,
509 4942 597 5012 Puris,
605 4943 685 5013 1876,
702 4947 722 4999 t.
733 4943 754 5012 l,
765 4959 794 5015 p.
804 4943 847 5014 40)
855 4941 902 5016 qui
918 4960 934 5000 n
947 4945 1056 5017 neglige
1067 4944 1092 4999 le
1103 4944 1278 5018 temoignage
1290 4945 1325 5001 de
1335 4945 1486 5009 Burchard‚
1497 4940 1603 5017 s'appuie

298 5047 346 5084 sur
359 5029 495 5102 plusieurs
510 5031 645 5104 depeclnes
660 5032 905 5105 contemperantes,
920 5037 951 5104 (t.
968 5033 1003 5102 11,
1018 5051 1045 5107 p.
1061 5033 1124 5107 364)
1139 5051 1208 5108 ρουι·
1222 5033 1287 5092 inire
1308 5038 1395 5091 nuttre
1409 5033 1533 5092 Cesnrnu
1547 5029 1604 5086 mois

297 5117 391 5175 d'avril
410 5121 485 5176 ltro.
499 5119 537 5175 Μ.
559 5121 592 5178 de
606 5121 735 5194 l'Epinois
750 5138 767 5177 a
782 5125 885 5178 mentre
904 5121 944 5178 les
959 5121 1103 5179 difficultas
1117 5141 1170 5197 que
1183 5123 1370 5198 presentnient
1388 5141 1433 5182 ces
1447 5124 1517 5182 deux
1529 5121 1605 5177 daos·

297 5207 367 5282 Voy.
384 5207 479 5264 aevae
492 5210 542 5265 des
555 5209 705 5278 Quertions
719 5211 905 5282 historiques,
920 5211 996 5281 1881,
1012 5211 1052 5266 Le
1066 5213 1147 5284 Papa
1160 5213 1327 5269 Alexandra
1344 5213 1396 5284 VI,
1413 5230 1481 5287 page
1494 5211 1551 5267 372.

347 2936 412 3009 llic
439 2935 594 3025 veneria,
620 2935 784 3034 tlhujns,
814 2935 850 3008 in
872 2945 1015 3009 secreto
1037 2937 1252 3010 consistorio
1277 2937 1461 3034 provisum
1482 2946 1535 3013 est
1555 2961 1613 3036 per
1705 2939 1706 2992 ἕ
