3436 6038
315 481 371 543 cra
773 474 948 536 tonsurus
972 473 1194 548 eunonium,
1413 473 1638 545 [umanum

319 660 392 714 non
407 635 570 726 absolvit,
589 634 653 710 sed
667 632 831 734 permisit
845 633 1092 710 celebrantem
1106 631 1293 709 absolvere
1312 659 1320 707 :
1337 631 1407 708 alia
1427 655 1531 709 more
1546 635 1638 710 solito

322 768 405 837 sunt
424 763 624 838 observata.

371 888 475 963 Faria
487 887 605 979 tertia,
624 891 670 962 24
686 885 822 961 mensis
838 885 1012 976 octobris,
1029 884 1065 960 in
1082 884 1220 984 capella
1243 887 1381 983 majore
1403 885 1527 984 palatii
1549 910 1641 985 apos-

322 1013 434 1106 tolici,
446 1018 487 1088 R.
507 1017 547 1087 P.
564 1017 607 1088 D.
623 1013 722 1088 Titus
738 1013 930 1111 episcopus
948 1008 1148 1086 Castrensis
1163 1009 1200 1082 in
1214 1008 1449 1107 patrimonio,
1465 1009 1644 1084 celebravit

323 1138 471 1216 missam
486 1138 668 1237 publicam
693 1161 759 1238 pro
780 1137 901 1212 anima
919 1139 1014 1212 bone
1041 1135 1217 1210 memorie
1240 1133 1335 1210 Petri
1362 1133 1500 1208 titulis.
1518 1133 1642 1209 Nicolai

322 1266 417 1342 inter
438 1265 615 1362 imagines
638 1264 829 1339 cardinalis
853 1262 1113 1338 Paduani'alias
1133 1260 1278 1336 Fuscari
1293 1260 1505 1358 nuncupati,
1531 1283 1646 1335 secun·

323 1393 410 1467 dum
425 1413 566 1466 morem
587 1390 725 1489 capelle
741 1396 877 1481 nostre,
897 1393 994 1486 Papa
1016 1388 1166 1464 absente
1182 1394 1217 1462 et
1232 1385 1376 1462 Ranis.
1395 1389 1470 1461 Db.
1488 1385 1646 1484 Andaga·

323 1516 437 1608 vensi,
468 1515 736 1592 Rechanateusi
768 1521 803 1590 et
837 1539 867 1590 s,
906 1515 1102 1590 Clementis
1134 1513 1376 1588 cardinalibus
1413 1512 1647 1610 presentibus.

326 1642 534 1734 celebrans,
567 1648 650 1740 post
675 1641 837 1732 missam,
877 1641 1039 1733 absolvit,
1069 1645 1104 1715 et
1130 1638 1200 1714 alia
1228 1641 1417 1714 observata
1445 1645 1531 1714 sunt
1554 1659 1646 1712 more

325 1765 443 1841 solito.

375 1892 545 1984 Sabbata,
559 1897 604 1967 28
615 1891 751 1968 mensis
762 1891 934 1983 octobris,
952 1896 1128 1966 venerunt
1140 1897 1303 1966 oratores
1321 1891 1416 1990 regis
1433 1896 1646 1970 Francorum

325 2029 361 2096 et
382 2023 459 2096 DI).
484 2019 775 2094 Florentiuorum
797 2018 843 2092 ad
863 2019 1010 2109 Urbem,
1029 2018 1126 2116 quia
1146 2017 1420 2116 particularibus
1439 2020 1646 2117 quibusdam

325 2147 451 2223 amieis
474 2147 609 2246 recepti
629 2146 773 2221 luerunt
792 2151 827 2221 et
842 2167 954 2241 usque
978 2145 1023 2217 ad
1048 2143 1196 2218 domum
1217 2142 1364 2240 hospitii
1384 2143 1454 2236 sui,
1480 2152 1521 2220 ut
1543 2147 1646 2220 moris

325 2280 394 2362 est,
423 2272 603 2348 associati.
629 2271 763 2347 Eadem
786 2270 844 2345 die
874 2273 938 2344 SS.
961 2273 1004 2344 o.
1034 2271 1077 2342 N.
1105 2267 1256 2365 signavit
1281 2269 1439 2344 rotulum
1474 2274 1645 2369 expectati

323 2422 462 2491 varum,
485 2423 568 2474 cum
597 2397 830 2497 prerogativis
850 2418 917 2494 pro
933 2394 1175 2484 conclavistis;
1207 2418 1315 2491 quem
1335 2403 1457 2470 tamen
1474 2400 1519 2470 n.
1544 2401 1585 2470 P.
1606 2402 1644 2472 n.

324 2524 515 2623 episcopus
539 2524 737 2618 Auriensis,
766 2522 939 2613 datarius,
961 2521 1122 2619 pluribus
1141 2519 1268 2595 debus
1288 2520 1338 2594 sic
1358 2519 1542 2619 'signatum
1559 2525 1647 2623 apud

302 2733 307 2744 1
323 2673 361 2724 se
375 2649 534 2724 retinuit.

374 2774 478 2850 Faria
505 2775 624 2866 tertia,
657 2779 697 2849 31
727 2773 862 2848 mensis
892 2772 1063 2863 octobris,
1093 2771 1213 2870 vigilia
1241 2773 1404 2848 omnium
1431 2783 1644 2868 sanctorum,

324 2900 468 2975 luerunt
484 2922 632 2999 vespere
647 2897 794 2996 papales
810 2897 847 2970 in
861 2896 999 2996 capella
1021 2897 1159 2995 majore
1179 2897 1301 2994 palatii
1322 2899 1510 2996 apostolici
1526 2903 1648 2998 quibus

325 3031 423 3126 Papa
433 3024 594 3100 interluit
610 3033 646 3100 et
667 3023 751 3098 lecit
767 3021 928 3096 officium
943 3045 1044 3096 more
1060 3022 1180 3097 solito.

372 3151 438 3228 Die
462 3149 639 3247 sequenti,
666 3149 759 3222 lesto
786 3147 947 3222 omnium
964 3155 1186 3242 sauctorum,
1205 3153 1330 3224 Rmus.
1353 3154 1394 3225 D.
1415 3151 1643 3226 cardinalias.

324 3279 518 3356 Clementis
539 3275 694 3352 cantavit
723 3275 872 3350 missam
899 3275 1100 3350 solemnem
1125 3275 1162 3350 in
1184 3275 1332 3350 basilica
1358 3301 1387 3350 s.
1423 3278 1534 3369 Petri,
1560 3283 1647 3376 Papa

323 3411 493 3507 presente
512 3431 520 3478 :
539 3425 747 3477 sermonem
768 3401 853 3476 lecit
873 3404 917 3476 D.
945 3402 1129 3476 lohannes
1156 3403 1310 3495 Puscha,
1330 3404 1539 3504 capellanus
1560 3406 1643 3480 Rmi.

324 3536 368 3608 D.
386 3529 577 3605 cardinalis
591 3553 621 3602 s.
639 3528 761 3604 Marci.
777 3527 856 3602 Alia
871 3527 993 3602 omnia
1012 3551 1114 3604 more
1130 3529 1235 3604 solito
1252 3536 1336 3605 sunt
1351 3531 1553 3607 observata.

373 3656 509 3730 Eadem
524 3655 595 3746 die,
613 3653 710 3730 cirea
723 3654 852 3728 horam
866 3653 1092 3751 vigesimam,
1115 3657 1177 3729 SS.
1199 3658 1243 3730 D.
1263 3659 1321 3748 N.,
1343 3655 1490 3732 indutus
1506 3657 1643 3742 amictu,

323 3781 417 3873 alba,
436 3781 593 3879 cingulo,
607 3780 700 3855 stola
709 3780 868 3856 violacea
878 3785 1038 3880 etcappa
1052 3779 1196 3854 scarlati
1213 3781 1290 3856 sine
1303 3783 1420 3875 mitra,
1434 3783 1643 3881 precedente

323 3931 432 3983 cruce
452 3914 488 3982 et
506 3906 761 3998 cardinalibus
786 3905 1061 4004 archiepiscopo
1089 3907 1292 3982 Arelatensi
1318 3909 1435 4007 primo
1463 3911 1643 3986 assistente

323 4033 484 4110 fimbrias
497 4039 678 4132 portante,
696 4032 792 4107 venit
812 4034 859 4108 ad
874 4034 1049 4132 capellam
1069 4037 1247 4134 majorem
1270 4035 1406 4134 palatii,
1423 4035 1462 4109 in
1477 4061 1550 4135 qua
1563 4037 1641 4110 dicte

323 4169 404 4236 sunt
422 4183 570 4259 vespere
593 4165 628 4235 et
643 4158 762 4256 vigilie
778 4183 843 4257 pro
859 4160 1055 4236 defunctis.
1085 4165 1181 4260 Papa
1196 4169 1280 4237 ante
1299 4161 1468 4260 primam,
1491 4171 1641 4262 quartam

323 4294 360 4362 ct
375 4287 564 4385 septimam
579 4286 754 4360 lectiones
770 4285 858 4360 dixit
874 4285 981 4362 Pater
999 4300 1127 4378 noster,
1154 4288 1226 4364 alta
1245 4311 1333 4364 voce
1351 4298 1387 4363 et
1399 4289 1502 4382 illud,
1518 4295 1641 4366 secreta

322 4437 424 4506 voce,
440 4412 646 4512 complevit.
664 4413 743 4488 Alia
758 4413 880 4489 omnia
906 4437 1007 4488 more
1023 4413 1129 4488 solito
1154 4419 1237 4488 sunt
1261 4413 1461 4489 observata.
1489 4411 1639 4513 Acolythi

324 4539 370 4613 ad
389 4539 591 4614 orationem
621 4544 702 4636 post
723 4537 943 4637 Mapnifioot
961 4550 997 4612 et
1015 4537 1243 4632 Benedictus,
1261 4543 1458 4614 tenuerunt
1486 4537 1639 4615 candela-

325 4663 390 4740 bre
404 4671 486 4741 ante
501 4669 634 4763 Papam
652 4664 689 4737 in
705 4665 829 4762 cappis
850 4665 927 4740 sine
948 4665 1068 4739 cottis.

372 4789 479 4864 Faria
492 4789 628 4886 quinta,
648 4789 904 4882 dnovembris,
932 4793 1029 4888 Papa
1051 4795 1198 4889 paratus
1219 4791 1365 4885 amictu,
1384 4792 1477 4884 alba,
1496 4789 1636 4889 cingulo.

325 4913 417 4989 stola
430 4915 603 5008 violacea,
620 4915 764 5015 pluviali
778 4915 890 4992 rubeo
902 4916 1052 4992 etmitra
1061 4917 1297 5016 simplicibus,
1310 4919 1530 5016 precedente
1545 4933 1636 4990 cruce

324 5045 360 5113 et
373 5039 628 5134 cardinalibus,
642 5043 740 5116 veuit
750 5042 796 5116 ad
811 5042 987 5141 capellam
997 5044 1189 5142 majorem,
1202 5043 1263 5118 ubi
1276 5047 1400 5119 Rmus.
1411 5047 1455 5118 D.
1466 5039 1636 5120 cardinalis

324 5163 611 5243 R'echauatensis
629 5166 823 5244 celebravit
837 5169 986 5244 missam
1000 5169 1197 5267 publicam.
1216 5174 1302 5246 Post
1315 5171 1477 5263 missam,
1492 5163 1636 5246 Pontiler
