3422 6034
84 461 158 525 [tras-s
176 461 245 526 riso]
408 461 535 520 RERUM
560 461 787 522 URBANARUM
811 463 1073 526 COMMENTARH.
1355 474 1409 528 399

83 621 240 710 Petrum,
260 621 355 716 Papa
368 622 551 716 presente.
571 617 881 692 Sermonemlecit
895 625 1110 716 procurator
1126 621 1261 698 ordinis
1278 625 1409 700 eremi·
1464 697 1467 704 .

83 745 196 812 tarum
214 765 245 812 s.
262 741 452 838 Augustini
469 769 476 813 :
495 741 565 816 alia
579 742 701 816 omnia
716 743 904 818 observata
919 749 1001 818 sunt
1016 768 1118 820 more
1130 747 1249 822 solito.

121 865 317 940 Dominica
349 862 475 962 quarta
505 867 792 965 quadragesime,
834 873 874 940 21
909 871 1075 966 ejusdem
1105 851 1241 947 mensis
1269 877 1404 968 martii,

82 991 205 1062 Rmus.
237 991 280 1062 D.
307 989 498 1064 cardinalis
526 993 780 1068 Ulixboneusis
806 992 893 1066 alias
918 998 1187 1095 Portugalensis
1211 1001 1408 1077 celebravit

80 1115 230 1188 missam
244 1117 427 1213 publicam
449 1119 486 1192 iu
507 1120 647 1217 capella
668 1123 844 1219 predicta,
870 1127 967 1222 Papa
986 1134 1171 1222 presente.
1191 1131 1406 1204 Sermonem

81 1239 162 1314 lecit
173 1249 390 1337 procurator
400 1243 536 1318 ordinis
551 1245 658 1321 beate
673 1247 785 1323 Marie
801 1248 845 1322 de
861 1253 984 1324 Monte
1001 1253 1178 1328 Carmelo.

126 1369 207 1438 Hoc
219 1389 341 1458 mane,
358 1371 422 1442 SS.
438 1373 480 1443 D.
498 1379 635 1464 noster,
647 1372 793 1448 indutus
803 1374 971 1448 omnibus
983 1379 1204 1474 paramentis
1214 1379 1252 1452 in
1262 1403 1407 1454 camere

77 1491 272 1588 papagalli,
290 1492 437 1592 dempta
449 1497 569 1589 mitra,
593 1497 778 1574 benedixit
800 1523 919 1573 rosam
937 1526 1046 1597 quam
1066 1527 1188 1578 eoram
1208 1505 1405 1580 Sanctitate

77 1641 139 1689 sua
153 1619 370 1714 genuflexus
391 1623 538 1697 tenebat
557 1627 600 1696 D.
624 1626 761 1722 Gasper
778 1625 937 1699 Blondus
953 1650 1096 1702 camere
1115 1630 1314 1727 apostolice
1331 1630 1406 1704 cle-

75 1742 171 1816 ricus
200 1751 285 1820 ante
313 1769 381 1844 per
410 1771 478 1823 nos
507 1749 694 1824 incensam
723 1750 760 1824 in
787 1751 869 1826 loco
902 1752 1009 1827 solito
1033 1763 1197 1850 paratam
1224 1756 1406 1830 consuetis

74 1871 308 1945 ceremoniis.
325 1877 415 1947 Tum
430 1899 550 1968 rosam
572 1877 608 1949 in
628 1877 774 1952 sinistra
793 1884 954 1976 portans,
978 1878 1129 1954 dextera
1142 1880 1275 1978 populo
1292 1880 1406 1954 bene·
1518 1875 1532 1914 ·'

74 1995 216 2090 dicens,
234 1999 332 2074 veuit
348 2001 386 2073 in
402 2005 578 2102 capellam
593 2007 771 2104 majorem
788 2005 874 2080 dicti
887 2005 1010 2104 palatii
1022 2005 1083 2078 ubi
1098 2005 1209 2079 misse
1224 2005 1402 2080 interfuit:

73 2147 142 2220 qua
152 2125 271 2218 finita,
286 2133 321 2202 et
331 2127 586 2206 benedictione
599 2155 665 2228 per
675 2155 776 2204 suern
789 2135 1025 2206 sanctitatem
1039 2131 1135 2216 data,
1149 2156 1215 2205 sua
1227 2132 1406 2206 Sanctitas

73 2249 182 2324 adse
208 2252 373 2326 mandari
394 2255 533 2330 vocavit
559 2257 794 2354 magnificum
815 2262 857 2331 D.
886 2239 1113 2354 Alpbonsum
1119 2313 1191 2330 .....
1221 2256 1407 2330 serenissi-

74 2399 220 2450 morum
240 2379 443 2476 principum
465 2381 684 2456 Ferdinandi
704 2383 801 2479 regis
823 2389 860 2456 et
879 2383 1060 2456 Elisabete
1088 2383 1213 2480 regine
1234 2381 1404 2480 Hispanio

74 2500 171 2598 apud
188 2502 426 2578 Sanctitatem
443 2491 546 2581 suam
558 2515 754 2598 oratorem,
766 2507 822 2581 cui
837 2507 1061 2604 consignavit
1075 2531 1194 2582 rosam
1204 2507 1405 2606 predictam

74 2625 310 2700 serenissime
334 2628 480 2706 domiue
507 2633 669 2732 predicte
698 2633 846 2706 nomine
873 2633 1080 2708 Sanctitatis
1110 2657 1174 2708 sue
1198 2639 1407 2732 presentan-

73 2751 170 2825 dum.
194 2751 283 2825 Mihi
314 2753 504 2833 videbatur
530 2782 608 2833 rem
637 2759 772 2834 debere
796 2757 876 2832 lieri
901 2758 938 2831 in
956 2782 1102 2832 camera
1119 2759 1318 2857 papagalli3
1342 2758 1407 2832 sed

48 2885 51 2893 '
72 2885 268 2976 postquam
294 2882 472 2958 Sanctitas
486 2909 552 2958 sua
570 2884 617 2958 ad
638 2885 736 2958 illam
754 2883 935 2974 rediisset,
956 2889 1094 2976 etcum
1114 2889 1219 2957 Rmo.
1243 2888 1286 2958 l).
1309 2885 1406 2958 vice·

72 3003 293 3078 cancellario
317 3009 526 3101 Cathalano,
563 3009 641 3106 regi
675 3009 845 3106 Hispanie
878 3008 1032 3099 favente,
1071 3009 1290 3106 suspiciente
1326 3033 1403 3082 rem

70 3127 295 3226 hujusmodi,
337 3159 420 3208 cum
454 3136 593 3232 maJ'ore
627 3135 754 3232 gloria,
785 3134 821 3205 iu
851 3133 974 3230 populi
1010 3140 1208 3232 conspectu
1242 3133 1279 3206 in
1309 3133 1406 3208 dicta

72 3253 213 3350 capella
227 3253 306 3328 lieri
323 3252 562 3326 deliberatum
579 3257 615 3326 et
628 3251 762 3326 lactum
779 3258 848 3324 est.

122 3379 187 3452 His
202 3379 322 3469 lactis,
341 3381 438 3474 Papa
453 3377 559 3451 rediit
575 3376 619 3450 ad
636 3399 819 3450 cameram
833 3376 960 3451 ordine
976 3383 1164 3452 consueto.
1179 3379 1222 3450 o.
1240 3377 1403 3474 Alphen-

75 3527 132 3576 sus
162 3510 288 3578 orator
310 3502 493 3600 predictus
522 3527 604 3577 cum
630 3526 715 3576 rosa
738 3501 887 3577 incessit
907 3509 991 3578 ante
1017 3525 1162 3575 crucem
1184 3502 1222 3574 in
1239 3502 1321 3576 loco
1337 3527 1402 3576 suo

74 3629 166 3702 inter
179 3628 457 3702 aliosoratores.
476 3633 673 3724 Postquam
694 3631 803 3724 Papa,
824 3627 982 3702 dimissis
1003 3626 1040 3700 in
1060 3651 1205 3700 camera
1224 3629 1403 3726 papagalli

71 3753 307 3849 paramentis,
336 3752 382 3826 ad
412 3777 576 3828 cameras
608 3777 692 3826 suas
728 3752 909 3844 rediisset,
942 3760 1173 3828 recesserunt
1202 3753 1403 3828 cardinales
1442 3749 1444 3752 ’

71 3900 200 3951 omues
219 3885 255 3952 et
268 3878 452 3975 predictus
468 3883 512 3951 D.
529 3877 737 3976 Alpbonsus
753 3902 774 3951 a
788 3877 938 3968 familie,
961 3877 1189 3952 cubiculariis
1207 3885 1243 3953 et
1255 3879 1403 3977 prelatis

69 4004 192 4100 palatii
220 4029 263 4077 ac
288 4003 503 4102 quibusdam
532 4003 735 4100 aliquorum
760 4002 998 4077 cardinalium
1031 4003 1267 4078 familiaribus
1301 4029 1402 4079 asso-

69 4129 185 4203 ciatus
204 4137 259 4204 est
275 4153 389 4226 usque
405 4128 451 4202 ad
465 4127 613 4202 domum
629 4152 692 4202 sue
710 4127 920 4218 residentie,
944 4128 1086 4201 medius
1106 4128 1201 4202 inter
1224 4128 1403 4224 guberna·
1461 4187 1463 4192 .

68 4263 188 4328 torem
202 4256 305 4330 Urbis
323 4280 345 4329 a
365 4254 524 4330 dexteris
545 4260 581 4328 et
600 4251 915 4350 archiepiscopum
937 4251 1188 4326 Arelatensem
1212 4251 1401 4324 asinistris

69 4381 250 4477 equitans.

119 4509 184 4580 SS.
208 4508 250 4580 D.
269 4509 310 4580 N.
328 4505 521 4580 intendens
537 4503 646 4580 etiam
666 4503 848 4600 principes
871 4501 1073 4600 scripsisse,
1099 4503 1253 4576 classem
1272 4523 1400 4597 parare

66 4635 239 4720 Turcum,
261 4631 338 4728 jam
360 4631 483 4706 multis
504 4627 690 4703 mensibus
713 4627 859 4726 elapsis,
885 4653 951 4725 per
971 4627 1094 4702 literas
1114 4627 1325 4702 cohortatus
1347 4632 1401 4700 est

64 4755 252 4854 principes
289 4755 482 4829 Germanie
520 4761 559 4829 ut
595 4777 658 4851 pro
695 4753 787 4827 testo
818 4753 1109 4828 annunciationis
1147 4753 1253 4828 beate
1289 4752 1401 4825 blarie

64 4882 218 4979 uirginis
243 4881 407 4980 proxime
432 4883 566 4970 tuturo,
598 4886 761 4954 oratores
789 4903 875 4953 suos
894 4879 1081 4953 mitterent
1101 4876 1148 4950 ad
1175 4875 1401 4951 tractandam

65 5007 340 5107 expeditionem
368 5012 494 5082 contra
517 5010 674 5080 Turcum
692 5033 700 5094 ;
719 5028 785 5103 pro
806 5006 910 5103 cujus
935 5003 989 5077 rei
1009 5004 1224 5078 executione
1248 5001 1401 5076 faciliter

63 5132 249 5232 provideri
269 5157 377 5231 posse
403 5137 624 5232 speraretur,
648 5129 769 5204 medio
794 5128 899 5204 Turci
922 5127 1017 5226 apud
1045 5129 1282 5204 Sanctitatem
1299 5148 1400 5200 suam
