3422 6034
195 439 200 448 ·
298 439 351 496 aaa
752 435 928 493 vouanurs
952 435 1174 504 sueoniam.
1466 435 1613 503 viverias,

304 588 428 662 rubeis
444 589 651 662 admodum
668 589 806 666 abbatis
832 591 981 668 sacriste
1003 592 1117 666 nostri
1133 591 1193 689 qui
1209 615 1293 666 suas
1309 590 1539 664 bestialitates
1554 616 1615 666 nou

306 715 464 788 dimittit.
484 717 697 792 Sermonem
713 717 797 791 lecit
814 721 857 792 D.
875 719 1057 792 Mattheus
1071 717 1211 792 Caralis
1229 715 1470 791 Ferrariensis
1486 718 1617 790 servitor

305 845 341 914 et
364 847 557 936 preceptor
583 844 626 914 b.
659 841 809 914 Mattbei
832 841 919 916 Cibo
945 841 1155 916 subdiaconi
1185 840 1373 940 apostolici
1397 839 1475 912 sine
1503 863 1619 936 magna

300 965 424 1040 laude.
445 965 639 1040 Celebraus
655 991 727 1040 nou
747 967 844 1042 venit
859 991 941 1040 cunr
962 968 1135 1065 pontitica
1152 969 1197 1041 ad
1216 990 1363 1065 parvam
1376 965 1551 1064 capellam
1564 989 1619 1063 pro

305 1097 547 1179 sacramenta,
563 1090 627 1164 sed
639 1091 727 1164 mibi
746 1091 846 1164 dedit
864 1092 1001 1166 clavem
1024 1116 1131 1190 capse
1154 1093 1190 1164 in
1210 1117 1281 1189 qua
1301 1092 1394 1166 calix
1414 1115 1498 1166 cum
1515 1115 1620 1166 sacra-

303 1221 427 1290 mento
457 1215 618 1288 inclusus
640 1223 718 1290 erat
740 1221 776 1290 et
795 1216 872 1313 ipse
898 1217 934 1288 in
957 1240 1089 1314 magna
1109 1215 1248 1313 capella
1271 1215 1368 1313 apud
1393 1213 1619 1288 faldistorium

303 1341 518 1438 expectavit,
545 1327 581 1414 at
605 1341 776 1437 pontifice
800 1349 1067 1418 sacramentum
1086 1347 1311 1438 apportante,
1339 1340 1417 1438 ipse
1445 1339 1618 1414 celebrans

304 1473 571 1542 sacramentum
587 1467 631 1542 de
642 1467 809 1542 manibus
828 1472 924 1565 Papa
938 1474 1021 1541 ante
1038 1467 1149 1541 altare
1165 1467 1281 1564 majus
1298 1466 1480 1564 genuflexi
1495 1465 1620 1561 accepit

304 1600 341 1667 et
354 1617 465 1690 super
477 1594 588 1668 altare
603 1594 743 1690 posuit;
760 1598 795 1666 et
810 1593 880 1667 alia
891 1593 1124 1668 omniamore
1140 1599 1316 1666 consueto
1332 1597 1415 1664 sunt
1430 1591 1616 1664 observata.

354 1719 489 1793 Eadem
504 1717 576 1807 die,
594 1725 675 1815 post
697 1717 824 1792 boram
842 1742 903 1806 xx,
925 1717 1071 1793 luerunt
1090 1717 1184 1791 dicte
1203 1716 1376 1790 matutine
1388 1716 1617 1800 tenebrarum,

302 1845 401 1940 Papa
415 1850 598 1941 prasente,
617 1843 802 1916 consuetis
818 1843 1048 1918 ceremoniis.
1069 1847 1166 1940 Papa
1180 1842 1341 1915 interfuit
1356 1841 1393 1914 in
1407 1864 1524 1938 cappa
1538 1863 1620 1914 rosa·

303 1991 368 2043 cea
384 1974 491 2065 prout
506 1967 542 2040 in
558 1973 682 2064 quarta
697 1967 788 2041 teria
802 1975 838 2042 et
853 1991 926 2042 non
939 1969 976 2042 in
992 1973 1126 2042 manta.

353 2093 488 2168 Eadem
505 2092 577 2182 die,
593 2099 672 2190 post
688 2092 892 2190 prandium,
905 2093 1002 2168 venit
1023 2093 1069 2168 ad
1093 2093 1227 2170 Urbem
1252 2096 1294 2164 R.
1320 2091 1357 2164 in
1373 2091 1517 2165 Christo
1533 2095 1569 2165 P.
1585 2094 1617 2163 Ι).

301 2219 456 2293 Mathias
475 2219 665 2316 episcopus
682 2218 909 2294 Sacoviensis
926 2219 971 2318 (Ι)
986 2218 1207 2294 serenissimi
1221 2222 1265 2290 Ι).
1279 2217 1392 2291 nostri
1407 2216 1620 2314 imperatoris

302 2353 423 2420 orator
449 2371 470 2419 a
496 2345 571 2418 suis
598 2351 737 2420 tanturn
766 2343 965 2420 associatus
999 2373 1006 2418 :
1038 2344 1164 2418 habuit
1190 2343 1383 2418 servitores
1411 2342 1617 2438 quindecim,

304 2478 491 2567 equestres
507 2480 608 2545 eraut
625 2494 764 2548 omnes.

355 2596 526 2686 Sabbato,
559 2602 601 2670 18
628 2597 763 2694 aprilis,
787 2597 907 2694 vigilia
933 2597 1085 2689 Pascha,
1116 2601 1240 2670 Rmus.
1265 2601 1309 2671 Ι).
1337 2591 1529 2672 cardinalis
1547 2598 1620 2667 Par·
1697 2669 1698 2700 Ξ

304 2721 439 2796 mensis
457 2721 542 2795 iecit
563 2721 725 2795 officium
744 2721 781 2796 in
806 2721 945 2820 capella
967 2724 1106 2820 majore
1131 2723 1306 2820 predicta,
1330 2727 1427 2819 Papa
1451 2725 1619 2817 presente.

304 2845 379 2941 qui,
397 2845 489 2918 tacta
506 2846 667 2920 oratione
683 2845 720 2920 iu
735 2846 934 2922 faldistorio
953 2847 1093 2944 accepit
1117 2846 1318 2922 cardinales
1335 2844 1381 2918 ad
1395 2845 1624 2918 reverentiam

303 2995 405 3046 more
422 2971 542 3046 solito.
563 2971 737 3046 Dicebant
758 2972 855 3045 enim
878 2972 1002 3046 RRmi.
1027 2976 1102 3046 bb.
1119 2969 1448 3058 vicecancellarius,
1465 2967 1625 3065 Neapoli-

303 3103 422 3189 tanus,
442 3121 471 3170 s,
487 3096 583 3172 Petri
597 3097 641 3170 ad
656 3097 810 3173 Vincula
825 3098 920 3193 quod
935 3098 1134 3173 reverentia
1148 3121 1220 3171 non
1237 3096 1464 3182 debebatbic
1480 3095 1557 3169 fieri
1570 3093 1627 3166 sed

303 3229 384 3319 post
400 3221 504 3321 llyric
519 3223 647 3296 eleison
663 3230 821 3297 orantes.
840 3223 912 3297 Sed
927 3247 1011 3297 cum
1027 3248 1095 3322 ego
1113 3224 1272 3300 dicerem
1290 3223 1349 3296 hic
1370 3222 1449 3297 fieri
1469 3222 1626 3298 debuisse
1696 3297 1697 3312 ,

303 3353 339 3421 et
374 3348 410 3420 in
437 3371 520 3422 meo
544 3347 730 3446 proposito
753 3372 1035 3444 perseverarem,
1060 3331 1149 3424 dixit
1183 3353 1308 3422 Rmus.
1336 3353 1378 3424 Ι).
1411 3373 1442 3420 s.
1471 3347 1564 3422 Petri
1588 3345 1627 3418 ad

304 3470 460 3548 Vincula
479 3472 577 3566 quod
598 3475 692 3544 stare
714 3471 855 3544 volebat
878 3472 1055 3545 sententia
1076 3470 1169 3544 Rmi.
1193 3475 1237 3544 Ι).
1262 3470 1454 3546 cardinalis
1478 3497 1509 3544 s.
1527 3471 1625 3546 blarci
1696 3449 1697 3530 l

305 3594 364 3690 qui
382 3599 467 3668 tunc
481 3594 612 3670 absens
628 3619 647 3669 a
664 3596 801 3692 capella
812 3603 902 3670 erat.
919 3601 1008 3672 Cum
1020 3597 1280 3696 dicereturper
1293 3597 1487 3672 diaconum
1501 3597 1625 3695 capelle

304 3718 547 3816 Ecultetjam
561 3722 751 3818 Ampeliou,
776 3734 853 3813 etc,
880 3723 976 3798 venit
997 3727 1122 3798 Rmus.
1148 3728 1192 3796 Ι).
1215 3723 1453 3798 cardinalias.
1472 3723 1625 3798 blarieiu

306 3845 449 3919 Portica
472 3852 618 3942 propter
639 3847 743 3944 cujus
763 3847 984 3922 debilitatem
1005 3854 1041 3923 et
1067 3847 1313 3922 infirmitatem
1338 3851 1437 3944 Papa
1461 3847 1552 3922 sedit
1574 3870 1624 3920 ac-

304 3977 410 4067 cepta
427 3971 547 4060 mitra,
565 3977 602 4045 et
617 3973 755 4070 recepit
775 3973 945 4046 eumdem
966 3971 1187 4046 cardinalem
1209 3973 1254 4058 ad
1274 3972 1526 4062 reverentiam,
1545 3980 1622 4046 tum.

305 4095 469 4193 deposita
482 4095 599 4186 mitra,
627 4099 821 4172 resurrexit
846 4105 958 4188 staua,
982 4103 1020 4172 ut
1039 4099 1150 4195 prius,
1176 4099 1329 4172 diacono
1346 4098 1490 4172 interim
1505 4097 1622 4172 nibilo-

304 4221 421 4294 minus
436 4229 582 4296 cantum
601 4247 704 4296 suum
719 4223 967 4298 continuante.
995 4223 1113 4298 Finita
1136 4223 1301 4320 epistola,
1327 4227 1370 4296 Ι).
1394 4224 1622 4323 Hieronymus

305 4347 523 4444 Calagranus
550 4348 793 4424 subdiaconus
815 4349 1034 4447 apostolicus
1059 4355 1205 4448 paratus
1229 4371 1333 4424 more
1360 4349 1467 4423 solito
1483 4349 1622 4448 predixit

306 4474 401 4568 Papa
416 4471 588 4564 Alleluia,
606 4475 798 4565 annuncia,
817 4487 897 4564 etc,
920 4475 984 4548 sad
1001 4478 1096 4572 Papa
1112 4474 1227 4548 noluit
1246 4473 1366 4548 dicere
1382 4475 1555 4565 Alleluia,
1573 4471 1622 4547 sed

305 4597 484 4671 commisit
501 4597 699 4674 celebranti
716 4600 775 4696 qui
788 4600 875 4673 illud
887 4600 986 4691 dixit,
1001 4606 1037 4676 at
1051 4599 1096 4674 ad
1109 4599 1329 4697 Mapnificat
1340 4599 1437 4673 idem
1449 4601 1621 4675 celebrans
1695 4585 1696 4601 ¹

306 4721 417 4796 altare
431 4721 630 4798 incensavit
645 4731 681 4799 et
695 4725 764 4799 alia
779 4749 880 4799 more
897 4726 1002 4800 solito
1018 4731 1101 4800 sunt
1116 4727 1324 4800 observata.
1346 4729 1521 4801 Centoras
1537 4727 1621 4798 dire-

307 4855 392 4922 runt
407 4872 536 4924 omnes
552 4850 743 4926 duodecim
759 4852 980 4948 prophetiae.

360 4979 549 5066 Dominica
564 4980 703 5054 Pascha
716 4977 1002 5069 resurrectionis,
1022 4975 1215 5076 scapulis,
1234 4979 1300 5052 SS.
1317 4978 1361 5051 Ι).
1379 4979 1421 5052 Ν.
1440 4985 1580 5074 paratus
1592 4975 1618 5046 ia

342 5131 368 5186 t.
390 5127 515 5200 Scccaw,
532 5147 566 5189 eu
581 5131 682 5205 Styria.
