3422 6034
324 481 378 540 ³70
780 479 955 536 JOHANNts
979 477 1201 548 concauam,
1411 459 1565 540 [novenum
1579 479 1634 543 uus]

373 635 478 710 Feria
497 641 610 726 sexta,
631 639 676 710 30
698 633 783 707 dicti
803 633 939 708 mensis
960 633 1133 724 calabria,
1158 635 1210 707 lll.
1239 637 1282 708 Ι).
1313 632 1471 707 lacobus
1496 657 1537 708 ex
1559 657 1637 710 mar·
1697 641 1698 646 ’

323 761 513 837 chionibus
529 760 751 836 Badensibus
767 764 850 833 aule
863 760 993 834 horam
1013 759 1152 858 prandii
1173 759 1298 832 habuit
1314 758 1536 834 audientiam
1550 784 1569 833 a
1582 764 1633 834 SS.

323 891 366 960 D.
384 893 521 978 nostro,
540 886 684 960 RRmis.
707 889 782 960 Di).
798 885 1048 984 Andagavensi
1068 892 1104 960 et
1120 889 1372 962 beneventano
1396 885 1632 978 cardinalibus,
1697 931 1698 950 ι

212 1098 217 1108 Ι
321 1036 363 1086 ac
392 1017 435 1086 D.
466 1013 631 1086 lohanne
661 1010 825 1085 Molitinc
864 1012 1015 1104 decano,
1052 1012 1167 1086 Adam
1208 1015 1279 1110 Fry
1315 1017 1466 1085 cantore
1501 1011 1634 1086 ecclesie

321 1137 509 1229 Badensia
530 1143 587 1212 lo.
612 1139 657 1214 de
678 1136 937 1234 Perrouagcnsi
961 1135 1073 1210 nobili
1096 1136 1189 1210 laico
1214 1143 1251 1210 et
1271 1158 1330 1210 me
1354 1133 1589 1231 presentibus,
1606 1135 1634 1208 in

317 1286 389 1360 qua
403 1263 488 1338 lecit
500 1287 647 1361 parvam
664 1263 880 1351 orationem,
894 1268 931 1336 et
945 1260 1104 1358 benigne
1121 1285 1142 1335 a
1157 1258 1388 1336 sanctissimo
1402 1261 1445 1332 D.
1464 1261 1507 1334 N.
1526 1281 1634 1355 recep·

320 1395 377 1461 tus
393 1395 461 1464 est.

367 1514 538 1604 sabbato,
558 1517 598 1587 31
620 1519 656 1589 et
670 1514 796 1589 ultima
811 1516 946 1590 mensis
969 1512 1140 1603 octobris,
1172 1516 1234 1588 SS.
1262 1517 1305 1586 b.
1328 1515 1371 1586 N.
1389 1519 1536 1610 paratus
1550 1533 1634 1584 more

317 1638 421 1714 solito
446 1639 539 1713 venit
562 1641 607 1714 ad
630 1641 807 1739 capellam
830 1643 1008 1740 majorem
1023 1639 1144 1738 palatii
1165 1638 1353 1736 apostolici
1374 1639 1469 1735 apud
1486 1643 1634 1710 sanctum

318 1769 477 1856 Petrum,
495 1765 553 1838 ubi
576 1765 737 1840 interfuit
760 1767 920 1865 vesperis
943 1765 1095 1864 publicis
1118 1789 1207 1862 quas
1229 1789 1294 1838 sua
1316 1763 1497 1838 Sanctitas
1517 1761 1634 1858 incepit

317 1911 420 1963 more
436 1897 625 1964 consueto.
645 1894 685 1964 ln
701 1891 838 1966 eisdem
854 1892 1013 1990 vesperis
1034 1891 1117 1966 dedi
1137 1891 1260 1966 locum
1272 1889 1434 1988 predicto
1448 1886 1633 1963 marchioni

318 2015 474 2089 Badeusi
491 2015 575 2089 etin
591 2015 718 2090 babitu
735 2017 892 2092 clericali
908 2016 1104 2107 incedenti,
1123 2015 1159 2088 in
1176 2039 1337 2090 scammo
1358 2015 1633 2089 caudatan'orum

314 2140 550 2216 cardinalium
562 2141 599 2216 in
616 2143 747 2240 capite,
766 2167 875 2242 supra
896 2122 1024 2218 omnes
1046 2141 1272 2217 caudatarios
1287 2142 1502 2216 eorumdem
1524 2139 1632 2214 diaco-

314 2290 443 2341 nomm
455 2268 691 2342 cardinalium
707 2277 744 2342 et
759 2268 937 2361 medicos3
961 2266 1045 2341 alibi
1065 2267 1131 2342 sibi
1150 2271 1322 2365 tanquam
1344 2264 1589 2342 ecclesiastico
1604 2273 1632 2336 et

314 2392 449 2466 nullum
472 2395 623 2490 gradum
649 2394 799 2469 habenti
812 2395 914 2470 locus
933 2391 1191 2469 conuenienter
1210 2393 1287 2467 dari
1303 2415 1376 2468 non
1391 2392 1521 2491 potuit,
1539 2413 1631 2464 secus

313 2517 342 2589 si
358 2517 394 2590 in
410 2518 534 2592 habitu
551 2543 623 2594 non
638 2521 795 2595 clericali
810 2520 1019 2595 incedisset.

361 2644 564 2736 Dominica‚
585 2653 599 2719 l
620 2646 756 2720 mensis
768 2645 986 2736 novembris,
1000 2650 1123 2720 Rmus.
1141 2647 1184 2718 D.
1204 2640 1395 2717 cardinalis
1412 2666 1442 2714 s.
1456 2640 1629 2716 Anastasio

312 2767 506 2844 celebrauit
521 2770 669 2846 missam
684 2771 864 2868 publicam
889 2771 926 2844 in
947 2769 1096 2844 basilica
1116 2767 1288 2868 principis
1313 2767 1559 2865 apostolorum
1581 2766 1628 2840 cui

313 2895 377 2968 SS.
396 2897 440 2967 D.
454 2897 483 2968 N
489 2951 513 2984 .,
530 2918 632 2970 more
643 2899 817 2970 consueto
830 2901 989 2992 paratuS,
1005 2893 1183 2984 interluit3
1202 2893 1246 2967 de
1260 2893 1363 2991 cujus
1372 2892 1542 2966 mandato
1557 2889 1628 2966 dedi

309 3147 409 3202 amicis
423 3165 512 3219 quom
530 3149 677 3221 fidelibus,
691 3147 833 3222 pregando
852 3147 890 3222 gli
906 3147 985 3206 amici
1001 3166 1016 3206 a
1031 3146 1220 3206 demandanda
1240 3146 1265 3204 ai
1286 3144 1387 3202 sudditi
1402 3145 1453 3201 che
1468 3143 1551 3202 sendo
1564 3144 1626 3200 desi·

307 3243 409 3309 gnatus
424 3237 509 3294 Almae
524 3237 606 3294 Urbis
626 3239 743 3294 Senator
762 3243 847 3312 spect.
864 3238 958 3296 doctor
972 3245 1000 3296 et
1013 3255 1108 3313 eques,
1122 3255 1155 3295 ac
1174 3236 1291 3294 dilectus
1309 3235 1375 3291 civis
1393 3241 1489 3292 noster
1508 3235 1539 3292 D.
1555 3235 1628 3290 Aoos·

306 3343 383 3383 riuus
398 3344 431 3381 nn
454 3325 569 3396 Venice,
587 3331 634 3401 qui
656 3327 684 3383 in
707 3326 905 3400 presentiarum
926 3328 1108 3402 proficiscitur
1127 3327 1162 3384 ad
1180 3325 1283 3383 dictum
1304 3325 1363 3399 ejus
1384 3322 1574 3398 magistratum
1594 3322 1625 3395 gb

305 3415 427 3487 prastino
443 3416 518 3490 ujuto
533 3435 547 3472 e
562 3416 687 3473 lavore...
704 3439 719 3468 u

340 3505 374 3560 P.
396 3507 447 3560 481
466 3522 473 3560 :
489 3529 504 3557 u
594 3505 637 3562 Da
655 3507 664 3562 i
691 3506 765 3582 quali
784 3507 939 3565 documenti
963 3507 1013 3564 che
1038 3507 1118 3565 acrba
1140 3504 1266 3580 originali
1291 3505 1416 3575 Monate.
1439 3503 1575 3559 Vincento
1595 3505 1625 3558 de

307 3593 394 3650 Condi
415 3596 446 3648 di
466 3595 557 3666 Oniyo
576 3597 786 3654 archidiacono
799 3597 871 3654 della
889 3599 1063 3653 Catbedrole
1079 3600 1112 3653 di
1129 3597 1252 3667 Triodoi,
1269 3594 1392 3652 discesso
1408 3592 1454 3649 del
1471 3593 1544 3650 detto
1557 3611 1624 3649 sena·

303 3685 371 3751 tore,
391 3681 559 3741 abbastanzn
577 3685 680 3742 resulta
699 3687 749 3742 che
766 3685 857 3761 quasti
875 3689 945 3743 vestl
960 3687 985 3743 la
999 3687 1077 3762 Toga
1097 3685 1241 3743 Senatoria
1257 3702 1336 3742 verso
1351 3683 1370 3740 il
1385 3681 1522 3758 Principio
1535 3683 1560 3738 di
1576 3683 1622 3739 No·

303 3771 412 3828 uembre
424 3773 466 3829 dal
481 3775 646 3831 anu01489.
664 3797 679 3826 »

338 3861 360 3917 ll
373 3867 484 3920 mourut
504 3880 538 3920 en
560 3865 629 3920 1490
648 3879 654 3920 :
675 3881 725 3921 sou
747 3882 837 3940 corps,
855 3869 982 3942 rapporte
1002 3865 1153 3936 aTrtuise,
1172 3865 1215 3922 lut
1234 3865 1354 3922 ensareli
1373 3864 1444 3922 dans
1464 3863 1565 3940 l'eglise
1581 3863 1619 3918 des

300 3949 358 4008 PP.
374 3951 537 4024 Precheurs,
549 3957 585 4010 orl
595 3970 631 4011 on
643 3953 681 4010 lui
697 3952 774 4013 eleva
789 3974 827 4013 un
841 3963 1001 4014 monument
1015 3973 1082 4014 avec
1097 3959 1167 4014 cette
1181 3955 1343 4031 inscription
1359 3971 1367 4011 ε

866 4129 923 4185 Deo
944 4129 1066 4186 Murruo.

583 4215 739 4273 Auousrruo
759 4215 863 4275 Vouuco
884 4219 916 4275 V.
937 4219 968 4275 C.
989 4219 1066 4274 Prucr
1085 4217 1116 4274 F.
1133 4218 1237 4276 luniso.
1253 4218 1347 4286 Eoum

607 4306 733 4372 Couurro.
755 4307 870 4366 Ccucrus
888 4310 918 4364 lu
937 4307 1030 4364 Rarus
1050 4307 1138 4365 Casca
1156 4308 1325 4375 lurconaoun

905 4415 1023 4454 vaasuro

601 4487 642 4541 Da
660 4486 764 4542 Parnm
783 4487 888 4544 Orrrun
907 4487 1014 4544 Menum
1033 4488 1084 4558 Qur
1104 4487 1194 4558 Quou.
1216 4489 1321 4546 Honora.

821 4577 939 4633 Suuuuu
959 4577 1105 4634 luruussnr

638 4665 708 4721 Aru.
728 4665 844 4722 Arruns
863 4666 960 4722 LXlll.
981 4667 1070 4723 Maus.
1090 4684 1128 4723 rx.
1149 4667 1183 4723 b.
1204 4667 1292 4726 XXll.

571 4755 671 4811 Saum.
692 4757 869 4813 Nlucrsrneru
888 4756 1013 4812 Furiosus
1033 4755 1121 4812 Vrruu
1141 4757 1253 4826 Quooun
1273 4775 1351 4814 ursan

550 4842 716 4900 rerumve
737 4846 811 4902 duno
831 4845 951 4903 Gaurrua
967 4844 1145 4904 MCCCCXC.
1167 4847 1277 4904 Posrm.
1297 4847 1366 4904 Sex.

741 4935 885 4992 quocnur.
905 4936 980 4992 Vlll.
1001 4935 1085 4992 Pouu.
1106 4935 1180 4992 Mur.

643 5021 744 5082 Prunus
762 5025 898 5083 Auernus
918 5026 1096 5084 Hunnouruus
1116 5025 1147 5082 F.
1168 5025 1284 5082 Pussurr

728 5115 854 5173 Picumno
874 5115 903 5172 lu
922 5115 1047 5172 Purattu
1066 5115 1193 5172 Conrona

830 5203 864 5259 H.
884 5203 924 5263 Μ.
944 5203 978 5260 Η.
1000 5203 1032 5263 N.
1054 5203 1085 5262 S.
