3436 6038
84 469 204 534 [octobre
218 469 289 536 stas]
404 468 531 528 RERUM
555 467 784 529 URBANARUM
808 469 1071 532 COMMENTARII.
1356 479 1410 535 215

80 624 210 725 capelle
225 632 364 716 nostre,
377 648 443 724 pro
455 625 575 700 anima
589 626 685 702 bone
702 627 877 703 memorie
893 629 1065 727 Stephani
1085 630 1173 706 tituli
1195 656 1223 705 s.
1242 631 1354 708 Maria
1370 633 1408 708 iu

78 753 329 829 Transtiberim
350 751 554 852 presbytcri
578 753 768 828 cardinalis
792 754 1070 830 Mediolanensis
1093 757 1287 855 vulgariter
1308 783 1402 834 nun-

76 879 202 976 cupati,
235 883 332 978 Papa
363 886 400 954 et
421 878 588 953 omnibus
615 879 856 955 cardinalibus
882 882 1105 974 absentibus,
1137 891 1289 982 excepto
1327 890 1403 959 tan·
1494 941 1499 952 „

74 1013 144 1079 tum
170 1009 275 1082 Rmo.
303 1009 344 1080 D.
366 1005 531 1080 Jobannc
558 1005 789 1080 Arcimboldo
818 1006 999 1082 cardinale
1030 1008 1089 1105 qui
1118 1009 1281 1084 interfuit
1303 1010 1401 1084 solus
1509 997 1515 1012 '

74 1156 140 1206 uua
166 1155 250 1207 cum
282 1131 561 1222 interamnensi,
598 1132 831 1228 Pergamensi
859 1139 896 1207 et
922 1133 1165 1208 Alexandrino
1196 1134 1397 1233 episcopis,

72 1259 195 1332 abbate
222 1283 254 1333 s.
280 1257 495 1351 sabastiani,
525 1262 567 1332 Ι).
599 1261 750 1356 Hugonc
775 1257 909 1332 Bencio
937 1258 1157 1334 subdiacono
1185 1261 1397 1359 apostolico,

74 1384 200 1458 Alrisio
226 1385 347 1462 Tbom
376 1384 559 1484 acolytho,
586 1384 727 1458 duobus
758 1385 986 1460 cubiculariis
1014 1392 1049 1460 et
1070 1387 1194 1484 paucis
1222 1388 1399 1462 scutiferis

73 1515 176 1608 Papa.
209 1487 296 1584 Post
320 1509 483 1600 missam,
510 1510 696 1586 celebrans
721 1509 807 1585 iecit
835 1511 1116 1602 absolutionem;
1146 1519 1183 1586 et
1206 1513 1275 1587 alia
1297 1536 1400 1586 more

74 1635 558 1712 consuetosuntobserveta.

118 1761 252 1836 Eadem
272 1761 344 1852 die,
362 1761 459 1836 circa
473 1761 603 1836 horam
618 1783 708 1850 xxu,
725 1765 899 1834 venemnt
918 1761 963 1834 ad
980 1763 1115 1837 Urbem
1135 1766 1178 1836 D.
1202 1763 1400 1838 Brandade

74 1887 286 1985 castiglione
302 1887 507 1985 'episcopus
535 1890 730 1979 Cumanus,
763 1888 919 1960 lacobus
942 1887 986 1962 de
1010 1889 1179 1963 Trivultio
1204 1896 1239 1964 et
1265 1893 1400 1966 Guidus

74 2013 247 2090 Antonius
285 2013 556 2106 Arcimboldus,
593 2019 754 2088 oratores
789 2012 1019 2086 illustrissimi
1053 2015 1156 2088 ducis
1190 2018 1397 2108 Mediolani,

74 2138 213 2236 quibus,
233 2138 279 2212 ad
293 2139 501 2213 instantiam
520 2145 554 2212 et
572 2160 700 2236 preces
721 2137 815 2210 Rmi.
843 2141 887 2210 D.
910 2119 1101 2213 cardinalis
1120 2143 1277 2234 Ascanii,
1298 2168 1403 2218 vene-

77 2269 155 2338 runt
166 2264 307 2338 obviam
318 2261 866 2362 alique,paucetamen,iamilie
877 2261 1079 2358 aliquomm
1090 2267 1399 2340 RRmorum.DD.

78 2389 307 2465 cardinalium
328 2414 397 2488 qua
416 2415 530 2489 usque
550 2391 596 2466 ad
615 2389 810 2488 hospitium
831 2411 956 2462 eorum
975 2411 1075 2464 more
1098 2388 1203 2463 solito
1220 2411 1284 2462 eos
1301 2389 1403 2464 es'so-

78 2513 226 2590 cierunt.

128 2643 226 2718 Furia
241 2649 380 2740 quarta,
399 2642 455 2716 die
473 2645 494 2714 l
509 2642 645 2716 mensis
660 2641 833 2730 octobris,
852 2641 989 2716 festum
1009 2667 1039 2716 s.
1060 2643 1255 2734 Francisci‚
1274 2646 1337 2718 SS.
1354 2648 1399 2718 D.

80 2771 122 2842 N.
137 2769 364 2844 innocentius
382 2773 479 2866 Papa
497 2771 575 2846 Vlll
593 2769 631 2843 in
649 2791 754 2844 mane
768 2773 913 2864 paratus
928 2768 1075 2860 amictu,
1093 2769 1186 2862 alba,
1205 2770 1349 2867 cingulo
1367 2777 1404 2844 et

80 2894 167 2970 stola
185 2895 279 2986 alba,
298 2893 537 2993 capellumex
556 2895 673 2970 veluto
693 2893 897 2968 cremosino
915 2895 1054 2970 habens
1074 2895 1111 2968 in
1132 2896 1262 2994 capite,
1278 2921 1404 2994 prece-

79 3020 178 3095 dente
193 3021 312 3120 ipsum
327 3027 481 3096 cruoeet
491 3022 731 3099 cardinalibus
746 3022 865 3119 ipsum
881 3020 1127 3116 sequentibus,
1145 3045 1253 3118 supra
1267 3022 1403 3096 mulam

80 3147 240 3242 equitavit
257 3148 426 3247 perviam
443 3149 735 3224 transtiberinam
750 3147 797 3221 ad
811 3172 841 3220 s.
855 3145 1087 3220 Franciscum
1102 3145 1146 3220 de
1161 3145 1400 3237 observantia,

81 3295 134 3345 me
152 3273 301 3347 absente
322 3282 357 3347 et
372 3273 409 3347 id
427 3273 629 3370 ignorante.
648 3259 717 3348 Per
732 3274 839 3348 aliam
858 3271 951 3348 viam
968 3270 1070 3346 rediit
1087 3271 1132 3345 ad
1150 3263 1337 3368 palatium,
1357 3276 1400 3346 D.

82 3397 235 3472 iohanne
249 3399 362 3474 llario
375 3400 446 3473 boc
462 3399 549 3474 mibi
566 3401 758 3474 referente.

127 3523 188 3598 Die
212 3523 363 3617 sabbati,
392 3525 570 3598 lmensis
603 3525 774 3618 octobris,
799 3526 931 3621 paratis
958 3525 1126 3599 omnibus
1151 3549 1196 3601 ex
1214 3549 1315 3601 more
1339 3551 1405 3625 pro

83 3650 233 3747 exequiis
259 3649 448 3748 ordinariis
477 3650 658 3724 consuetis
687 3651 723 3722 in
750 3651 905 3725 ecclesia
927 3653 1033 3726 beate
1057 3653 1168 3726 llario
1192 3652 1332 3727 Araceli
1360 3653 1406 3728 de

84 3775 182 3866 Urba,
214 3773 382 3850 videlicet
413 3781 530 3852 castro
562 3775 694 3850 doloris
727 3777 962 3874 longitudinis
995 3801 1078 3851 cum
1116 3777 1190 3851 suis
1227 3778 1405 3853 columnis

83 3901 275 3996 palmorum
295 3901 420 3999 viginti
444 3907 539 3994 octo,
565 3901 762 3978 latitudinis
789 3901 913 3999 viginti
938 3925 1024 3992 uno,
1049 3907 1084 3976 et
1104 3902 1303 3976 altitudinis
1328 3903 1405 3976 sine

84 4031 170 4102 tacto
195 4027 468 4127 quatuordecim
492 4052 663 4104 mensure
693 4027 1014 4126 carpentariomm,
1036 4032 1112 4100 erat
1128 4033 1249 4100 autem
1269 4033 1405 4102 tectum

84 4153 215 4251 apiano
232 4179 343 4253 super
356 4161 515 4230 castrum
530 4157 643 4231 altum
655 4179 720 4253 per
735 4155 912 4228 directum
927 4155 1129 4252 palmorum
1139 4153 1307 4226 similium
1323 4159 1406 4226 octo
1484 4159 1487 4166 '

86 4281 174 4374 quod
188 4281 274 4356 iecit
296 4281 470 4379 magister
487 4282 672 4356 lohannes
696 4285 825 4355 Petrus
846 4279 1052 4354 Parmensis
1072 4279 1108 4352 in
1134 4278 1215 4352 telis
1236 4278 1271 4351 in
1294 4279 1406 4352 tribus

84 4406 285 4502 parietibus,
298 4407 467 4484 videlicet
480 4432 587 4507 supra
597 4413 739 4506 portam
753 4406 908 4482 ecclesie
922 4429 964 4480 ac
977 4406 1071 4480 trine
1085 4411 1121 4480 et
1134 4404 1219 4478 inde
1231 4428 1345 4502 usque
1361 4405 1407 4479 ad

86 4531 271 4629 imaginem
307 4535 411 4608 beate
445 4534 558 4608 Maria
590 4533 735 4632 virginis
766 4557 873 4630 quam
908 4531 1069 4629 depinxit
1095 4537 1239 4606 sauctus
1266 4537 1404 4623 Lucas;

87 4658 268 4733 intorticiis
283 4683 392 4757 supra
407 4683 507 4734 arma
522 4659 761 4757 quadraginta
776 4664 929 4757 septem,
947 4658 1106 4732 candelis
1123 4679 1230 4755 supra
1248 4662 1407 4730 castrum

87 4793 174 4880 octo,
191 4786 606 4886 septuagintaquinque,
622 4791 778 4882 quatuor
792 4785 980 4859 unciarum
992 4783 1151 4880 quelibet
1164 4791 1200 4858 et
1214 4783 1405 4857 intorticiis

87 4933 206 4987 novem
222 4937 263 4988 ac
279 4915 384 5011 juxta
401 4919 559 4986 cestrum
578 4912 768 4986 intorticiis
792 4911 915 5008 viginti
936 4917 1018 4984 octo
1034 4915 1070 5016 et
1088 4910 1197 4984 armis
1219 4911 1256 4983 iu
1271 4909 1406 4984 chartis

88 5059 145 5131 per
171 5062 294 5114 muros
327 5040 479 5114 ecclesie
509 5046 544 5113 et
573 5038 759 5114 columnas
785 5059 1008 5111 marmoreas
1034 5043 1181 5111 centum
1206 5059 1248 5111 ec
1282 5036 1408 5110 subtus

90 5172 198 5238 castro
218 5166 316 5240 lecto
338 5171 375 5240 ct
395 5165 474 5238 aliis
503 5187 605 5239 more
635 5171 825 5255 consueto,
860 5161 984 5239 habite
1021 5168 1102 5238 sunt
1129 5163 1279 5260 exequie
1313 5163 1407 5236 bone
