3508 6034
286 425 339 484 ue
744 419 920 479 33333333
944 419 1166 494 3333333333,
1420 424 1538 488 [ranae
1553 425 1625 490 33]
1731 389 1732 392 ‘

283 576 449 654 intrantis
471 577 608 652 dietum
631 577 782 651 chorum
806 585 914 673 prout
940 575 1027 650 alias
1057 599 1122 673 pro
1147 578 1316 654 omuibus
1336 575 1472 651 ibidem
1495 583 1622 674 parata

286 710 401 793 erant,
423 710 458 778 et
478 703 717 799 aliaquatuor
746 702 790 776 ab
820 701 924 778 311331
950 703 1090 799 majore
1117 709 1217 776 extra
1239 703 1334 776 illius
1358 700 1562 776 3333311333
1585 701 1620 774 13

285 852 399 903 33333
410 829 598 925 evangelii,
612 828 813 903 3331311333
822 850 947 902 333333
957 839 1100 928 portam
1110 829 1262 919 ibidem;
1275 829 1339 902 sed
1349 833 1465 902 totum
1474 827 1623 924 planum

284 953 406 1029 altaris
421 977 533 1050 usque
548 953 593 1026 ad
607 953 766 1051 primum
782 953 934 1050 gradum
958 954 995 1026 iu
1011 953 1167 1029 ecclesia
1188 953 1472 1030 descendentem
1489 952 1621 1050 ligneis

284 1079 377 1153 foliis
392 1078 538 1152 munitis
554 1086 590 1151 et
606 1077 741 1152 3333113
758 1077 923 1153 clausum
946 1085 1024 1152 3331
1045 1087 1079 1151 31
1103 1079 1148 1152 eb
1166 1079 1271 1154 ellari
1289 1079 1418 1154 eodem
1442 1080 1620 1188 usquead

284 1204 437 1278 chorum
454 1207 550 1300 Pepe
564 1203 674 1301 pauni
690 1202 821 1277 virides
838 1203 936 1276 strati
953 1209 987 1277 et
997 1227 1062 1301 per
1072 1211 1187 1279 totum
1198 1205 1351 1280 chorum
1364 1209 1476 1302 Papo,
1494 1205 1532 1277 13
1548 1227 1621 1303 quo

288 1330 460 1404 sederunt
485 1327 712 1419 subdiaconi,
737 1329 934 1418 auditores,
959 1328 1081 1404 3133131
1102 1351 1259 1422 camere,
1282 1330 1454 1427 acolythi,
1475 1330 1624 1405 3313133-
1731 1403 1732 1418 ,

282 1453 374 1544 larii,
394 1452 569 1543 advocati,
589 1452 788 1542 secretarii,
810 1439 1064 1551 piccuratores
1090 1456 1271 1531 ordinum.
1295 1456 1351 1530 Ad
1371 1456 1502 1530 solium
1524 1459 1619 1554 Pape

284 1585 464 1655 steterunt
487 1579 560 1652 dux
586 1581 689 1670 Sore,
717 1577 928 1652 Franciscus
955 1578 1041 1653 Cibo
1066 1578 1161 1653 lilius
1193 1585 1303 1678 Pape,
1334 1585 1482 1654 3333133
1506 1581 1620 1654 etalii
1731 1623 1732 1626 ¹

284 1702 425 1776 nobiles
438 1725 538 1775 more
556 1703 675 1778 331113.
694 1706 841 1777 Missam
858 1704 1013 1777 cantavit
1034 1705 1618 1802 113333.331333333Ρ3333311333

283 1826 476 1902 cardinalis
489 1852 517 1902 s.
540 1829 670 1926 Augeli
696 1837 731 1904 31
755 1827 822 1902 1311
846 1852 910 1902 333
926 1829 1043 1926 primu
1063 1830 1174 1904 missa
1197 1831 1235 1904 in
1259 1835 1366 1904 33313
1385 1859 1392 1903 :
1412 1854 1487 1926 qua
1501 1830 1615 1922 tiuita,

283 1952 479 2051 publicavit
505 1953 687 2050 plenarias
715 1953 958 2050 indulgentias
987 1976 1054 2050 333
1074 1958 1208 2052 Papam
1236 1979 1302 2052 per
1324 1953 1502 2052 primitias
1540 1979 1619 2030 3333

283 2078 493 2177 hujusmodi
508 2079 643 2176 populo
660 2102 865 2153 concessas.
887 2080 1102 2152 Sermonem
1121 2079 1242 2154 133333
1263 2079 1387 2153 debuit
1400 2087 1620 2174 procurator
1731 2065 1732 2136 1

284 2203 419 2278 ordinis
443 2228 627 2280 servorum
643 2206 747 2282 beate
769 2203 880 2278 Merie
904 2202 1050 2299 virginis
1066 2231 1073 2291 ;
1092 2203 1156 2276 sed
1181 2224 1254 2277 non
1276 2203 1362 2277 13311
1377 2227 1423 2278 ex
1444 2204 1613 2278 mundato

281 2333 377 2426 Pepe
393 2329 592 2426 quietarda
616 2332 708 2405 bora
732 2336 821 2404 3331.
845 2332 1019 2404 Centoras
1042 2334 1223 2402 steterunt
1246 2351 1356 2424 33333
1382 2327 1517 2402 voltam
1542 2329 1612 2402 3133

281 2453 463 2528 tribunam
479 2479 591 2553 prope
608 2479 785 2553 organum
801 2453 1029 2543 existentem,
1041 2452 1386 2528 databeuedictione
1397 2477 1465 2550 per
1479 2458 1609 2551 Pupam
1731 2447 1732 2464 ¹

281 2587 317 2654 et
338 2578 570 2676 indulgentiis
594 2581 799 2679 publicatis.
824 2578 1019 2653 Celebraus
1044 2584 1080 2652 31
1104 2577 1258 2651 ministri
1285 2577 1340 2652 sui
1365 2577 1609 2676 deposuerunt

283 2727 404 2778 333333
419 2711 536 2779 333133
553 2729 597 2779 ex
614 2706 789 2780 bruobato
804 2726 915 2779 33333
931 2703 1136 2778 3333333133
1153 2703 1357 2776 richissimo
1373 2711 1561 2778 contextas
1576 2714 1608 2779 31

283 2829 469 2903 conlectus
485 2855 574 2927 quas
588 2854 717 2906 omues
735 2854 818 2905 cum
838 2830 993 2920 amictis,
1010 2829 1115 2921 albis,
1136 2829 1252 2920 stolis,
1273 2830 1482 2927 manipulis,
1500 2832 1609 2905 uibilo
1731 2841 1732 2926 t

282 2956 446 3051 dempto,
464 2955 585 3030 clerici
602 2980 685 3030 oum
698 2956 863 3054 primatis
876 2954 1015 3052 3333113
1031 2962 1154 3028 333133
1166 2963 1364 3051 333333331
1379 2979 1491 3052 33333
1505 2955 1613 3030 311333

281 3087 321 3154 31
344 3103 454 3178 33333
479 3081 631 3177 gradum
660 3091 744 3155 ante
769 3082 857 3156 illud
888 3109 896 3156 :
923 3105 992 3178 que
1012 3081 1135 3156 omnic
1156 3079 1286 3154 obtulit
1310 3081 1375 3154 SS.
1393 3081 1558 3178 pontifex
1583 3089 1614 3156 31

283 3205 500 3280 (1333331131
514 3207 650 3280 dimisit
662 3207 811 3282 basilice
832 3207 1014 3304 predicte;
1037 3206 1167 3282 deinde
1184 3207 1280 3280 13313
1300 3206 1431 3280 iterum
1451 3208 1611 3280 33311333

282 3337 366 3406 3313
380 3331 493 3406 311333
505 3338 542 3406 31
554 3332 713 3406 dimissis
728 3332 863 3406 ibidem
879 3331 1022 3430 pluviali
1039 3337 1075 3406 31
1090 3332 1195 3422 31313,
1214 3335 1356 3429 3333311
1374 3335 1612 3430 3333331333

283 3457 403 3530 album
419 3463 456 3530 et
466 3457 623 3556 desuper
645 3457 775 3531 stolum
796 3481 841 3532 ex
860 3457 984 3555 333113,
1003 3457 1100 3530 etad
1118 3457 1292 3553 palatium
1307 3460 1404 3555 apud
1419 3483 1449 3532 s.
1468 3463 1613 3534 Petrum

283 3604 447 3656 reversus
460 3589 516 3656 331
530 3606 596 3680 333
606 3583 830 3659 3133333333
847 3609 877 3658 3.
895 3583 1099 3658 iohannem
1113 3592 1148 3656 et
1162 3583 1326 3676 Paulum,
1341 3610 1370 3658 s.
1385 3587 1611 3682 Gregorium,

284 3731 313 3780 3.
330 3707 443 3778 Μ3313
458 3707 494 3779 13
509 3709 670 3800 Ρ331133,
683 3716 830 3784 stratam
840 3713 857 3781 1
863 3709 1036 3784 udeorum
1054 3715 1089 3783 31
1102 3732 1272 3806 campum
1282 3709 1387 3783 Flore
1398 3735 1406 3801 3
1418 3717 1522 3785 333133
1532 3735 1613 3809 333-

284 3837 357 3904 tam
374 3830 524 3905 3331313.
542 3834 683 3930 Angeli,
701 3836 771 3908 hoo
787 3835 952 3910 33113133
967 3840 1125 3908 castrum
1142 3841 1177 3908 31
1191 3833 1379 3932 palatium,
1396 3838 1495 3932 Papa
1518 3836 1613 3910 dedit

282 3955 469 4030 licentiam
484 3957 739 4034 cardinalibus.
751 3965 911 4036 Venerat
926 3965 1047 4033 autem
1070 3964 1166 4056 Papa
1177 3983 1243 4056 per
1256 3961 1350 4033 viam
1371 3959 1415 4033 de
1431 3961 1609 4050 Maximis,

283 4106 312 4154 s.
328 4085 503 4173 Marcum,
518 4107 549 4158 s.
562 4085 772 4174 Adricuum,
786 4086 968 4159 Coliseum
979 4085 1022 4158 ad
1037 4085 1220 4158 sinistram
1231 4085 1431 4176 dimittens,
1444 4110 1512 4183 per
1522 4089 1610 4162 31333

283 4207 343 4280 ubi
360 4208 505 4305 papisse
528 4208 648 4306 imago
669 4211 847 4285 collocata
868 4219 935 4301 331,
958 4210 1001 4283 ad
1021 4210 1208 4282 basilicam
1227 4210 1425 4306 portandus
1445 4212 1611 4309 adquam

280 4357 347 4431 per
358 4342 498 4431 portam
516 4359 629 4433 33333
645 4337 757 4411 311333
774 4338 892 4434 majus
914 4336 1071 4410 introivit
1086 4336 1235 4432 pallium
1254 4336 1378 4410 3113313
1391 4337 1517 4432 (etiam
1538 4345 1609 4412 erat

279 4457 324 4532 de
346 4458 550 4558 boucheto),
574 4460 671 4556 qued
698 4460 863 4534 similiter
888 4460 1048 4557 pontifex
1070 4459 1188 4533 eidem
1204 4459 1358 4534 ecclesie
1375 4461 1534 4534 donavit.

328 4584 434 4655 Feria
448 4590 563 4674 sexta,
582 4588 626 4657 27
642 4584 779 4658 mensis
790 4584 961 4681 junuarii,
979 4585 1017 4656 in
1032 4592 1174 4658 secreto
1191 4584 1421 4675 consistorio,
1432 4587 1610 4683 publicola

278 4713 315 4781 et
342 4709 514 4783 conclusa
528 4709 594 4784 1311
608 4733 679 4807 333
693 4711 788 4784 13133
803 4711 1071 4784 sanctissimum
1096 4710 1283 4784 dominum
1303 4717 1469 4785 nostrum
1485 4737 1608 4811 papum

278 4839 313 4904 31
329 4831 426 4906 lllus.
445 4834 711 4908 Ferdiuandum
727 4858 852 4932 regem
868 4835 1157 4933 Neapolitanum.

328 4954 433 5026 Feric
447 4957 583 5051 quinta,
602 4961 623 5029 1
638 4959 775 5031 mensis
791 4958 975 5048 1313333311,
993 4958 1085 5033 13313
1100 4959 1362 5056 purificationis
1381 4960 1488 5034 beate
1504 4958 1606 5034 Mario

276 5075 438 5173 virginis,
463 5079 526 5152 SS.
550 5085 593 5154 D.
617 5085 658 5154 N.
680 5089 826 5177 paratus
854 5107 955 5156 more
979 5084 1085 5158 solito
1112 5087 1210 5159 33311
1232 5085 1278 5158 cd
1300 5085 1475 5182 capellam
1504 5085 1606 5182 majo
