3422 6034
76 483 156 542 [llars
173 486 244 548 {490}
414 484 540 542 RERUM
564 486 791 544 URBANARUM
816 487 1078 544 conuertuntur
1357 489 1409 543 387

125 637 321 710 [lominica
344 639 460 735 prima
486 640 773 738 quadragesime,
802 645 846 713 28
865 649 899 713 et
919 639 1045 712 ultima
1069 638 1205 712 mensis
1223 637 1408 724 februarii,

77 766 116 833 lt.
146 765 187 834 P.
210 766 252 836 u.
283 764 438 836 Thomas
469 765 662 862 episcopus
692 767 858 841 bolensis
888 766 1062 840 assistens
1091 769 1187 860 Pape
1215 763 1409 837 celebrarit

77 887 228 960 missam
244 888 424 984 publicam
447 890 482 962 in
499 891 638 988 capella
652 891 789 988 majore
807 891 943 988 palatii,
963 893 1058 986 Papa
1078 890 1241 976 absente,
1264 887 1406 960 ltltmis.

77 1015 153 1084 uu.
173 1013 418 1087 cardinalibus
437 1017 691 1112 presentibus:
715 1016 803 1090 dixit
818 1017 975 1112 quinque
997 1015 1179 1088 orationes
1199 1019 1406 1086 consuetas.

78 1141 296 1212 Sermonem
309 1139 394 1213 lecit
409 1141 520 1214 trater
535 1142 810 1216 Bartholomeus
833 1143 1125 1238 viceprocurator
1141 1137 1277 1210 ordinis
1292 1137 1410 1234 predi·

77 1269 264 1352 catorum;
287 1271 322 1338 et
338 1265 408 1338 alia
422 1267 545 1338 omnia
560 1289 662 1341 more
678 1266 783 1339 solito
799 1273 882 1340 sunt
899 1265 1099 1340 observata.

126 1391 321 1464 llominica
347 1391 505 1466 secunda
532 1393 819 1490 quadragesime,
853 1399 872 1464 7
903 1391 1040 1468 mensis
1065 1389 1197 1477 martii,
1225 1393 1267 1460 u.
1296 1391 1334 1460 P.
1364 1391 1406 1460 D.

79 1515 206 1602 l'rsus,
238 1513 430 1612 episcopus
445 1515 683 1607 Tbeauensis,
707 1517 880 1591 assistens
911 1521 1019 1614 Papa,
1046 1516 1239 1590 celebravit
1262 1515 1410 1586 missam

80 1639 265 1736 publicam
278 1641 314 1714 in
328 1640 466 1737 capella
488 1641 661 1738 predicta,
684 1645 782 1740 Papa
802 1649 984 1738 presente.
1004 1645 1216 1716 Sermonem
1234 1639 1317 1714 lecit
1332 1639 1411 1734 qui-

76 1765 163 1838 dam
179 1766 292 1840 trater
304 1765 348 1838 de
364 1765 516 1838 Francia
531 1766 667 1839 ordinis
679 1767 861 1840 minorum
877 1767 921 1841 de
934 1767 1168 1840 Obseruantia
1183 1789 1190 1838 :
1207 1765 1277 1838 alia
1289 1762 1412 1836 omnia

76 1897 161 1964 sunt
191 1891 383 1964 observata
404 1912 506 1962 more
530 1898 719 1966 consueto.
749 1891 865 1964 Finita
891 1892 1014 1982 missa,
1039 1891 1085 1964 ad
1110 1889 1410 1988 supplicationem

77 2017 175 2088 ltmi.
196 2019 239 2090 u.
270 2015 463 2090 cardinalis
478 2018 703 2113 Neapolitani
726 2017 943 2115 protectoris
968 2015 1104 2089 ordinis
1130 2013 1408 2111 predicatorum,

75 2139 313 2215 demandato
331 2144 395 2215 88.
414 2146 457 2215 D.
477 2145 520 2216 N.
548 2147 643 2240 Pape
669 2143 874 2216 intimatum
891 2149 944 2217 est
961 2145 1033 2213 RR.
1058 2143 1125 2213 PP.
1151 2142 1225 2211 DD.
1245 2139 1336 2210 sacri
1351 2161 1412 2234 pa-

75 2265 155 2340 latii
173 2289 364 2340 causarum
377 2267 599 2340 auditoribus
615 2268 710 2364 quod
726 2269 784 2342 die
801 2269 957 2342 crastina
972 2289 1044 2338 non
1060 2271 1206 2338 teneant
1222 2285 1410 2335 causarum

76 2391 302 2466 audientiam
318 2399 465 2490 propter
476 2393 749 2466 translationem
765 2395 846 2468 testi
862 2415 924 2467 seu
942 2391 1051 2465 oflicii
1066 2389 1148 2465 lesti
1164 2413 1194 2462 s.
1213 2389 1351 2462 Thome
1366 2387 1411 2461 de

76 2516 222 2612 Aquino
237 2516 282 2590 de
297 2515 474 2589 hodierno
491 2517 526 2590 in
541 2518 739 2590 crastinum
756 2518 864 2591 diem.

125 2639 235 2712 Feria
251 2639 422 2728 secunda,
437 2639 554 2712 ddicti
565 2641 701 2714 mensis
712 2641 845 2730 martii,
866 2641 910 2715 de
926 2639 1096 2712 mandato
1112 2643 1175 2712 SS.
1194 2643 1237 2712 u.
1254 2642 1296 2712 N.
1316 2643 1411 2735 Pape

77 2787 152 2838 uon
168 2765 234 2837 luit
250 2770 349 2838 teuta
367 2772 445 2838 rota
458 2787 576 2862 neque
594 2765 777 2840 audientia
791 2773 938 2864 propter
954 2765 1229 2839 translationem
1252 2764 1362 2836 olticii
1378 2787 1407 2836 s.

76 2888 220 2960 Thome
243 2887 288 2961 de
308 2888 450 2983 Aquino
476 2888 513 2960 in
532 2889 628 2961 diem
658 2897 694 2963 et
715 2890 842 2963 eadem
868 2890 925 2964 die
951 2890 1014 2964 luit
1036 2897 1223 2987 peractum
1251 2890 1410 2962 osticium

80 3013 296 3086 solemniter
309 3015 415 3086 beate
431 3014 543 3086 Maria
560 3038 669 3111 supra
683 3016 881 3088 ltlinervam
895 3016 938 3087 de
955 3017 1052 3090 dicto
1067 3017 1159 3089 testo
1176 3015 1233 3088 cui
1250 3015 1411 3086 interluit

79 3139 201 3236 major
214 3161 296 3235 pars
312 3143 530 3212 ltltmorum.
550 3143 626 3213 DD.
651 3141 885 3214 cardinalium
905 3142 942 3214 in
955 3141 1050 3214 Urbe
1064 3139 1300 3236 presentium.
1327 3137 1414 3210 Mis-

79 3288 160 3338 sam
177 3264 372 3338 celebravit
393 3269 434 3337 ll.
461 3267 499 3338 Ρ.
525 3267 567 3337 D.
586 3267 686 3340 Titus
700 3266 891 3363 episcopus
907 3265 1107 3339 Castrensis
1122 3265 1158 3336 in
1171 3262 1410 3360 patrimonio,

80 3394 124 3462 l).
142 3389 283 3464 Aldello
297 3390 395 3461 socio
405 3412 488 3462 meo
499 3390 738 3463 ministrante.
750 3393 965 3464 Sermonem
979 3388 1062 3464 lecit
1078 3387 1225 3484 quidam
1238 3385 1412 3458 scholaris

80 3539 265 3588 romanus.
629 3585 630 3590 ,

130 3640 237 3714 Feria
258 3649 372 3730 sexta,
397 3641 527 3714 testum
552 3665 581 3712 s.
614 3641 777 3737 Gregorii
798 3664 904 3739 pape,
934 3644 999 3719 SS.
1027 3643 1069 3712 ll.
1086 3637 1258 3713 nosterin
1287 3661 1409 3728 mane,

79 3773 229 3862 paratus
245 3767 392 3856 amictu,
410 3765 568 3864 cingulo,
592 3765 696 3856 stola,
722 3767 803 3840 alba
824 3766 984 3863 pretiosa
1008 3773 1042 3840 et
1067 3764 1206 3860 capello
1233 3787 1278 3837 ex
1291 3762 1412 3838 veluto

80 3891 301 3980 cremosino,
328 3891 607 3988 precedentibus
631 3891 749 3987 ipsum
780 3892 1019 3964 cardinalibus
1043 3899 1079 3965 et
1102 3915 1209 3967 cruce
1233 3891 1412 3989 perviam
1528 3889 1533 3896 ’

80 4016 201 4113 campi
213 4015 330 4104 Flore,
349 4042 379 4090 s.
396 4015 596 4106 Anastasia,
616 4016 785 4112 equitavit
801 4017 847 4090 ad
862 4017 1053 4090 ecclesiam
1071 4041 1100 4090 s.
1114 4017 1347 4114 Gregoriiubi
1368 4017 1413 4088 de

82 4165 178 4237 equo
193 4142 272 4238 ipso
288 4142 546 4233 descendente,
570 4141 689 4216 oblata
704 4141 768 4215 luit
791 4143 823 4214 ei
846 4165 934 4214 crux
953 4165 1019 4238 per
1038 4142 1164 4214 iratres
1182 4165 1289 4237 quam
1305 4163 1413 4214 oscu-

81 4266 175 4340 latus
191 4273 297 4341 estet
312 4291 420 4340 manu
438 4267 531 4340 Rmi.
551 4271 592 4340 ll.
614 4267 805 4340 cardinalis
828 4267 998 4340 Senensis
1021 4268 1126 4365 primi
1148 4268 1287 4341 diaconi
1305 4268 1414 4340 assis-

83 4391 192 4466 tentis
206 4415 304 4465 eum.
316 4392 489 4467 Ascendit
504 4393 551 4466 ad
570 4392 777 4480 ecclesiam,
796 4393 908 4465 orarit
928 4393 965 4464 in
982 4392 1180 4466 faldistorio
1202 4399 1285 4466 ante
1302 4392 1413 4466 altare

84 4518 149 4591 sibi
177 4527 315 4614 parato,
345 4525 421 4592 turn
442 4517 596 4590 surrexit
617 4525 652 4591 et
677 4541 760 4592 cum
780 4522 821 4590 lt.
850 4522 890 4590 P.
914 4521 956 4590 D.
986 4522 1091 4592 Petro
1112 4518 1222 4592 Paulo
1243 4517 1415 4615 episcopo

84 4668 113 4716 s.
138 4643 280 4740 Agathe
303 4644 586 4718 sacerdotalibus
612 4643 832 4740 paramentis
856 4650 999 4716 tantum
1018 4643 1144 4716 induto
1164 4642 1252 4716 dixit
1272 4643 1415 4716 contes-

83 4769 237 4842 sionem.
258 4773 337 4855 Qua
349 4769 461 4860 fruita,
487 4769 547 4842 irit
571 4769 616 4841 ad
640 4768 736 4841 aliud
761 4767 999 4841 faldistorium
1024 4768 1059 4840 in
1082 4792 1194 4842 cornu
1222 4768 1413 4865 evangelii,

80 4897 186 4992 juxta
200 4915 340 4969 morem
357 4895 424 4968 sibi
437 4901 618 4991 paratum,
640 4892 700 4966 ubi
717 4893 914 4990 genuflexit
935 4917 1001 4990 per
1017 4899 1126 4965 totam
1142 4893 1289 4966 missam
1307 4895 1416 4968 etiam

83 5020 172 5093 dum
197 5019 422 5118 evangelium
447 5019 557 5094 misse
578 5019 771 5094 dicaretur.
798 5023 906 5092 Retro
931 5041 1015 5092 eum
1034 5018 1216 5115 genutlexi
1240 5027 1414 5094 steterunt

83 5143 257 5220 Senensis
283 5153 319 5220 et
349 5143 393 5219 de
432 5147 531 5218 Fuxo
565 5143 706 5220 diaconi
739 5142 939 5218 cardinales
962 5143 1175 5218 assistentes
1204 5169 1211 5214 :
1243 5143 1289 5216 ad
1319 5147 1413 5240 Pape
