3424 6038
307 465 361 520 282
762 459 938 518 JOHANNlS
962 457 1183 529 BURCHAHDI,
1395 461 1611 532 [Decembretltll

306 617 423 692 Finita
434 617 558 707 missa,
575 620 671 712 Papa
685 613 784 689 dedit
799 613 1089 688 benedictionem
1104 621 1140 689 et
1159 613 1422 712 indulgentiam
1438 616 1616 712 plenariam

208 717 212 728 ¹
307 766 416 840 quam
436 741 628 840 publicavit
651 739 843 814 cardinalis
860 740 1044 830 Senensis,
1062 739 1123 836 qui
1138 740 1364 837 evangelium
1382 747 1572 816 cantaverat
1582 745 1616 820 in

308 866 431 956 missa,
448 866 533 962 quia
546 865 698 940 vicarius
713 866 772 962 qui
789 865 900 940 astitit
915 865 1078 962 pontifici
1092 866 1130 952 iu
1146 865 1258 939 missa
1280 875 1316 938 et
1330 873 1522 963 propterea
1533 867 1619 944 ibam

308 991 493 1089 publicare
508 991 694 1083 debuerat,
713 991 828 1065 noluit
843 1013 924 1066 eam
943 992 1140 1089 publicare.
1158 991 1296 1065 Deinde
1319 995 1417 1088 Papa
1435 991 1519 1065 dixit
1529 1017 1622 1066 evan·

309 1117 442 1214 galium
463 1141 493 1189 s.
511 1114 709 1188 lobannis:
727 1115 774 1188 In
789 1117 962 1214 principio
985 1129 1062 1190 eret
1089 1115 1254 1206 Verbum,
1272 1127 1352 1208 etc,
1372 1127 1409 1190 et
1429 1117 1531 1209 male,
1548 1142 1620 1192 cum

310 1241 445 1316 dictum
472 1240 642 1315 fueritin
663 1240 794 1331 missa3
832 1240 895 1314 sed
922 1241 1045 1316 debuit
1073 1242 1193 1317 dicere
1226 1243 1453 1340 evangelium
1481 1245 1621 1319 secunde

309 1369 436 1443 misse.
472 1366 619 1441 interim
641 1365 844 1442 cardinales
872 1372 908 1442 et
935 1367 1063 1466 prelati
1096 1370 1340 1467 deposuerunt
1365 1379 1571 1466 paramenta
1593 1379 1624 1444 et

310 1501 528 1592 acceperunt
563 1515 709 1592 cappas.
755 1495 886 1566 Postea
914 1499 1082 1568 ostensus
1108 1494 1175 1568 luit
1202 1495 1320 1568 vultus
1344 1501 1490 1569 sanctus
1516 1502 1625 1592 preter

310 1618 621 1692 consuetudinem.
651 1622 728 1704 Quo
753 1617 842 1710 viso,
876 1623 974 1716 Papa
994 1619 1101 1693 rediit
1127 1619 1174 1694 ad
1198 1619 1386 1717 palatium.
1414 1620 1494 1693 Alia
1515 1621 1626 1694 omnia

311 1743 476 1819 ordinata
490 1748 527 1816 et
541 1743 730 1818 observata
749 1751 831 1820 sunt
848 1747 953 1842 juxta
971 1747 1237 1822 ordinationem
1258 1747 1510 1821 ceremonialis
1528 1773 1536 1821 :
1552 1772 1627 1845 pre-

311 1878 412 1946 terea
423 1871 531 1946 iidem
547 1872 617 1944 duo
632 1871 832 1946 cardinales
846 1871 1043 1969 supradicti
1061 1871 1223 1946 videntes
1238 1878 1313 1946 tres
1329 1871 1475 1946 ultimos
1488 1873 1627 1972 presby-

312 2000 409 2068 teros
425 1995 625 2070 cardinales
641 1997 702 2092 qui
720 1999 784 2071 SS.
800 2002 844 2071 l).
862 2001 904 2072 N.
923 1997 969 2072 ad
984 1997 1252 2072 contessionem
1263 2003 1412 2071 euntem
1424 2005 1629 2095 receperunt

312 2127 348 2195 et
363 2144 446 2194 eum
460 2121 577 2219 primo
590 2121 626 2194 in
643 2145 704 2196 ore
722 2121 852 2196 deinde
872 2123 908 2196 in
928 2130 1077 2221 pectore
1098 2123 1267 2212 osculari,
1295 2145 1352 2194 me
1374 2123 1506 2197 iterum
1521 2147 1631 2221 repre

311 2247 516 2322 henderunt
528 2247 689 2322 dicentes
702 2247 800 2345 quod
823 2247 920 2344 prius
942 2248 1124 2322 debebant
1145 2247 1299 2321 osculari
1321 2269 1468 2320 crucem
1488 2247 1582 2344 pallii
1598 2246 1628 2317 in

312 2379 460 2468 pectore
489 2373 722 2470 pendentem,
747 2372 877 2447 deinde
906 2377 1041 2471 Papam
1065 2373 1102 2446 in
1131 2397 1211 2462 ore3
1246 2372 1416 2470 respondi
1446 2369 1540 2467 quod
1568 2393 1630 2442 uon

313 2497 579 2594 crucempallii,
593 2496 656 2570 sed
671 2505 812 2594 pectuS,
827 2498 933 2595 juxta
952 2498 1115 2571 omnium
1133 2499 1424 2573 ceremoniarum
1437 2503 1630 2570 nostrarum

311 2621 486 2696 librorum
515 2622 777 2696 ordinationem
806 2623 978 2714 osculari;
1016 2646 1088 2720 quo
1113 2647 1153 2697 os
1188 2623 1233 2696 sit
1264 2623 1420 2720 dignius,
1451 2630 1631 2719 propterea

312 2747 429 2846 primo
445 2746 693 2822 osculandum.
717 2748 923 2823 Gurdinales
937 2771 1021 2822 vero
1041 2749 1078 2822 in
1104 2771 1168 2821 sua
1190 2749 1360 2844 opinione
1387 2747 1628 2845 persistentes,

313 2874 481 2948 dixerunt
501 2873 613 2948 libros
634 2897 708 2949 non
734 2873 789 2972 ad,
803 2872 945 2947 literam
974 2873 1038 2948 sed
1064 2873 1110 2946 ad
1139 2896 1286 2946 sensum
1317 2871 1470 2967 intelligi
1493 2869 1628 2953 debere,

312 3007 504 3098 propterea
520 3024 667 3077 crucem
682 2999 779 3097 pallii
796 3023 864 3095 que
887 3005 970 3072 ante
993 3003 1118 3095 pectus
1144 3002 1212 3087 est,
1233 2997 1354 3096 potius
1373 3019 1483 3092 quam
1500 3003 1627 3092 pectus,

312 3151 393 3200 esse
409 3126 654 3201 osculandam.

238 3251 241 3258 ’
362 3253 460 3342 Heri,
475 3252 512 3324 in
526 3251 700 3349 vesperis,
717 3253 781 3325 SS.
800 3254 843 3323 ll.
862 3253 904 3323 N.
923 3249 1118 3347 assumpsit
1133 3248 1170 3320 iu
1185 3247 1395 3322 assistentes
1412 3269 1499 3320 suos
1513 3269 1553 3318 ac
1563 3242 1627 3316 aliis

312 3377 560 3452 assistentibus
583 3377 789 3474 aggregavit
810 3381 883 3450 RR.
906 3381 975 3452 PP.
1003 3375 1197 3449 Henricum
1217 3373 1262 3447 de
1286 3373 1411 3470 Bergis
1433 3371 1627 3468 episcopum

313 3507 627 3592 Cameracensem,
645 3507 681 3575 et
691 3501 951 3600 Hieronymum
967 3500 1011 3574 de
1031 3499 1228 3574 Comitibus
1245 3498 1306 3598 (l),
1324 3497 1535 3594 episcopum
1548 3497 1628 3568 llas-

313 3651 471 3718 sensem,
496 3627 623 3722 quibus
651 3627 697 3700 ad
723 3627 843 3700 statim
869 3635 944 3700 tum
974 3627 1019 3700 de
1043 3625 1221 3698 mandato¹
1238 3622 1445 3697 sanctitatis
1467 3645 1532 3695 sue
1550 3621 1627 3693 inter

314 3753 402 3827 alios
418 3752 628 3828 assistentes
641 3752 677 3826 in
693 3753 831 3827 eisdem
845 3752 1003 3851 vesperis
1018 3751 1140 3826 locum
1158 3748 1254 3824 dedi.

362 3878 615 3974 Feriaqnarta,
643 3883 688 3952 26
707 3877 926 3968 decembris,
947 3878 1080 3951 festum
1102 3901 1131 3952 s,
1161 3875 1336 3974 Stephani
1352 3869 1622 3972 protomartyris,

313 4009 438 4078 Rmus.
466 4006 507 4077 l).
533 4003 723 4078 cardinalis
748 4001 1028 4077 Mediolanensis
1053 4002 1248 4077 celebravit
1268 4002 1417 4076 missam
1443 4001 1623 4074 solemnem

313 4130 350 4204 in
365 4130 503 4229 capella
523 4131 675 4228 majore,
698 4133 796 4227 Papa
812 4135 848 4202 et
874 4128 1112 4202 cardinalibus
1133 4127 1376 4224 presentibus,
1401 4149 1504 4200 more
1522 4121 1621 4197 solito.

315 4259 527 4330 Sermonem
542 4255 629 4329 lecit
645 4259 687 4328 D.
707 4258 834 4330 Petrus
850 4253 1012 4344 Martius,
1036 4252 1262 4326 caudatarius
1284 4251 1379 4324 Rmi.
1398 4254 1442 4324 b.
1455 4243 1622 4324 cardinalis

315 4407 344 4455 s.
363 4381 522 4478 Georgii.

364 4506 469 4580 Feria
501 4505 637 4602 quinta,
662 4510 705 4577 27
732 4503 950 4594 decembris,
980 4504 1112 4577 festum
1143 4529 1172 4579 s.
1203 4502 1380 4577 lobannis
1413 4495 1619 4596 evangeliste,

316 4639 440 4706 Rmus.
465 4635 508 4705 D.
527 4629 719 4705 cardinalis
742 4653 772 4704 s,
799 4628 993 4704 Clementis
1015 4629 1152 4726 paratis
1177 4626 1400 4702 ornamentis
1423 4626 1523 4714 albis,
1548 4616 1621 4692 cele·

314 4759 428 4832 brevit
441 4758 586 4831 missam
603 4757 804 4830 solemnem
819 4755 856 4828 in
877 4755 1015 4852 capella
1038 4756 1177 4852 majore
1200 4753 1337 4850 palatii,
1364 4756 1461 4847 Papa
1475 4755 1508 4824 et
1521 4739 1617 4820 cardi·

315 4883 455 4957 nalibus
485 4882 715 4981 presentibus
749 4904 850 4956 more
884 4885 1074 4954 consueto.
1118 4883 1335 4955 Sermonem
1369 4877 1459 4952 lecit
1497 4869 1617 4970 quidem

180 5003 182 5008 ’
315 5006 488 5104 hispanus
503 5008 691 5106 presbyter
707 5005 891 5081 secularis

351 5156 376 5210 1.
397 5153 468 5227 Voy.
487 5155 604 5228 Ughelli,
621 5161 640 5214 t.
658 5155 706 5226 ΙΙΙ,
724 5154 776 5210 col.
792 5155 855 5209 725.
