3422 6034
292 467 345 528 418
756 461 931 519 lOHANNIS
955 459 1178 528 BURCHARDI,
1460 461 1539 525 [ttotn
1554 462 1619 524 ilat}

341 621 513 708 Sabbata,
545 623 589 691 27
612 615 748 692 mensis
773 616 917 712 augusti
950 615 1116 711 predicti,
1145 613 1325 688 celebrate
1359 619 1444 688 sunt
1473 616 1619 712 exequie

295 749 390 821 bone
406 744 582 819 memorie
597 742 771 816 iohannis
788 740 949 838 episcopi
972 739 1212 813 Tornacensis
1227 739 1264 811 iu
1279 737 1435 813 ecclesia
1460 764 1490 812 s.
1512 741 1620 814 Mario

296 873 340 946 de
356 871 508 970 Populo.
526 869 672 942 Missam
690 865 884 941 celebravit
900 870 943 938 R.
960 869 1000 938 P.
1019 870 1062 938 D.
1081 868 1208 938 Petrus
1228 864 1360 938 Paulus
1380 865 1573 963 episcopus
1587 891 1616 938 s.

296 998 456 1094 Agathe
476 1019 682 1070 sermonem
705 995 792 1068 lecit
811 999 893 1091 post
916 994 1064 1066 missam
1084 993 1194 1066 trater
1209 991 1486 1066 Bartholomeus
1501 993 1545 1065 de
1559 992 1620 1066 Vi-

296 1123 413 1197 terbio
430 1121 566 1195 ordinis
581 1120 865 1217 predicatorum,
884 1143 949 1191 sua
963 1141 1096 1214 magna
1108 1116 1228 1191 laude.
1256 1121 1296 1190 In
1318 1117 1484 1190 oratione
1499 1115 1618 1200 misse,

297 1249 488 1346 episcopus
504 1245 683 1342 expressit
698 1267 831 1318 nomen
848 1243 1008 1317 defuncti
1030 1250 1153 1340 preter
1168 1241 1314 1315 solitum
1333 1248 1370 1315 et
1385 1264 1506 1316 meam
1528 1239 1622 1313 ordi·
1709 1231 1710 1234 '

297 1375 494 1462 nationem,
518 1371 602 1466 quia
625 1371 661 1442 in
682 1369 846 1464 exequiis
874 1368 1085 1442 inferiorum
1115 1391 1136 1440 a
1164 1366 1406 1440 cardinalibus
1433 1389 1508 1439 non
1537 1367 1623 1441 solat

301 1497 466 1595 exprimi.
486 1500 572 1569 Post
587 1495 736 1567 missam
752 1499 789 1568 et
811 1516 1019 1568 sermonem
1040 1491 1269 1566 absolverunt
1297 1514 1399 1565 more
1417 1491 1536 1580 solito,
1554 1495 1622 1564 RR.

301 1625 338 1694 in
361 1621 502 1696 Christo
524 1624 591 1693 ΡΡ.
610 1626 646 1693 et
663 1623 739 1691 DI).
757 1617 978 1692 Arelatensis
994 1622 1030 1692 et
1053 1617 1236 1690 lohannes
1260 1616 1463 1712 Ragusinus
1483 1615 1621 1691 archie—
1709 1613 1710 1706 ᾖ

301 1745 454 1844 piscopi‚
483 1744 718 1818 Cortonensis
743 1750 779 1816 et
807 1742 998 1839 Agatensis
1029 1741 1203 1838 episcopi.
1232 1740 1475 1815 lnterlucrunt
1495 1739 1625 1814 familie

304 1874 366 1944 SS.
383 1876 426 1944 D.
452 1874 500 1944 N.
521 1891 613 1966 pape
637 1874 672 1940 et
692 1868 895 1964 aliquorum
918 1867 1154 1940 cardinalium
1173 1894 1179 1938 :
1195 1867 1299 1962 juxta
1320 1865 1495 1940 teretrum
1514 1868 1625 1965 posita

304 2003 389 2069 sunt
412 1993 593 2068 intorticia
605 1992 745 2088 viginti,
769 1991 1095 2090 sepulturamdu0;
1118 2013 1183 2088 pro
1197 1990 1395 2065 elevatione
1412 1994 1622 2066 sacramenti

304 2121 414 2194 misse
430 2119 577 2216 majoris
593 2117 676 2191 data
691 2118 874 2191 intorticia
884 2125 1057 2214 quatuor;
1071 2139 1136 2214 pro
1150 2139 1340 2213 parvarum
1356 2117 1430 2190 sive
1445 2117 1624 2190 bassorum

306 2247 498 2318 missarum
520 2268 589 2340 que
615 2245 724 2318 hodie
742 2245 932 2317 dictasunt
952 2242 1132 2316 intorticia
1147 2248 1321 2338 quatuor;
1338 2265 1404 2340 pro
1428 2242 1624 2316 celebrante
1709 2285 1710 2334 3

307 2393 419 2440 unum
435 2375 598 2467 etunum
620 2394 686 2467 pro
715 2369 995 2442 sermocinante.
1020 2367 1171 2441 Prelatis
1189 2367 1271 2441 date
1293 2373 1374 2440 suut
1390 2367 1508 2440 facule
1528 2367 1625 2440 unius
1709 2339 1710 2404 l

306 2491 410 2582 libre,
433 2493 662 2567 cubiculariis
682 2493 802 2567 medie
817 2493 908 2566 libre
927 2499 963 2565 et
979 2491 1159 2566 scutiferis
1180 2498 1333 2589 quatuor
1348 2491 1548 2564 unciarum.
1570 2493 1626 2563 Se·
1709 2589 1710 2600 ἵ

306 2617 428 2711 pultus
442 2624 496 2691 est
512 2619 549 2690 in
565 2619 702 2716 capella
718 2591 814 2692 retro
828 2618 940 2690 altare
954 2618 1072 2714 majus
1086 2616 1131 2690 ad
1145 2617 1325 2690 sinistram
1341 2616 1532 2690 cardinalis
1544 2619 1625 2688 Tor·
1709 2649 1710 2712 r

306 2742 539 2814 nacensissui
551 2743 923 2840 antecessoris,prout
936 2743 971 2814 iu
983 2747 1200 2816 testamento
1212 2743 1625 2817 ordinaveratllunesto-

310 2889 389 2938 rum
404 2865 548 2939 luerunt
564 2868 746 2941 sexdecim
759 2875 808 2956 et,
827 2868 884 2941 die
900 2869 1041 2942 veneris
1057 2873 1099 2940 19
1113 2867 1199 2941 dicti
1215 2867 1351 2940 mensis
1366 2867 1522 2964 augusti,
1534 2887 1625 2938 com·
1709 2945 1710 2972 χ

218 3221 222 3228 Ι
309 3117 436 3189 solatio
455 3115 638 3206 destituta,
656 3140 721 3212 per
737 3119 800 3190 SS.
819 3121 862 3190 Ι).
879 3120 922 3190 N.
940 3117 1117 3214 papamin
1130 3124 1272 3191 secreto
1281 3117 1511 3206 consistorio,
1529 3120 1622 3188 ano.

309 3245 351 3314 Ι).
370 3241 527 3314 Antonio
544 3241 635 3313 tituli
653 3265 682 3313 s.
698 3241 886 3314 Anastasia
902 3241 1113 3338 presbytero
1134 3241 1320 3314 cardinali.
1340 3241 1471 3315 Prolati
1487 3237 1620 3338 palatini

309 3366 345 3437 in
361 3365 516 3438 ecclesia
527 3390 555 3437 s.
574 3366 685 3440 Maria
702 3365 746 3438 de
768 3365 918 3461 Popula,
938 3367 974 3438 in
990 3367 1153 3462 exequiis
1168 3365 1355 3462 predictiS,
1371 3366 1574 3440 habueruut
1587 3389 1624 3436 ex

309 3489 522 3586 supradictis
546 3489 703 3584 primum
725 3490 859 3577 locum,
875 3491 1022 3565 nemine
1043 3489 1327 3582 contradicente,
1344 3491 1430 3564 licet
1451 3491 1536 3587 ipsis
1551 3513 1623 3563 vero

309 3615 435 3686 ordine
446 3637 519 3686 uon
530 3613 777 3688 debereturex
788 3614 1224 3714 causasupradictaindie
1233 3615 1352 3690 obitus
1360 3639 1425 3713 per
1434 3639 1492 3688 me
1501 3621 1621 3688 notata.

358 3741 472 3824 Lune,
493 3741 536 3809 29
558 3738 714 3832 augusti,
739 3738 831 3812 sesto
848 3738 1096 3812 decollationis
1113 3763 1142 3810 s.
1158 3739 1333 3812 lobannis
1346 3741 1521 3836 Baptista,
1533 3739 1624 3812 anni-

309 3860 465 3934 versario
477 3862 733 3956 assumptionis
744 3865 806 3935 SS.
825 3867 868 3938 l).
887 3863 1002 3957 nostri
1017 3863 1218 3936 Innocentii
1233 3867 1329 3960 Pape
1340 3869 1416 3938 Vlll
1438 3863 1483 3938 ad
1498 3865 1623 3962 apicem

311 3986 442 4059 summi
466 3986 702 4080 apostolatus,
716 3992 839 4060 anus.
861 3992 902 4061 D.
915 3987 1107 4059 cardinalis
1122 3987 1319 4060 Alerieusis
1334 3989 1530 4062 celebravit
1550 3989 1624 4059 nris-

310 4134 387 4213 sam
398 4109 600 4183 solemnem
616 4112 651 4183 iu
669 4113 806 4209 capella
820 4114 958 4208 majore
975 4112 1095 4208 palatii
1112 4113 1302 4209 apostolici
1321 4113 1415 4210 apud
1428 4139 1458 4186 s.
1479 4118 1622 4194 Petmm,

311 4239 407 4332 Papa
424 4242 607 4332 presente,
635 4237 689 4308 cui
715 4237 826 4310 astitit
847 4261 869 4309 a
892 4237 1027 4309 dextris
1050 4237 1243 4310 cardinalis
1259 4237 1304 4311 de
1327 4237 1493 4326 Sabellis,
1512 4238 1626 4310 unicus

310 4359 496 4450 diaconus
508 4361 736 4434 etasinistris
753 4361 942 4434 cardinalis
957 4385 986 4432 s.
998 4363 1199 4451 Anastasia,
1211 4361 1625 4460 juniorprasbyterorunr

165 4583 169 4591 ι
275 4593 280 4598 ι
311 4485 559 4576 cardinalium,
589 4487 648 4582 qui
674 4491 709 4560 et
725 4510 789 4559 suo
814 4492 974 4582 ternpore
1000 4485 1165 4582 deposuit
1189 4489 1283 4583 Pape
1300 4487 1459 4580 mitram,
1483 4485 1625 4560 indebita

309 4619 444 4700 tamen,
461 4634 696 4707 pererrorem
713 4618 890 4699 nostrum,
904 4611 988 4706 quia
1000 4611 1044 4682 de
1059 4609 1210 4682 Sabellis
1220 4611 1403 4685 debuisset
1419 4611 1624 4708 etpotuisset

311 4735 534 4829 deposuisse.
559 4736 801 4809 lutersuerunt
819 4735 978 4832 quinque
994 4734 1053 4807 alii
1070 4733 1285 4825 cardinales,
1308 4735 1623 4814 vicecancellarius,

312 4860 578 4954 Neapolitanus,
604 4861 869 4952 Ulixbonensis,
888 4859 932 4932 de
958 4859 1158 4932 Comitibus
1174 4866 1210 4932 et
1232 4861 1520 4936 Beneventanus.
1544 4863 1624 4952 Papa

314 4983 409 5054 venit
424 4983 468 5055 ad
484 4985 775 5080 genuflexionem
791 5009 856 5083 pro
872 5010 977 5060 versu
991 4985 1150 5058 Alleluia
1159 5010 1175 5074 ,·
1190 4993 1358 5060 cantores
1373 4985 1539 5061 dixerunt
1552 5003 1621 5080 pro-

315 5129 409 5196 sam;
428 5114 463 5180 et
478 5109 548 5181 alia
563 5132 663 5185 more
681 5111 799 5184 solito.

1709 2229 1710 2278 t

1709 2289 1710 2330 l

1709 2523 1710 2586 l

1709 2603 1710 2640 l

1709 2715 1710 2810 l

309 2990 478 3064 mandata
489 2999 543 3065 est
559 2993 1030 3088 ecclesiaTornaceusisper
1045 2992 1185 3065 obitum
1196 2991 1283 3064 dicti
1295 2992 1471 3065 lobannis
1480 2989 1625 3088 pastoris
