3422 6034
55 479 121 542 ltorlt
135 473 202 546 lter]
374 462 501 530 RERUM
522 467 748 528 URBANARUM
768 467 1029 529 COMMENTARH.
1314 471 1367 528 115

55 629 240 731 predictam
258 634 293 702 et
319 625 404 701 lecit
424 625 584 699 officium
606 625 719 724 (more
739 624 857 724 solito)
882 626 1142 724 vespertinum,
1167 625 1205 698 in
1222 649 1292 721 quo
1318 625 1362 702 de

55 757 211 830 mundato
228 753 434 828 sanctitatis
446 775 509 825 sue
525 751 571 824 ad
590 751 796 824 instantiam
814 749 1006 824 cardinalis
1026 748 1251 847 Neapolitani
1274 749 1363 822 milri

57 882 151 970 tacto,
166 877 250 952 dedi
264 878 385 950 locum
401 878 437 950 in
453 876 635 974 capella...
653 875 663 964 (
690 874 715 964 ).

537 1129 871 1202 MCCCCLXXXXI.

95 1309 343 1408 Superioribus
364 1307 489 1380 diebus
512 1305 679 1406 [augusti]
709 1307 854 1403 qnidam
881 1331 925 1380 ex
953 1307 1216 1382 habitatoribus
1243 1309 1365 1399 castri,

55 1433 156 1507 Offide
181 1433 392 1530 nuncupati,
418 1431 603 1528 provincie
626 1429 786 1504 marchis
808 1433 1077 1508 Anconitane...
1100 1439 1268 1529 preterea
1285 1439 1366 1532 post

54 1559 172 1632 multos
193 1565 368 1631 tractatus
390 1580 498 1654 super
519 1555 590 1628 hoc
609 1555 766 1644 habitos
792 1557 1090 1633 consistorialiter
1106 1558 1294 1632 decretum
1314 1565 1369 1632 est

54 1689 182 1757 limum.
204 1687 247 1757 Ι).
271 1682 492 1756 cardinalem
518 1680 818 1778 andegavensem
839 1685 999 1758 marchia
1019 1685 1244 1760 anconitano
1267 1685 1368 1782 lega-

54 1817 117 1883 tum
133 1811 217 1882 illuc
234 1808 570 1896 transmittendum;
589 1807 648 1904 qui
667 1811 791 1881 Rmus.
808 1811 850 1881 D.
870 1809 1062 1884 cardinalis
1081 1811 1365 1909 Andagavensis,

50 1935 122 2008 lune
137 1941 158 2008 8
174 1935 312 2010 mensis
325 1933 485 2030 augusti,
509 1933 606 2005 eirca
625 1932 755 2006 horem
774 1957 1007 2031 vesperarum
1026 1958 1048 2009 a
1066 1937 1141 2010 suis
1159 1935 1368 2010 domesticis

51 2061 239 2135 associatus
261 2061 413 2135 recessit
447 2083 491 2134 ex
521 2057 617 2132 Urbe
642 2057 757 2130 iturus
784 2057 831 2130 ad
853 2059 1076 2156 provinciam
1104 2061 1366 2158 supradictam,

50 2186 230 2282 legationis
247 2211 312 2260 sue
328 2165 519 2260 occasione
537 2181 755 2282 supradicta,
772 2190 807 2257 et
823 2191 860 2256 ut
878 2209 955 2257 rem
971 2185 1182 2284 pacificaret
1195 2185 1254 2285 (2).

82 2313 140 2386 [tie
155 2313 242 2387 lune
259 2318 280 2385 8
298 2311 434 2404 mensis
453 2310 608 2406 augusti,
627 2313 668 2380 R.
689 2311 727 2380 P.
748 2313 791 2382 D.
818 2313 944 2382 Petrus
958 2311 1148 2410 episcopus
1162 2336 1192 2384 s.
1210 2312 1365 2408 Agathe,

53 2435 82 2508 in
94 2439 229 2536 capella
244 2439 384 2535 majore
400 2434 521 2534 palatii
542 2433 742 2532 apostolici,
764 2433 958 2508 celebravit
971 2437 1120 2510 missam
1134 2435 1369 2511 anniversarii

51 2561 158 2634 obitus
175 2561 293 2636 felicis
306 2559 566 2635 reeordationis
582 2559 671 2632 Sixti
694 2581 786 2655 pape
808 2561 884 2648 llll,
911 2563 1006 2659 Papa
1025 2567 1208 2660 presente,
1222 2561 1368 2658 pluviali

52 2687 151 2761 rubeo
182 2686 339 2784 simplici
363 2692 490 2784 parato
511 2709 619 2782 super
644 2684 791 2757 amictu.
810 2685 927 2758 Finita
952 2686 1077 2776 missa,
1101 2689 1198 2784 Papa
1217 2685 1370 2760 absolvit

51 2835 140 2885 ruore
167 2811 288 2884 solito.
317 2809 561 2883 lnterluerunt
585 2809 756 2883 duntaxat
784 2817 923 2906 septem
950 2835 994 2885 ex
1017 2812 1162 2885 Rllmis.
1186 2815 1261 2884 DI).
1287 2835 1365 2885 car-

50 2935 233 3026 dinalibus,
260 2935 427 3010 videlicet
452 2935 747 3032 :Neapolitanus
773 2959 805 3008 s.
833 2935 1046 3025 Clementis,
1074 2938 1364 3024 Beneventanus,

51 3061 251 3151 elenensis,
275 3085 304 3134 s.
331 3061 533 3148 Anastasis,
559 3061 779 3134 camerarius
807 3067 844 3134 et
861 3062 1050 3134 Ascanius.
1073 3062 1197 3135 Nullus
1219 3085 1263 3137 cx
1285 3063 1369 3134 sub-

50 3188 200 3261 diaconis
217 3187 427 3286 apostolieis
443 3186 617 3272 interluit,
642 3185 894 3259 deficientibus
915 3185 1144 3260 subdiaconis
1165 3187 1225 3283 qui
1248 3188 1369 3262 lerunt

50 3335 199 3388 crucem.
212 3313 381 3385 Ordinavi
398 3312 520 3406 igitur,
536 3315 633 3407 Papa
645 3319 750 3384 eunte
764 3310 806 3384 ad
822 3311 1013 3384 ecclesiam
1028 3313 1125 3409 quod
1141 3313 1369 3412 primicerius

50 3439 275 3512 l'enetiarum
289 3437 385 3512 sedis
399 3437 595 3534 apostolice
608 3435 875 3533 protonotarius
892 3443 1052 3533 portaret
1067 3461 1213 3512 crucem
1225 3445 1261 3512 et
1274 3437 1366 3512 bene

50 3581 234 3650 commeo,
249 3568 356 3658 prout
371 3570 407 3636 et
429 3563 623 3639 malefecit
642 3565 813 3663 usquead
834 3565 966 3640 dictam
985 3563 1160 3661 capellam
1181 3565 1217 3636 in
1234 3588 1305 3660 que
1325 3569 1366 3637 D.

52 3685 185 3758 Falconi
200 3695 237 3760 et
254 3687 503 3783 protonotario
524 3695 561 3760 et
572 3689 732 3782 generali
751 3689 974 3763 thesaurario
990 3689 1106 3761 visum
1120 3695 1175 3761 est
1185 3687 1317 3785 potins,
1335 3687 1369 3759 in

50 3808 346 3884 subdiaconorum
380 3811 556 3900 absentia,
587 3811 632 3884 ad
657 3837 770 3886 unum
798 3837 842 3886 ex
862 3811 1085 3886 auditoribus
1107 3819 1183 3888 rote
1208 3817 1370 3909 spectare

49 3955 145 4028 quarn
161 3935 206 4007 ad
218 3935 505 4031 protonotarium
518 3965 525 4025 ;
537 3938 622 4012 licet
633 3961 704 4012 non
719 3939 1013 4013 consueverimus
1024 3963 1090 4036 per
1101 3937 1371 4012 interioressive

49 4060 200 4135 minores
215 4060 280 4132 sed
294 4061 450 4157 majores
465 4063 631 4160 supplere
644 4065 753 4152 vices,
773 4072 894 4136 tamen
913 4063 958 4136 ad
975 4064 1041 4138 sibi
1056 4061 1369 4160 complacendum,

49 4187 292 4283 potiusquam
315 4187 432 4280 aliter,
458 4189 618 4263 ordinavi
637 4189 734 4286 quod
755 4193 796 4262 Ι).
825 4192 1035 4263 Franciscus
1065 4189 1209 4263 brevius
1234 4187 1370 4283 primus

49 4313 183 4385 auditor
197 4319 275 4386 rote
285 4319 370 4386 tune
380 4313 415 4384 in
429 4315 567 4412 capella
579 4338 729 4411 presens
741 4339 885 4390 crucem
899 4321 981 4390 ante
992 4313 1200 4412 pontificem
1212 4309 1369 4386 deterret

50 4435 89 4506 ad
111 4461 294 4512 cameram
315 4437 529 4514 redeuntem
544 4465 551 4529 ;
568 4447 675 4538 prout
689 4439 785 4514 lecit.

79 4626 103 4679 1.
119 4621 263 4682 Burcbard
277 4625 351 4682 avait
364 4625 466 4683 obtenu
481 4625 518 4680 du
533 4625 608 4700 Pape
630 4643 666 4682 un
684 4629 772 4700 conge
786 4624 821 4681 de
835 4629 930 4698 quatre
950 4621 1028 4688 mois,
1044 4620 1080 4676 du
1094 4621 1129 4676 29
1140 4619 1200 4694 juin
1216 4635 1250 4676 au
1266 4620 1306 4675 10¹
1320 4636 1371 4676 no-

47 4713 160 4782 vembre,
177 4731 246 4788 pour
256 4733 286 4771 se
299 4715 397 4771 rendre
412 4716 481 4771 dans
497 4711 546 4770 s'on
562 4731 641 4788 pays.
651 4713 770 4785 l'ignore
784 4729 852 4786 pour
864 4711 952 4784 quelle
967 4708 1057 4765 raison
1067 4725 1116 4764 son
1127 4708 1235 4781 journel
1245 4709 1371 4781 presente

48 4817 95 4856 une
103 4803 199 4859 lecune
210 4804 244 4859 de
252 4812 380 4876 quaterne
390 4805 468 4875 mois,
479 4806 515 4860 du
526 4803 656 4860 mercredi
667 4805 684 4858 9
691 4801 750 4876 juin
761 4802 832 4858 trau
841 4800 1057 4868 inclusivement,
1066 4815 1100 4854 eu
1109 4797 1209 4853 lundi8
1217 4801 1282 4853 aodt
1291 4795 1356 4851 11191
1363 4839 1370 4866 ,

47 4889 136 4946 lacuna
158 4892 311 4966 qui-existe
326 4895 395 4950 dans
411 4901 473 4951 tous
497 4895 535 4950 les
556 4911 637 4958 mss,
653 4893 755 4948 Codice
778 4889 916 4948 Vaticano
935 4907 995 4943 oon
1014 4898 1129 4959 eccepto
1143 4887 1261 4960 (Burcb.
1273 4887 1370 4954 Dian,

48 4999 72 5053 p.
85 4985 144 5050 145,
160 4993 194 5038 n⁰
207 4985 235 5050 2,
247 4983 280 5039 de
296 4983 472 5054 Gennarclli).
481 4983 552 5057 Vop.
564 4981 753 5040 l'observation
769 4981 803 5036 de
817 4981 856 5036 M.
866 4979 899 5035 de
910 4977 1079 5052 Brequigny,
1096 4978 1165 5032 dans
1180 4977 1219 5033 les
1233 4975 1368 5032 lineroles

48 5081 70 5123 et
84 5073 210 5141 Notices,
232 5079 295 5142 etc,
311 5079 331 5129 l.
347 5074 369 5139 l,
386 5090 413 5145 p.
429 5072 475 5128 96.

79 5165 104 5216 ’2.
123 5163 191 5235 Voy.
208 5161 347 5220 lnlessurn
361 5163 443 5237 (daus
458 5163 583 5235 naara),
600 5170 619 5218 t.
637 5163 671 5232 ll,
687 5161 738 5218 col.
754 5161 839 5217 2001.
