3496 6056
87 500 304 571 [septemtriones]
396 497 522 555 RERUM
542 497 770 554 URBANAHUM
795 496 1057 554 COMMENTARll.
1356 506 1391 560 97

87 655 167 752 quod
181 652 345 728 Senensis
365 651 463 750 prior
485 651 721 726 diaconorum
752 652 847 725 solus
872 652 909 724 in
933 654 1058 726 ambas
1083 676 1210 729 manus
1233 663 1399 753 apertum

89 779 243 878 accipiens
269 777 327 877 (l),
352 783 447 876 Papo
482 778 569 850 illud
592 777 765 875 imposuit
790 778 914 851 dicens
939 803 946 850 :
969 779 1092 876 Accipe
1104 779 1270 878 pollioni,
1287 783 1402 878 pleni-

92 905 227 978 tudinem
254 903 385 976 scilieet
405 905 621 1002 pontificalis
643 905 769 1003 officii,
793 905 842 976 cd
860 904 1025 978 honorem
1052 907 1296 1002 omnipotentis
1316 907 1397 1001 Dei,

90 1031 220 1129 planete
239 1029 386 1127 sirpinis
404 1029 524 1102 Morio
538 1031 618 1126 ejus
632 1030 826 1127 penitricis,
846 1030 1024 1103 lentorum
1049 1031 1282 1127 apostolorum
1297 1033 1400 1106 Petri

93 1169 121 1228 et
137 1155 248 1244 Pauli,
274 1167 354 1230 ets.
375 1179 405 1227 r.
430 1155 480 1228 E.
516 1158 606 1229 Tum
631 1155 727 1228 idem
758 1156 874 1252 prior,
900 1156 1147 1254 adjuvantibus
1176 1155 1293 1254 ipsum
1318 1159 1395 1234 aliis

89 1281 228 1355 diaconis
257 1287 291 1354 et
321 1281 568 1374 subdiaconis,
601 1287 674 1355 tres
710 1279 868 1378 spinulas
901 1281 967 1380 ipsi
993 1264 1256 1380 palliolnttxit
1295 1309 1395 1364 more

88 1417 252 1481 consueto.

121 1535 199 1606 bato
213 1533 374 1631 pontifici
387 1535 508 1632 pallio,
527 1539 565 1606 ut
579 1533 768 1631 prefertur,
789 1541 956 1610 cantores
978 1535 1191 1634 inceperunt
1207 1539 1394 1616 introitum

82 1682 135 1755 pro
154 1659 253 1734 llissa
279 1667 317 1734 et
335 1658 444 1754 Kyrie
464 1658 615 1754 eleyson,
646 1664 681 1730 et
710 1659 807 1753 Papa
834 1657 997 1732 ascendit
1021 1659 1066 1731 ad
1089 1659 1200 1736 altare
1230 1670 1265 1736 et
1293 1663 1392 1757 illud,

82 1782 204 1858 detesto
217 1781 345 1882 capite,
368 1784 404 1856 in
420 1781 540 1856 medio
556 1781 737 1854 osculatus
754 1789 822 1871 est,
839 1781 969 1857 deinde
993 1793 1029 1858 et
1043 1784 1174 1859 librum
1191 1789 1392 1885 evangelio-

81 1932 146 1981 mm
172 1933 233 2008 per
255 1910 530 1997 subdiaconum,
556 1930 656 1980 more
685 1905 807 1995 solito,
840 1906 907 1980 sibi
939 1909 1113 1984 oblatum.
1146 1915 1235 1987 Tum
1257 1914 1392 1989 ibidem

80 2033 228 2132 imposuit
242 2037 451 2124 incensum,
469 2033 588 2132 priore
605 2032 840 2106 diaconorum
856 2036 1081 2132 evangelium
1097 2037 1236 2113 dicturo
1252 2041 1393 2115 navicu-

79 2157 137 2231 lam
148 2161 384 2252 ministrante,
403 2167 439 2234 et
454 2157 649 2232 incensavit
667 2157 799 2248 altare;
817 2157 947 2233 deinde
967 2184 1033 2258 per
1050 2162 1217 2236 eumdem
1233 2165 1392 2263 priorem

83 2283 268 2362 incensatus
284 2287 352 2360 luit
367 2285 499 2359 ibidem
516 2284 593 2382 ipse
610 2287 704 2381 Papa
722 2283 757 2356 in
773 2307 884 2357 cornu
902 2285 1052 2382 epistole
1069 2311 1150 2362 cum
1161 2265 1268 2364 mitra
1278 2297 1388 2367 stans.

81 2413 143 2495 Ouo
166 2411 366 2502 incensato,
398 2435 471 2484 non
493 2409 633 2507 aceepit
655 2409 827 2482 diaconos
849 2409 1059 2486 assistentes
1083 2415 1128 2486 ad
1150 2416 1326 2508 osculum,
1353 2424 1392 2493 ut

82 2537 174 2608 moris
199 2544 264 2626 est,
299 2537 362 2612 sed
389 2535 551 2610 ascendit
573 2535 618 2608 ad
643 2533 765 2608 sedem
793 2533 1026 2626 eminentem,
1053 2538 1113 2611 nbi
1136 2541 1336 2616 cardinales
1357 2548 1392 2616 et

79 2661 374 2761 prelatosparatos
387 2684 513 2735 omnes
524 2661 568 2733 ad
582 2659 821 2734 reverentiam
835 2657 1179 2762 venientesaccepit,
1192 2667 1392 2741 cardinales

81 2785 117 2858 ad
138 2787 245 2885 pedis,
278 2811 407 2862 manus
437 2792 473 2860 et
498 2785 589 2877 orie,
613 2783 770 2882 prelatos
789 2808 874 2859 vero
890 2785 935 2858 ad
954 2788 1055 2883 pedis
1078 2796 1114 2864 et
1135 2813 1261 2864 manus
1287 2813 1392 2862 oscu-

72 2909 156 3012 lum(
177 2913 200 3012 )

107 3040 203 3113 Facta
217 3039 434 3129 reverentia,
452 3036 565 3135 surgit
588 3035 762 3136 pontifex,
787 3037 951 3135 deposito
974 3038 1093 3127 mitra,
1119 3043 1155 3110 et
1175 3059 1257 3110 eum
1275 3035 1387 3110 assis-

74 3163 208 3238 tentibus
233 3165 477 3240 cardinalibus
501 3163 587 3236 dicit
612 3164 797 3237 introitum
818 3169 853 3236 et
872 3165 981 3262 Kyrie
1000 3164 1155 3260 eleyson,
1183 3161 1389 3237 cantoribus

72 3287 196 3364 iuterim
217 3291 391 3365 continuo
411 3288 520 3385 Kyrie
540 3289 680 3386 eleyson
705 3289 990 3364 decantantibus.
1015 3289 1125 3362 Missa
1151 3287 1247 3362 dicte
1271 3294 1326 3362 est
1345 3287 1389 3360 de

73 3422 179 3490 octava
191 3415 386 3491 nativitatis
400 3415 505 3487 beate
521 3413 633 3487 Marte
645 3412 804 3510 virginis.

108 3541 209 3616 Dictis
232 3564 303 3641 per
323 3539 532 3638 pontificem
558 3537 705 3612 introitu
731 3545 767 3613 et
790 3539 904 3638 Kyrie
922 3541 1075 3638 eleyson,
1099 3545 1286 3615 cessarunt
1306 3563 1389 3613 can-

73 3667 166 3757 tores,
187 3672 222 3742 et
245 3669 345 3764 Papa
367 3665 455 3740 dixit
478 3691 485 3739 :
508 3664 631 3740 Gloria
648 3667 686 3740 in
703 3668 847 3740 eccelsia
865 3669 949 3753 Deo,
968 3669 1064 3765 quod
1086 3692 1169 3741 cum
1190 3667 1263 3740 suis
1286 3668 1392 3741 assis·

74 3791 208 3864 tentibus
240 3783 434 3890 complevit
468 3815 570 3865 more
601 3791 719 3865 solito.
757 3797 848 3867 Tum
875 3793 912 3866 in
944 3793 1039 3868 dicta
1068 3794 1154 3868 sede
1189 3793 1277 3868 dixit
1306 3793 1393 3866 Pan

73 3915 161 4008 eolis,
194 3925 230 3994 et
254 3917 456 3992 orationem
482 3917 526 3992 de
564 3923 701 4009 octava,
738 3941 808 4014 qua
835 3918 899 3994 sub
932 3943 996 3992 sua
1026 3919 1259 3994 conclusione
1290 3941 1391 3992 eom-

75 4037 169 4133 pleta,
210 4043 301 4118 dixit
333 4042 440 4117 aliam
470 4043 672 4117 orationem
704 4042 812 4117 etiam
841 4043 913 4118 alta
953 4068 1040 4119 vose
1084 4045 1208 4118 dicens
1237 4069 1244 4115 :
1272 4043 1389 4133 Dens,

77 4165 129 4258 qni
144 4167 247 4242 cordo
265 4167 429 4268 fidelium
458 4179 543 4259 etc.;
570 4191 678 4264 quam
701 4170 810 4242 etiem
836 4169 901 4245 sub
924 4194 995 4243 una
1026 4169 1260 4243 conclusione
1290 4191 1391 4241 oom-

72 4287 163 4383 plerit
191 4293 235 4392 (3)
266 4299 302 4368 et
331 4317 375 4367 ea
411 4293 594 4392 completa
622 4294 769 4372 interim
802 4295 898 4391 quod
931 4301 1098 4369 cantores
1130 4293 1391 4390 responderent

77 4438 178 4508 omen,
194 4419 283 4492 dixit
303 4424 443 4494 secrete
461 4419 569 4492 aliam
580 4441 645 4516 per
664 4443 716 4512 se,
736 4403 834 4493 stans
851 4428 890 4493 ut
907 4419 1019 4518 prius,
1042 4417 1210 4492 videlicet
1228 4439 1236 4488 ε
1254 4413 1404 4524 Adesto·

76 4542 373 4638 supplicationibus
394 4545 609 4642 omnipotens
629 4545 727 4618 Dens
744 4557 780 4619 et
792 4544 889 4644 qaod
899 4545 1107 4618 humilitatis
1128 4551 1244 4614 nostre
1266 4565 1391 4638 peren-

72 4661 141 4738 dnnr
155 4677 206 4742 cst
217 4671 425 4761 ministerio,
439 4681 496 4744 tne
510 4671 648 4744 virturis
663 4671 854 4768 implentur
869 4669 1008 4769 eflecnc,
1018 4691 1086 4766 per
1106 4665 1312 4756 Dominum,
1326 4677 1389 4739 etc.

102 4927 123 4982 l.
141 4925 203 4986 Reei
226 4927 295 4987 iens.
311 4961 346 4973 -
390 4927 453 4987 inat.

101 5019 124 5076 2.
142 5018 191 5076 Ubi
206 4927 401 5080 iardinateslir
417 5021 535 5097 prelatos
557 4995 666 5096 paratos
685 5037 780 5078 omues
795 5018 830 5076 ad
848 5017 1024 5077 reverentiam
1049 5013 1190 5076 venientes
1209 5013 1323 5090 sucepit,
1340 5031 1397 5072 car·

76 5103 165 5167 dinsles
180 5110 216 5167 sd
231 5112 308 5186 pedis
323 5119 350 5170 et
364 5130 462 5172 manus
477 5111 612 5170 osculum.
633 5145 667 5156 --
682 5112 772 5169 Hinol.

104 5197 128 5254 3.
142 5199 226 5260 Teste
240 5203 347 5262 modifie
362 5205 431 5263 daus
445 5204 549 5275 Riual,
561 5221 588 5278 p.
604 5205 649 5259 73.

202 5327 228 5366 τ.
248 5329 267 5368 r.
1234 5307 1249 5358 'l
