3496 6056
89 513 160 578 {tout
173 507 241 574 1111]
408 503 534 566 RERUM
558 502 786 564 URBANARUM
809 501 1071 564 COMMENTARII.
1373 511 1422 566 89‘

87 664 192 762 quiete
208 667 244 737 et
258 661 482 737 habitatione
497 659 729 734 dominorum
745 682 892 734 suorum
907 659 944 733 in
963 658 1020 734 die
1036 659 1278 736 coronationis
1294 664 1404 760 Pape.

125 793 243 862 limus.
277 791 323 861 D.
358 785 673 862 vicecancellarius
701 785 811 860 habet
840 809 1023 860 cameram
1050 785 1273 882 signatam...
1306 791 1337 860 Y
1367 795 1404 863 et

86 915 308 1012 superfluam.
328 912 458 1013 (Ceteri
479 913 674 986 cardinales
695 912 1005 1001 debeatcomeroa
1024 917 1200 1009 utsupra,
1223 937 1305 1010 pag.
1326 913 1402 1003 24.)

127 1042 174 1114 be
187 1039 304 1114 tribus
321 1039 500 1136 episcopis
515 1038 753 1114 cardinalibus
774 1037 833 1134 qui
849 1043 922 1112 tres
937 1036 1118 1110 orationes
1133 1037 1255 1112 dicent
1272 1061 1280 1112 :

361 1179 364 1185 ·
636 1168 760 1238 Rmus.
780 1166 822 1236 D.
837 1163 1066 1238 cardinaliss.
1079 1163 1204 1254 Marci,
1219 1161 1373 1260 primam
1391 1186 1400 1238 :

503 1370 510 1386 ,
658 1290 752 1364 Deus
767 1291 829 1386 qai
843 1289 974 1381 adesse,

350 1375 581 1448 Penestrmus
634 1419 759 1488 Rmus.

801 1418 844 1488 1).
889 1415 1079 1490 cardinalis
1124 1415 1400 1513 Neapolitanus,

127 1535 283 1633 episcopi
348 1524 555 1599 sabinensis
637 1539 853 1614 secundam
886 1539 1236 1637 :Supplicotioot'bus
1259 1540 1399 1628 nostris,
1532 1571 1541 1591 ι

347 1674 555 1750 Parmensis
657 1665 758 1738 Deos
772 1665 988 1762 omnivalens
1002 1675 1066 1760 616.

634 1795 757 1866 Rmus.
785 1793 829 1864 1).
856 1787 1045 1863 cardinalis
1070 1785 1399 1878 vicecancellarius,

659 1913 1398 2012 tertiam,Deosquiopostoltcmtramete,
1512 1919 1515 1926 ’

124 2041 172 2111 De
186 2041 377 2138 capitaneo
393 2048 496 2140 porte
518 2041 639 2140 palatii
655 2038 841 2140 apostolici
860 2067 867 2112 :

123 2165 328 2262 capitaneus
342 2174 445 2266 porte
461 2169 581 2266 palatii
597 2166 784 2267 apostolici
798 2167 947 2262 deputet
961 2169 998 2240 et
1017 2165 1158 2241 ordinet
1177 2165 1273 2239 bono
1292 2186 1399 2242 mane
1481 2194 1486 2206 ·

80 2287 188 2383 plures
204 2314 248 2364 ex
264 2292 339 2366 suis
354 2293 532 2390 peditibus
547 2295 608 2392 qui
628 2299 838 2392 suggestum
860 2315 968 2388 supro
988 2290 1102 2366 scalas
1118 2297 1200 2366 ante
1213 2289 1399 2366 basilicam

82 2437 107 2486 s.
124 2415 213 2490 Petri
233 2419 439 2494 ordinatum
460 2420 663 2496 custodiant
681 2427 717 2494 et
731 2419 914 2494 neminem
933 2417 1019 2492 illud
1039 2418 1235 2496 ascendere
1248 2416 1399 2516 permit-

83 2543 158 2628 tant,
181 2547 263 2617 ante
290 2551 446 2642 tempus.
469 2549 574 2636 Item,
600 2547 719 2620 mittat
738 2545 827 2620 alios
855 2543 986 2617 decem
1010 2543 1069 2642 qui
1092 2543 1297 2618 custodiant
1319 2542 1398 2618 bal-

82 2665 251 2742 trescbam
278 2674 316 2742 et
333 2675 475 2767 portam
496 2670 642 2746 basilice
667 2697 697 2746 s.
715 2677 733 2745 1
737 2672 890 2748 61666616
907 2669 1172 2760 Lateranensis‚
1188 2675 1225 2744 et
1236 2668 1400 2744 similiter

83 2791 239 2867 neminen
254 2785 340 2870 ante
356 2802 497 2894 tempus
512 2797 646 2872 intrare
663 2800 883 2895 permittant.
901 2801 1005 2889 11666,
1019 2796 1109 2870 61166
1120 2795 1180 2891 qui
1196 2795 1398 2870 custodiant

83 2915 199 2991 ostium
211 2920 315 2994 chori
331 2921 453 2995 alteris
468 2923 616 3020 majoris
632 2923 664 3020 ej
670 2922 795 2998 usdem
811 2923 958 2998 basilice
974 2945 1005 2996 s.
1022 2921 1131 2994 Petri.

123 3043 170 3116 [16
185 3043 308 3118 officio
322 3045 538 3121 clericorum
555 3048 867 3144 campanariorum
882 3049 1020 3146 6666116
1037 3051 1098 3122 SS.
1121 3050 1164 3120 D.
1180 3045 1223 3120 N.
1242 3069 1334 3144 pope
1354 3071 1361 3118 :

122 3167 236 3243 clerici
252 3171 474 3268 campanarii
494 3175 631 3272 6666116
650 3177 713 3250 SS.
732 3179 776 3248 D.
795 3178 837 3249 N.
857 3200 948 3274 pape
968 3174 1178 3272 provideant
1194 3173 1239 3246 de
1255 3177 1396 3269 septem
1521 3199 1526 3212 ·

81 3291 190 3366 iaculis
205 3295 280 3369 sive
296 3296 455 3370 candelis
471 3298 574 3371 unius
588 3299 678 3374 libre
695 3299 853 3395 quelibet
867 3324 932 3397 pro
948 3298 1181 3397 processione
1203 3297 1247 3378 de
1263 3295 1394 3394 palatio

81 3419 117 3490 ad
131 3421 303 3517 capellam
318 3447 349 3495 s.
368 3423 530 3520 Gregorii
546 3429 582 3498 et
598 3425 747 3499 totidem
763 3425 1003 3516 candelabris

123 3547 206 3619 ltem
228 3546 274 3621 de
288 3546 290 3550 ’
305 3553 444 3644 sepiem
472 3548 597 3623 1666116
621 3550 772 3626 duarum
801 3549 974 3625 librarum
1003 3548 1162 3646 quelibet
1188 3571 1255 3646 pro
1284 3546 1394 3624 altare

80 3669 209 3768 majori,

121 3799 204 3870 ltem
213 3797 258 3872 de
274 3797 411 3873 duabus
428 3799 553 3876 1666116
570 3799 745 3876 similibus
761 3825 827 3900 pro
843 3801 1028 3876 credentia
1043 3799 1207 3892 sacriste,

119 3919 200 3996 item
214 3923 258 3998 de
272 3910 463 3998 intorticiis
483 3933 566 3999 octo
590 3950 655 4024 pro
672 3927 869 4002 elevatione
886 3926 1101 4000 sacramenti
1118 3925 1391 4024 etevangelico,
1493 3959 1497 3964 ·

121 4043 200 4120 item
214 4047 259 4120 de
275 4045 466 4121 intorticiis
480 4049 672 4122 duodecim
688 4050 872 4146 portandis
888 4055 970 4124 6616
987 4055 1266 4141 sacramentum,

117 4169 150 4242 in
162 4171 394 4268 processione
410 4173 456 4246 ad
471 4197 500 4245 6.
517 4173 720 4248 iohannem
737 4177 1030 4250 Lateranensem.

122 4295 168 4368 Dc
183 4295 364 4371 thuribulo
381 4303 417 4372 61
430 4299 602 4374 navicella
616 4323 682 4398 pro
697 4300 929 4397 processione
945 4301 1107 4398 predicta
1126 4329 1132 4375 :

122 4429 293 4515 ponantur
308 4423 378 4496 duo
391 4425 608 4500 candelabra
627 4449 734 4523 supra
747 4425 858 4500 altare
875 4425 911 4500 in
929 4426 1067 4524 capelle
1082 4450 1111 4502 s.
1131 4421 1294 4522 Gregorii
1310 4445 1392 4496 cum

82 4543 201 4623 duabus
215 4550 340 4625 iaculis
356 4549 462 4624 unius
476 4549 567 4626 libre
583 4550 754 4648 quelibet,

122 4672 351 4752 faldistorium
365 4675 587 4776 parentjcum
603 4677 759 4752 scabello
776 4681 812 4751 et
827 4675 979 4752 cussinis
1000 4699 1043 4750 66
1062 4680 1181 4772 166616
1197 4699 1262 4774 666
1277 4675 1394 4775 ponti-

83 4791 139 4870 1166
153 4823 219 4896 quo
234 4801 310 4900 ipse
330 4801 477 4877 diversis
500 4802 591 4876 locis
613 4808 745 4893 utetur,
765 4801 931 4876 videlicet
950 4801 1044 4876 intre
1062 4805 1202 4899 portam
1216 4801 1343 4898 ’6616111
1359 4825 1388 4876 6.

83 4919 232 5015 Potri„in
257 4927 393 5025 capella
415 4953 444 5002 s.
467 4929 629 5026 Gregorii
653 4933 736 5003 6616
756 4928 865 5002 altare
886 4929 1001 5025 majus
1021 4927 1058 5000 in
1077 4926 1227 5002 basilica
1248 4930 1392 5002 Latera-

82 5048 181 5139 nensi,
217 5052 255 5126 in
283 5051 363 5126 aulo
387 5053 529 5126 concilii
558 5059 641 5128 ante
667 5053 792 5144 611666,
824 5053 861 5126 16
883 5052 1031 5127 basilica
1059 5077 1093 5126 s.
1127 5053 1322 5144 Laurentii,
1353 5053 1391 5126 in

83 5165 292 5254 lateranensi
327 5201 397 5276 que
428 5184 554 5256 sancta
591 5185 798 5256 sanctorum
837 5179 979 5254 dicitur.
1015 5179 1230 5257 Provideant
1279 5176 1388 5252 etiam
