3436 6038
107 465 247 528 uaemsu
264 465 331 528 risu
427 463 553 522 naauu
578 463 804 520 onoxuxnou
829 431 1091 521 couuuurxnu.
1368 470 1421 521 227

146 616 339 706 dominica,
363 620 383 690 3
408 616 544 690 mensis
568 616 785 707 decembris,
812 615 928 713 prima
951 616 1133 690 dominica
1161 619 1348 708 adventus,
1374 623 1415 692 u.

101 744 131 816 iu
151 741 287 815 Christo
309 745 348 815 P.
380 745 423 816 D.
452 741 620 816 Nicolaus
648 742 748 832 Cibo,
775 741 1067 840 archiepiscopus
1090 745 1302 818 Cusentinus
1323 745 1419 819 cele-

102 865 202 940 bravit
233 864 381 940 missam
401 866 602 956 solemnem
628 866 866 964 primitiarum
893 890 1038 942 suarum
1065 869 1102 942 in
1127 869 1265 967 capella
1281 869 1418 966 majore

101 990 209 1089 palatii
225 992 412 1088 apostolici
428 992 525 1090 apud
544 1018 573 1066 s.
593 997 752 1084 Petrum,
771 997 868 1092 Papa
889 1003 1073 1090 presente.
1097 999 1311 1070 Sermonem
1335 995 1419 1069 lecit

99 1120 232 1215 quidam
259 1119 373 1192 lrater
407 1117 541 1192 ordinis
573 1119 852 1217 predicatorum.
877 1097 1071 1193 Celebrans
1095 1119 1183 1194 dixit
1203 1127 1324 1196 tamen
1345 1128 1418 1194 tres

99 1245 267 1320 orationes
291 1269 300 1319 :
322 1243 475 1342 primam
497 1243 729 1335 ordinariam,
757 1243 954 1319 secundam
973 1243 1074 1317 Deus
1093 1247 1155 1344 qut
1175 1246 1311 1336 solertis,
1334 1259 1414 1336 etc,

100 1371 242 1462 tertiam,
267 1368 364 1444 Dato
397 1369 554 1442 omnium
577 1369 740 1466 fidelium
760 1381 893 1466 postor,
923 1382 1003 1463 etc,
1035 1381 1141 1469 prout
1173 1371 1417 1470 superioribus

98 1497 224 1572 duobus
241 1495 346 1572 annis
357 1495 552 1592 meojussu
565 1494 795 1570 observatum
806 1501 872 1570 est.
888 1497 957 1571 Sed
969 1501 1012 1570 D.
1026 1497 1218 1596 episcopus
1232 1497 1417 1572 Plautinus

97 1625 175 1698 dixit
190 1648 252 1699 suo
270 1630 437 1720 tempore
453 1645 599 1720 sempor
612 1622 721 1698 luisse
730 1623 888 1697 additam
902 1631 1067 1719 quartam
1079 1623 1280 1698 orationem
1293 1630 1419 1699 contra

98 1773 267 1849 paganos,
299 1771 371 1846 que
400 1753 497 1822 esset
524 1747 627 1844 quasi
656 1773 822 1824 connexa
846 1749 985 1824 nomini
1014 1773 1080 1848 pro
1108 1750 1278 1846 pontifice
1306 1757 1342 1825 et
1369 1749 1419 1823 ita

98 1874 196 1948 etiam
224 1873 295 1948 dici
318 1871 467 1948 debere.
504 1874 698 1950 Celebrans
726 1881 762 1950 et
789 1875 943 1950 ministri
973 1876 1181 1952 habuerunt
1208 1881 1419 1974 paramenta

99 1997 309 2072 cardinalitia
338 1997 565 2074 ordinatione
593 2001 732 2075 abbatis
767 2001 931 2094 sacriste,
962 2002 1006 2076 de
1040 2025 1111 2100 quo
1140 2002 1261 2100 plures
1289 1999 1417 2100 prelati

98 2127 374 2202 murmurabant.

139 2253 237 2327 Paria
258 2259 402 2351 quarta,
434 2255 455 2324 6
481 2251 696 2344 decembris
716 2252 849 2327 lestum
876 2277 905 2326 s.
933 2251 1070 2328 Nicolai
1099 2253 1273 2352 episcopi,
1306 2257 1417 2354 Papa,

98 2377 229 2452 indutus
270 2378 412 2453 cuculla
446 2379 518 2452 sive
561 2383 683 2450 manto
720 2401 826 2474 supra
859 2377 988 2450 stolam
1023 2384 1059 2452 et
1090 2379 1280 2453 rochetum
1316 2403 1419 2452 suum

97 2505 244 2602 persenit
275 2505 323 2578 ad
352 2503 528 2600 capellam
566 2526 710 2600 parvam
741 2501 861 2600 palatii
893 2503 1080 2599 apostolici
1118 2503 1155 2576 in
1185 2527 1256 2600 qua
1285 2504 1420 2578 audivit

97 2629 233 2703 missam
253 2630 459 2704 solemnem
479 2653 588 2726 quam
608 2628 802 2702 celebmvit
824 2633 864 2701 R.
887 2631 926 2702 P.
950 2633 993 2702 D.
1016 2629 1201 2702 lohannes
1227 2630 1418 2729 episcopus

97 2753 280 2829 Calviensis
302 2780 310 2829 :
335 2759 462 2828 Rmus.
490 2759 534 2828 D.
557 2753 813 2851 Neapolitanus
834 2753 933 2827 solus
951 2753 1142 2828 cardinalis
1163 2753 1324 2828 interluit
1336 2777 1419 2828 cum

97 2881 231 2976 prelatis
246 2879 371 2980 palatii
384 2885 421 2954 et
442 2879 533 2954 aliis.
560 2879 744 2952 lohannes
766 2877 877 2952 Maria
897 2879 984 2954 lecit
1008 2879 1168 2954 ollicium
1193 2879 1419 2954 ceremonia-

99 3029 179 3098 rum,
196 3006 372 3080 ordinavit
383 3005 562 3080 incensari
577 3005 689 3080 altare
701 3011 784 3078 ante
796 3005 981 3078 introitum
996 3012 1033 3079 et
1044 3005 1178 3103 portari
1196 3005 1419 3078 thuribulum

98 3137 128 3204 ct
140 3131 327 3206 incensum
340 3133 385 3205 ad
400 3132 643 3229 evangelium,
662 3137 698 3204 et
711 3131 781 3204 alia
799 3131 921 3204 omnia
944 3135 1050 3227 prout
1068 3129 1106 3202 in
1120 3129 1232 3203 missa
1251 3129 1419 3218 solemni,

99 3259 184 3354 Papa
192 3257 451 3356 pontificaliter
463 3265 602 3355 parato,
622 3257 860 3331 observantur
873 3281 880 3329 :
895 3254 1087 3330 cardinalis
1098 3255 1281 3352 predictus
1298 3253 1421 3327 minis-

99 3383 190 3456 travit
204 3383 406 3458 naviculam
422 3389 458 3457 et
473 3381 670 3458 incensavit
686 3386 832 3479 Papam.
853 3380 1013 3456 Porrexit
1033 3381 1166 3455 librum
1182 3379 1420 3455 osculandum

99 3531 153 3582 suo
169 3515 334 3608 tempore
350 3515 386 3586 et
400 3533 529 3608 pacem
544 3509 642 3582 dedit
655 3531 738 3582 com
755 3507 992 3582 instrumento
1007 3507 1126 3606 pacis;
1145 3507 1240 3580 dicte
1256 3513 1338 3580 sunt
1350 3512 1421 3580 tres

99 3635 269 3710 orationes
289 3662 297 3710 :
316 3658 389 3709 una
416 3635 460 3710 de
481 3635 591 3724 lesto;
615 3633 774 3708 secunda
795 3633 890 3708 Deus
913 3633 975 3730 qui
994 3633 1118 3705 solatis
1143 3637 1179 3705 et
1199 3631 1306 3706 tertia
1327 3631 1422 3707 Deles

99 3762 258 3854 oninium,
277 3774 343 3835 etc.
361 3761 440 3834 Alia
455 3760 577 3835 omnia
592 3760 781 3835 observata
800 3766 884 3832 sunt
896 3783 997 3832 more
1014 3761 1204 3832 consueto.

140 3887 211 3983 ligo
226 3891 349 3961 autern
367 3894 514 3984 rogatus
535 3910 557 3961 a
575 3891 680 3962 ltmo.
703 3891 745 3962 o.
765 3885 947 3960 cardinale
969 3885 1014 3958 de
1036 3883 1186 3958 Sabellis
1205 3883 1364 3957 serviens
1381 3881 1419 3956 in

101 4009 209 4086 ollicio
225 4011 517 4086 ceremoniarum
533 4010 570 4084 in
585 4012 774 4086 eeclesias.
796 4009 932 4087 Nicolai
948 4010 1147 4084 incarcere
1166 4007 1341 4098 Tulliano,
1362 4009 1422 4081 ubi

101 4131 159 4208 luit
173 4137 290 4234 major
299 4161 382 4235 pars
398 4144 587 4211 cantorum
601 4137 738 4235 capelle
752 4144 874 4212 nostre
890 4161 972 4212 oum
983 4137 1136 4212 diacono
1153 4143 1189 4210 et
1200 4135 1421 4210 subdiacono

102 4261 242 4352 nostris;
258 4263 408 4336 missam
420 4263 613 4339 celebravit
624 4267 665 4336 R.
677 4267 715 4337 P.
727 4267 769 4336 l).
783 4263 974 4362 episcopus
992 4262 1425 4340 Alerinuslnterluerunt

104 4383 218 4456 thmi.
237 4389 314 4459 Dl).
332 4410 360 4458 s.
381 4385 503 4478 Marci,
523 4411 552 4458 s.
572 4389 714 4486 Angeli,
740 4413 770 4462 s.
797 4389 1005 4468 Clementis.
1024 4391 1068 4465 de
1088 4388 1300 4478 comitibus,
1316 4389 1425 4462 Asca·

103 4505 174 4580 nius
189 4515 225 4584 ot
239 4509 283 4584 de
301 4510 452 4585 Sabellis
472 4513 573 4610 cujus
593 4521 649 4588 est
673 4514 838 4588 ecclesia.
864 4517 967 4591 Dicta
993 4521 1048 4592 est
1065 4523 1202 4590 tantum
1222 4537 1294 4588 una
1308 4513 1424 4588 oratio

105 4637 136 4702 et
153 4633 276 4724 Credo,
294 4636 377 4732 quia
403 4643 526 4714 Rmus.
554 4641 595 4712 o.
619 4639 810 4714 cardinalis
835 4665 864 4712 s.
890 4641 1002 4714 Marci
1024 4641 1112 4716 dixit
1138 4640 1321 4740 antiquam
1344 4663 1425 4714 esso

105 4762 393 4838 consuetudinem
418 4766 514 4862 quod
536 4766 570 4838 in
598 4765 806 4864 patrociniis
826 4765 1011 4840 titulorum
1033 4765 1271 4842 cardinalium
1289 4765 1427 4841 dicatur

106 4882 221 4958 Credo.
248 4885 365 4963 Finito
386 4895 505 4964 autem
524 4891 722 4988 evangelio,
745 4891 891 4987 quidam
912 4915 1002 4988 puer
1022 4889 1199 4964 scholaris
1214 4895 1298 4965 ante
1314 4889 1429 4964 cardi·

106 5009 196 5084 nales
217 5018 327 5104 stans,
349 5013 486 5112 incepit
512 5014 632 5090 dicere
660 5016 851 5111 rpuumdam
876 5015 1092 5109 orationem,
1122 5039 1181 5092 me
1204 5039 1277 5090 noo
1301 5017 1427 5090 adrer-

110 5135 213 5226 tente,
234 5161 342 5235 quam
365 5145 484 5215 tamen
511 5147 659 5237 propter
682 5141 874 5217 adveutum
900 5141 1053 5217 aliorum
1075 5141 1295 5217 scholarium
1317 5142 1428 5238 perfi-
