3436 6038
314 438 365 492 ¹78
768 447 944 504 lOlldNNlS
964 446 1185 516 nunculiam,
1479 446 1548 510 [uas
1561 444 1626 508 llas]

312 594 389 670 sine
412 621 534 692 cruce,
559 608 596 675 et
618 591 851 698 sequentibus
871 601 989 697 ipsum
1010 599 1251 675 cardinalibus
1272 598 1493 697 dignioribus
1508 598 1627 696 primo,

310 722 440 798 deinde
469 719 560 800 aliis,
588 725 763 800 Fimbrias
798 749 925 802 omnes
955 727 1062 800 simul
1098 727 1269 801 collectas
1304 725 1458 824 portavit
1484 730 1558 822 post
1589 727 1628 797 u.

310 853 472 923 nostrum
500 855 543 925 R.
569 855 607 924 P.
633 855 676 924 u.
703 851 916 925 Eustachius
942 851 1237 950 archiepiscopus
1258 848 1479 926 Arelatensis
1501 847 1632 946 dignior

310 994 354 1044 ex
382 975 629 1051 assistentibus
659 984 735 1077 tum
763 979 991 1077 presentibus
1010 1008 1017 1054 :
1036 980 1073 1054 in
1093 981 1231 1079 capella
1250 977 1447 1078 genuflexit
1466 975 1632 1052 Sanctitas

310 1121 375 1172 sua
389 1107 425 1173 et
438 1101 550 1176 oravit
565 1127 667 1178 more
684 1111 873 1197 consueto,
893 1105 1073 1204 episcopis
1086 1104 1338 1180 assistentibus
1354 1101 1513 1176 fimbrias
1527 1123 1631 1198 cappe

306 1225 529 1320 aptantibus;
547 1227 607 1324 qui
629 1234 822 1326 postquam
838 1228 1102 1326 aliquantulum
1125 1237 1266 1304 orasset
1287 1252 1370 1303 cnm
1383 1223 1629 1314 cardinalibus,

305 1347 406 1424 finita
425 1352 602 1444 oratione,
624 1355 787 1428 ascendit
806 1355 994 1430 adsedem
1015 1355 1235 1430 eminentem
1255 1358 1418 1452 paratam
1436 1350 1543 1449 pallio
1562 1347 1631 1422 vio·

303 1474 419 1568 laceo,
437 1501 538 1552 more
552 1487 741 1572 consueto,
765 1479 825 1554 ubi
846 1479 950 1574 sedit,
973 1479 1079 1555 dictis
1097 1477 1276 1578 episcopis
1297 1475 1547 1551 assistentibus
1561 1471 1632 1546 fim-

304 1601 399 1676 brias
421 1627 534 1702 cappe
558 1607 761 1703 aptantibus
779 1633 786 1679 :
806 1606 881 1704 qui,
906 1614 1098 1705 postquam
1116 1603 1377 1702 aliquantulum
1399 1600 1543 1700 quierit,
1566 1597 1631 1673 ieci

304 1728 448 1826 signum
464 1732 651 1806 Sanctitati
676 1756 739 1806 sne
760 1733 973 1830 genullexus
990 1756 1114 1808 coram
1135 1755 1179 1806 eo
1200 1730 1261 1827 qui
1282 1728 1449 1819 surrexit,
1466 1734 1516 1817 et,
1534 1725 1632 1800 semi·

301 1855 445 1932 detecto
466 1859 532 1933 sibi
551 1859 619 1956 ipsi
637 1861 769 1957 capite,
788 1861 1003 1936 semirersus
1024 1861 1069 1934 ad
1089 1859 1213 1948 altare,
1235 1855 1323 1930 dixit
1343 1859 1482 1930 secrete
1501 1877 1509 1926 ε
1527 1851 1632 1925 Pater

300 1993 441 2074 noster;
462 2007 534 2080 quo
554 2009 620 2082 per
640 1985 758 2082 ipsum
784 1993 923 2062 secrete
951 1985 1148 2084 completo,
1172 1983 1262 2080 tegit
1289 1981 1356 2055 sibi
1381 1979 1448 2078 ipsi
1467 1985 1578 2076 capnt
1600 1985 1632 2050 et

301 2105 393 2180 sedit
420 2135 427 2181 :
457 2107 612 2184 debebat
636 2116 758 2185 tamen
782 2117 891 2202 stare,
919 2133 1110 2208 quousque
1140 2115 1322 2198 cantores,
1346 2105 1529 2202 completa
1549 2103 1633 2178 anti-

299 2231 435 2329 phona,
457 2233 678 2333 incepissent
697 2236 891 2335 psalmum.
915 2242 1087 2312 Centoras
1108 2235 1322 2332 inceperunt
1346 2231 1582 2328 antiphonam
1600 2235 1632 2302 et

299 2360 479 2453 prosecuti
496 2369 580 2434 sunt
595 2361 789 2437 matutinas
802 2368 909 2460 prout
918 2363 955 2435 in
971 2361 1167 2437 ordinario.
1179 2359 1250 2458 lpsi
1263 2363 1432 2432 cantores
1445 2361 1633 2431 cantarunt

298 2483 576 2560 lamentationes
592 2493 628 2561 et
642 2487 818 2564 lectiones
834 2489 870 2562 in
884 2487 967 2564 loco
988 2511 1128 2577 eorum,
1142 2485 1215 2560 'nbi
1236 2484 1306 2558 alia
1322 2487 1483 2557 cantant.
1511 2481 1630 2554 Finitis

300 2610 484 2712 versiculis
497 2611 616 2709 primi,
636 2613 786 2688 secundi
802 2620 838 2688 et
857 2615 951 2689 tertii
968 2613 1150 2704 nocturni,
1167 2611 1236 2686 leci
1252 2610 1396 2707 siguum
1412 2612 1509 2704 Papa
1527 2629 1631 2704 genu-

299 2733 413 2808 tlexus
430 2757 552 2808 coram
569 2760 612 2810 eo
628 2737 690 2834 qui
706 2739 876 2828 surrexit,
895 2744 930 2812 et
945 2738 1089 2812 detecto
1104 2737 1171 2810 sibi
1182 2736 1250 2832 ipsi
1266 2735 1398 2834 capite,
1417 2733 1631 2808 semirersus

299 2860 343 2934 ad
358 2860 469 2934 altare
484 2865 596 2950 stans,
614 2862 702 2936 dixit
722 2869 861 2938 secrete
881 2889 889 2938 :
907 2864 1020 2937 Pater
1037 2875 1166 2954 noster,
1189 2885 1259 2958 quo
1280 2859 1476 2958 peripsum
1492 2862 1629 2932 secrete

238 3071 245 3085 ,
298 2986 494 3084 completo,
512 2987 616 3079 sedit,
636 2988 724 3086 tegit
740 2988 807 3061 sibi
824 2989 891 3086 ipsi
912 2997 1031 3086 caput,
1050 2987 1211 3086 episcopi
1232 2985 1444 3082 assistentes
1465 2986 1631 3082 aptarunt
1716 3063 1717 3084 χ

299 3111 365 3185 sibi
382 3111 542 3186 fimbrias
558 3136 686 3211 cappe,
705 3121 741 3188 et
756 3120 923 3190 cantores
939 3121 1171 3189 cantaverunt
1183 3112 1371 3207 lectiones.
1393 3109 1509 3184 Simili
1524 3108 1630 3182 modo
1716 3107 1717 3118 ’

299 3238 451 3312 surrexit
466 3261 549 3313 cum
565 3236 875 3338 incipereturpost
889 3239 1099 3314 Benedictus
1104 3266 1120 3330 ;
1136 3261 1206 3335 quo
1218 3236 1333 3327 finito,
1353 3233 1488 3310 resedit
1503 3257 1631 3331 quous

298 3386 367 3458 qne
377 3363 599 3460 inciperetur
613 3365 810 3461 antiphona
832 3393 839 3440 :
862 3364 1020 3439 Christus
1039 3367 1159 3466 sactus
1179 3376 1243 3454 est,
1265 3375 1346 3455 etc„
1370 3368 1455 3436 tnnc
1476 3361 1630 3436 surrexit

298 3495 335 3561 et
367 3489 553 3563 deseendit
581 3489 626 3564 ad
646 3489 903 3583 faldistorium,
934 3491 992 3568 ubi
1012 3489 1210 3588 genuflexit
1236 3489 1381 3564 detecto
1411 3487 1544 3585 capite,
1579 3485 1627 3558 sic

296 3636 462 3703 manens,
487 3637 674 3710 quousque
700 3614 864 3692 liniretur
888 3617 1030 3691 cristas
1055 3617 1176 3718 sactus
1200 3626 1263 3707 est,
1297 3625 1361 3688 etc.
1395 3618 1432 3686 et
1463 3619 1629 3686 cantores
1715 3717 1716 3720 Ἴ

297 3734 460 3808 dicerent
479 3744 644 3813 secrete:
662 3740 774 3813 Pater
793 3753 922 3834 noster,
947 3740 1077 3816 deinde
1099 3737 1314 3838 intelligibili
1336 3762 1425 3813 voce
1445 3737 1626 3823 Miserere,

295 3871 383 3950 etc.;
396 3885 466 3956 quo
484 3865 679 3960 completo,
702 3868 798 3962 Papa
813 3865 864 3940 sic
884 3866 1108 3964 genuflexus
1128 3866 1217 3940 dixit
1236 3865 1465 3939 orationem:
1486 3860 1628 3959 Ricespe
1715 3841 1716 3874 ¹

295 4011 499 4084 quesumus,
532 3987 697 4082 Domine,
734 4002 798 4064 etc.
838 3992 910 4066 Sed
941 3996 1026 4064 nota
1058 3991 1156 4088 qnod
1184 4014 1311 4066 omnes
1341 4013 1414 4064 non
1446 3989 1625 4064 debebant

293 4113 552 4210 genuflectere,
568 4114 637 4189 nisi
653 4115 755 4190 linita
769 4116 977 4214 antiphona,
996 4115 1155 4192 Christus
1169 4119 1290 4216 sactus
1307 4115 1319 4216 (
1343 4115 1367 4216 ).

343 4239 406 4312 His
422 4239 618 4332 matutinis,
636 4240 874 4316 interfuerunt
893 4241 997 4339 pauci
1018 4241 1233 4332 cardinales,
1251 4240 1420 4316 videlicet
1438 4263 1447 4314 :
1466 4238 1626 4314 vicecan-

294 4363 474 4457 cellarius,
500 4366 782 4463 Andegarensis,
809 4391 838 4442 s.
866 4367 963 4442 Petri
989 4367 1034 4440 ad
1064 4367 1217 4444 Vincula
1241 4373 1277 4441 et
1297 4367 1408 4442 credo
1433 4372 1507 4440 tres
1529 4391 1624 4464 pres·

293 4489 409 4588 hyteri
438 4498 475 4565 et
502 4498 656 4589 quatuor
683 4491 824 4566 diaconi
857 4491 1070 4566 cardinales.
1099 4492 1180 4568 Alia
1211 4493 1306 4567 lacta
1340 4498 1425 4567 sunt
1453 4497 1562 4592 prout
1589 4490 1620 4562 in

293 4616 538 4690 ceremoniali.
558 4621 655 4715 Papa
670 4616 788 4707 rediit,
806 4617 916 4692 linitis
932 4618 1130 4709 matutinis,
1148 4618 1193 4692 ad
1207 4641 1405 4710 cameram,
1425 4617 1486 4691 ubi
1504 4637 1622 4690 sacras
1714 4591 1715 4620 ¹

331 4886 356 4939 t.
368 4882 405 4940 Le
428 4901 496 4940 mss.
513 4885 564 4940 147
576 4893 603 4941 et
621 4884 645 4940 le
665 4901 732 4942 mss.
749 4883 882 4959 Chigilh.
902 4888 928 4941 t.
945 4887 991 4946 ro.
1008 4885 1027 4941 l.
1041 4885 1115 4960 ast),
1131 4883 1367 4944 immediatement
1383 4887 1465 4960 apres
1478 4899 1485 4940 :
1496 4883 1622 4940 cuman

292 4975 401 5044 factate,
413 4972 535 5030 donnent
551 4989 558 5030 :
574 4995 588 5025 n
604 4974 661 5031 Hoc
671 4973 829 5044 estlalsum,
844 4974 973 5049 quoniam
983 4974 1019 5031 ad
1030 4975 1105 5033 istud
1118 4975 1257 5032 vinculum
1269 4975 1344 5051 quod
1359 4975 1515 5033 obedientie
1531 4975 1619 5032 rincu-

291 5059 347 5116 lum
360 5060 429 5116 dixit
440 5063 513 5135 (sic),
526 5062 602 5138 Papa
616 5070 643 5122 et
652 5081 747 5122 omnes
757 5064 785 5122 in
799 5065 910 5140 signum
924 5064 1078 5124 obedientie
1092 5066 1290 5140 genuflectunt.
1303 5087 1318 5119 s
1338 5096 1373 5112 -·
1388 5066 1467 5126 Cotto
1483 5075 1619 5137 remusque
1713 5087 1714 5152 ,

290 5151 693 5226 manquedanslemss.5521.
1713 5163 1714 5174 ¹
