3436 6038
330 423 381 480 (6(
782 417 957 476 tonsurus
982 416 1204 488 abacelam,
1494 417 1567 484 [vae
1582 424 1634 490 nn

328 579 402 654 sive
422 577 630 675 responderi
649 576 921 672 intelligibiliter
935 574 1080 650 debere.
1100 577 1163 650 SS.
1188 577 1230 647 D.
1245 578 1292 648 N.
1319 573 1460 646 remisit
1479 577 1636 650 sententie

329 709 546 778 RBmorum.
566 706 640 776 BD.
669 727 699 774 6.
721 701 831 775 Marci
851 708 888 774 et
911 700 1179 798 andegavensis
1202 701 1263 796 qui
1288 699 1456 773 dixerunt
1474 699 1510 773 in
1529 700 1637 798 plurali

328 831 407 904 11611
422 855 529 927 posse
544 829 866 926 interrogationem
886 833 920 901 et
942 850 1009 923 per
1036 848 1163 900 omnes
1184 825 1291 900 simul
1316 825 1597 924 responsionem,
1611 835 1639 902 et

328 954 379 1029 sic
404 959 443 1028 B.
471 958 514 1028 N.
539 961 647 1050 prout
679 953 864 1052 inceperet
898 950 1130 1040 continuavit,
1161 957 1196 1026 61
1223 950 1335 1039 bene,
1366 951 1480 1026 immo
1506 953 1636 1048 optime.

327 1081 443 1154 Finito
464 1079 650 1171 scrutinio,
683 1079 788 1154 electi
809 1078 1011 1153 successive
1035 1100 1158 1152 coram
1176 1081 1270 1174 Papa
1296 1076 1479 1174 genuflexi
1503 1079 1636 1151 osculati

326 1206 496 1303 surrtejus
511 1205 643 1302 pedem
664 1205 851 1295 dextrum3
874 1203 1005 1277 deinde
1026 1203 1181 1277 surrexit
1197 1206 1294 1300 Papa
1312 1202 1359 1276 ad
1385 1202 1637 1278 consessionem

325 1335 360 1403 et
374 1329 419 1402 ad
432 1331 618 1405 dexteram
634 1334 728 1426 Rape
746 1335 922 1403 steterunt
937 1328 1154 1404 Cnsentinus
1169 1328 1205 1401 in
1220 1327 1338 1426 primo
1355 1328 1437 1402 loco
1453 1337 1488 1402 et
1509 1330 1552 1402 ad
1574 1331 1639 1426 ejus

322 1455 414 1528 latus
425 1454 679 1546 tornacensis,
698 1462 732 1530 et
747 1455 791 1528 ad
805 1453 988 1528 sinistram
1004 1459 1099 1552 Pape
1111 1457 1386 1528 Beneventanus
1399 1477 1406 1542 ;
1420 1460 1457 1528 et
1470 1454 1640 1530 continua-

322 1587 400 1654 tum
419 1581 487 1654 luit
509 1581 673 1655 officium
692 1604 758 1678 per
780 1580 914 1670 omnia,
938 1587 1044 1678 prout
1068 1579 1103 1652 in
1126 1562 1573 1672 eliisconsecrationibns,
1593 1605 1640 1656 61-

319 1709 432 1806 ceptis
446 1708 694 1806 infrascriptis.

369 1838 457 1908 Cum
473 1838 582 1931 Papa,
603 1833 700 1908 circa
725 1834 834 1908 linem
854 1834 977 1909 litania
997 1832 1237 1907 benedicebat
1256 1831 1344 1928 ipsis
1366 1831 1507 1925 electis,
1532 1833 1640 1910 dicens

319 1973 360 2033 ut
371 1961 431 2033 dos
442 1973 619 2058 presentes
635 1960 769 2050 elector,
788 1971 868 2050 etr„
886 1985 960 2033 non
970 1959 1128 2033 habebat
1142 1958 1179 2030 in
1202 1981 1310 2030 manu
1326 1957 1471 2032 sinistra
1487 1959 1640 2034 baculum

318 2083 550 2183 pastoralem,
567 2086 651 2183 qnia
666 2089 762 2183 Papa
773 2110 958 2182 nunqnam
975 2085 1086 2158 utitur
1099 2084 1227 2158 baculo
1244 2085 1426 2181 pastorali.
1440 2085 1542 2161 Adde
1559 2085 1642 2182 quod

314 2235 386 2291 nec
401 2214 498 2310 Papa
512 2211 656 2308 legebat
668 2212 824 2286 litanias.
847 2211 997 2298 Quando
1014 2213 1111 2308 Papa
1126 2209 1266 2284 lavabat
1281 2233 1424 2302 manns,
1443 2235 1536 2285 unus
1552 2212 1642 2285 cubi-

318 2337 474 2412 cularius
497 2344 659 2412 secretus
678 2337 785 2412 dabat
805 2337 872 2412 sibi
895 2361 1025 2434 aquam
1048 2344 1085 2411 et
1106 2337 1196 2409 alins
1221 2337 1428 2434 mappulam
1444 2335 1490 2410 ad
1513 2345 1643 2436 tergen-

317 2463 416 2536 dum.
431 2464 622 2538 Otlertorio
636 2463 747 2554 dicto,
765 2463 927 2538 omnium
942 2468 1236 2538 consecratorum
1249 2462 1435 2537 ollertoria
1448 2486 1516 2538 suo
1527 2463 1642 2538 ordine

317 2589 575 2685 precedebant,
595 2590 726 2664 deinde
744 2589 811 2688 ipsi
833 2590 1048 2679 consecrati,
1066 2589 1110 2663 ab
1132 2588 1384 2663 assistentibus
1404 2589 1592 2680 associati;
1612 2595 1639 2662 rt

318 2715 533 2788 Gusentinns
550 2715 677 2790 obtulit
692 2716 809 2814 primo
826 2741 944 2808 sunm,
969 2715 1099 2790 deinde
1129 2719 1416 2805 Beneventanus,
1439 2715 1548 2790 tertio
1563 2719 1642 2789 Tor-

223 2862 226 2870 *
317 2841 498 2930 nacensis,
517 2840 771 2916 deosculantes
787 2840 832 2914 ad
845 2839 1042 2937 quamlibet
1057 2863 1204 2912 manum
1216 2843 1325 2937 Papo,
1342 2863 1443 2914 more
1458 2845 1640 2914 consueto.

317 2969 356 3038 ln
373 2965 476 3040 altari
492 2965 541 3040 illi
557 2973 694 3042 stantes
714 2966 1030 3058 concelebrabant,
1050 2973 1164 3064 etego
1181 2964 1262 3038 steti
1281 2963 1376 3038 inter
1390 2969 1525 3062 Papam
1538 2971 1575 3038 et
1589 2983 1642 3039 eos

317 3097 353 3164 et
369 3091 493 3166 servivi
511 3095 607 3189 Pape
621 3091 665 3165 (16
681 3091 789 3189 palla,
803 3099 947 3189 patena,
959 3089 1140 3164 immiscui
1154 3089 1276 3162 vinum
1290 3096 1326 3164 et
1341 3113 1472 3186 aquam
1488 3089 1525 3163 in
1540 3091 1643 3165 calice

317 3222 352 3289 et
381 3215 451 3289 alia
467 3216 538 3290 leci
558 3240 659 3290 more
685 3225 875 3292 consueto.
903 3215 1007 3290 Birta
1034 3215 1196 3291 oratione
1222 3215 1370 3291 Domine
1388 3215 1474 3290 deso
1500 3217 1642 3297 Christe,

317 3343 519 3416 consecrati
541 3367 668 3418 omnes
695 3351 915 3443 acceperunt
941 3369 1069 3443 pacem
1095 3369 1117 3419 a
1144 3349 1253 3442 Papa,
1285 3343 1403 3439 primo
1420 3343 1643 3427 cusentinus,

316 3467 447 3542 deinde
479 3471 766 3560 Beneventanus,
799 3471 1030 3568 postmodum
1059 3469 1310 3544 Tornecensis.
1340 3467 1499 3554 Quilibet
1528 3490 1644 3542 eorum

316 3590 413 3662 dedit
446 3591 575 3668 deinde
606 3619 687 3669 eam
716 3596 918 3670 successive
952 3595 1128 3670 ambobus
1166 3594 1345 3695 episcopis
1385 3593 1639 3667 assistentibus.

318 3720 395 3800 Quo
411 3715 519 3807 lacto,
534 3721 576 3789 B.
594 3719 792 3810 Auriensis
809 3719 989 3794 secundus
1001 3719 1193 3819 episcopus
1208 3720 1395 3808 assistens,
1413 3719 1513 3792 dedit
1522 3740 1642 3816 pacem

316 3866 379 3915 ore
396 3865 461 3915 suo
478 3847 581 3916 Rmo.
601 3847 643 3917 b.
663 3845 835 3919 cardinali
852 3871 880 3919 6.
900 3846 1011 3920 Μ6161
1029 3845 1089 3943 qui
1111 3869 1192 3920 eam
1213 3846 1311 3920 dedit
1333 3846 1437 3919 alteri
1452 3845 1640 3932 cardinali,

316 3966 381 4039 sed
395 3966 466 4040 boe
481 3968 571 4040 mihi
588 3969 705 4044 minus
723 3971 940 4046 conveniens
956 3972 1069 4046 visum
1093 3980 1162 4062 est,
1184 3973 1281 4068 quod
1305 3976 1414 4070 Papa,
1436 3971 1520 4046 dala
1542 3995 1637 4070 pace,

316 4091 428 4163 tribus
439 4095 673 4186 consecratis,
692 4097 846 4170 oseulari
859 4096 1013 4172 debebat
1028 4122 1156 4196 pacem
1167 4121 1276 4195 qnam
1292 4121 1361 4195 ego
1376 4098 1444 4172 sibi
1457 4097 1636 4196 porrigere

315 4215 492 4291 debebam
509 4226 545 4292 et
557 4219 687 4295 deinde
703 4221 799 4295 illam
813 4222 976 4320 predicto
991 4227 1094 4297 Rmo.
1114 4223 1286 4298 cardinali
1302 4249 1331 4296 s.
1350 4223 1461 4298 Marci
1474 4222 1612 4298 deterre
1630 4244 1636 4290 :

315 4342 379 4417 sed
391 4344 476 4440 quia
488 4344 766 4421 instrumentum
781 4348 925 4444 pacisin
936 4349 1038 4422 611611
1055 4349 1214 4446 positum
1232 4374 1305 4424 nou
1320 4351 1449 4439 luerat,
1463 4349 1513 4423 ita
1527 4353 1638 4422 ectum

314 4469 579 4568 661(1).1111116
596 4473 717 4564 misse,
734 4477 828 4570 Papa
838 4473 936 4548 dedit
946 4475 1237 4551 benedictionem
1248 4499 1331 4551 cum
1344 4476 1464 4565 mitra,
1477 4475 1636 4572 quianon

350 4673 375 4728 1,
397 4697 412 4724 u
429 4674 505 4732 Bene
524 4675 626 4734 lactum
644 4677 695 4735 luit
714 4678 788 4753 quod
806 4679 950 4738 Auriensis
970 4679 1008 4737 sic
1029 4697 1125 4756 pacem
1143 4679 1217 4738 dedit
1232 4686 1313 4755 prout
1333 4680 1419 4748 dedit,
1436 4677 1499 4754 quia
1513 4695 1564 4751 pax
1578 4692 1634 4732 cum

313 4759 494 4821 instrumento
509 4765 589 4822 datur
609 4769 719 4842 qnando
734 4769 819 4828 misse
837 4788 891 4826 non
907 4776 950 4826 est
963 4771 1145 4844 pontificalis3
1165 4771 1215 4826 hec
1232 4776 1393 4827 autemnon
1412 4767 1574 4843 pontificalis
1592 4764 1634 4821 sed

313 4852 417 4925 papalis
432 4869 494 4909 cnm
508 4857 635 4914 omnibus
657 4859 823 4932 paramentis
839 4860 921 4918 dicta.
938 4883 953 4913 n
969 4863 1086 4934 (Panis.)
1108 4861 1176 4918 Bien
1195 4879 1248 4935 que
1259 4861 1328 4918 dans
1343 4865 1407 4917 tous
1430 4861 1471 4917 les
1486 4877 1549 4916 mss.
1571 4863 1636 4913 cette

312 4955 454 5015 remarque
477 4943 511 4999 de
534 4938 612 5004 Paris
627 4948 661 5006 de
676 4950 785 5008 Gressis
802 4949 874 5008 16666
888 4967 969 5025 corps
992 4967 1057 5008 avec
1071 4951 1094 5010 le
1105 4955 1188 5020 terte,
1201 4952 1234 5025 je
1249 4951 1320 5008 crois
1335 4950 1428 5008 devoir
1447 4950 1474 5007 lc
1488 4950 1589 5006 donner
1602 4963 1632 5002 en

312 5039 384 5090 note.
400 5034 480 5105 ((1166.
498 5036 559 5105 117,
580 5036 599 5093 1.
615 5039 678 5107 201,
698 5058 724 5097 v.
743 5057 809 5098 mss.
827 5040 916 5115 Cbigi,
932 5039 962 5101 L.
976 5042 1004 5098 1.
1020 5041 1068 5099 10.
1085 5040 1103 5096 1.
1123 5043 1187 5110 265,
1202 5041 1241 5115 v.)
1261 5041 1350 5115 (Cette
1366 5057 1509 5115 remarque
1523 5051 1634 5110 meaque

312 5121 417 5179 danslc
432 5140 501 5184 mss.
521 5125 601 5194 5521,
618 5125 641 5183 l.
665 5127 741 5200 361.)
