3600 6094
331 471 366 526 48
786 463 961 519 JOllANNlS
986 462 1208 534 BURCHAHDI,
1501 461 1580 526 [tout
1595 463 1658 524 lov]

331 625 488 697 debeant
507 627 580 695 tres
606 619 807 694 cardinales
831 617 1024 716 cujuslibet
1047 616 1183 689 ordinis
1208 615 1361 712 priores,
1386 615 1662 720 adpetitionem

334 747 428 821 sacri
449 745 607 844 collegii,
632 751 667 818 et
689 744 776 817 nulli
801 767 960 840 unquam
982 766 1044 816 eas
1063 741 1248 840 assignare
1269 740 1346 814 sine
1366 741 1530 814 omnium
1550 742 1663 816 cardi-

335 873 471 946 nalium
487 895 660 969 expresso
676 894 870 944 consensu.

385 1001 424 1072 ln
446 997 572 1095 primis
593 995 727 1094 jurabit
752 1001 787 1070 et
811 995 998 1093 promittet
1021 996 1129 1092 quod,
1156 994 1368 1069 adveniente
1394 1017 1481 1068 casu
1505 993 1663 1068 necessi-

335 1124 417 1198 tatis
443 1121 674 1197 subvenicndi
699 1120 866 1194 fidelibus
891 1121 1096 1195 christianis
1111 1122 1156 1194 ad
1172 1144 1298 1196 eorum
1313 1121 1564 1195 defensionem
1579 1141 1665 1194 con-

336 1253 390 1320 tra
411 1247 570 1344 perfidos
592 1249 744 1336 Turnus,
769 1244 865 1318 idem
889 1245 1136 1320 sanctissimus
1158 1244 1325 1318 dominus
1351 1246 1514 1342 pontifex
1540 1268 1665 1318 omnes

334 1372 501 1445 aluminis
524 1370 569 1470 (1)
600 1395 663 1444 seu
692 1371 786 1468 apud
816 1369 956 1445 Tolfam
985 1371 1144 1446 redditus
1174 1394 1283 1446 causa
1317 1371 1398 1444 talis
1423 1369 1666 1444 subventionis

335 1503 491 1596 exponet
523 1497 569 1570 ad
602 1521 707 1570 usum
746 1496 991 1570 subventionis
1025 1497 1208 1594 predicte,
1244 1497 1306 1596 qui
1343 1496 1372 1570 si
1406 1497 1452 1570 ad
1490 1519 1666 1570 summam

335 1623 594 1722 quinquaginta
626 1621 776 1696 millium
810 1623 1024 1698 ducatorum
1049 1649 1122 1698 non
1150 1625 1347 1722 attingent,
1383 1622 1479 1696 idem
1508 1621 1667 1720 pontifex

336 1750 535 1823 tantum-de
551 1748 630 1822 aliis
646 1747 843 1824 redditibus
859 1749 1020 1822 Ecclesie
1037 1774 1185 1825 romane
1205 1750 1304 1824 dabit
1324 1754 1361 1822 et
1380 1753 1537 1846 exponet
1557 1771 1667 1844 usque

337 1873 538 1948 addictam
563 1896 741 1948 summam
767 1871 804 1944 in
829 1897 898 1970 qua
922 1879 1044 1947 tamen
1066 1876 1268 1972 computari
1292 1875 1426 1948 debent
1445 1872 1669 1971 provisiones

337 1997 511 2072 nobilium
540 1997 776 2096 profugorum
805 2005 842 2073 ct
871 1999 1102 2097 expulsorum
1131 2001 1176 2074 ab
1207 1999 1431 2090 infidelibus;
1456 2022 1525 2094 que
1549 2004 1670 2070 tamen

337 2130 419 2199 octo
441 2123 551 2198 millia
571 2127 748 2210 excedere
768 2149 841 2200 nou
863 2125 1031 2215 debeant,
1054 2125 1115 2216 ita,
1138 2131 1176 2198 ut
1197 2149 1383 2222 nunquam
1403 2125 1447 2198 de
1467 2123 1575 2196 dictis
1595 2122 1671 2196 alu-

337 2251 454 2326 minis'
473 2253 671 2328 redditibus
700 2252 919 2351 dispensari,
950 2258 1011 2326 aut
1038 2252 1144 2325 aliter
1172 2257 1209 2324 et
1237 2251 1274 2323 iu
1303 2249 1393 2325 alios
1423 2273 1508 2323 usus
1538 2248 1671 2345 exponi

336 2381 450 2479 possit
470 2382 535 2454 sub
551 2406 644 2480 pena
663 2378 965 2454 interminationis
981 2384 1017 2452 et
1036 2377 1274 2452 anathematis
1294 2382 1331 2450 et
1346 2376 1543 2474 sacrilegii;
1562 2377 1673 2473 quod-

337 2533 406 2606 que
436 2509 596 2582 redditus
634 2506 786 2605 predicti
820 2529 886 2603 per
920 2504 1072 2579 clericos
1106 2527 1250 2577 camere
1283 2502 1482 2600 apostolice
1513 2507 1549 2574 et
1579 2501 1673 2574 sacri

339 2633 482 2731 collegii
512 2633 656 2707 insimul
686 2632 889 2706 scribantur
917 2636 953 2704 et
987 2635 1244 2727 computentur
1271 2633 1308 2702 et
1340 2632 1511 2726 computu
1544 2651 1673 2701 eorum

337 2757 537 2846 videantur,
555 2759 849 2856 deputandusque
864 2757 1105 2855 depositarius
1125 2763 1291 2832 teneatur
1304 2755 1485 2854 predictas
1500 2753 1675 2853 pecunias

338 2907 520 2981 exponere
549 2883 594 2958 de
621 2885 789 2957 mandato
819 2883 1003 2956 communi
1028 2882 1243 2968 clericorum
1272 2905 1418 2956 camere
1448 2887 1484 2955 et
1513 2879 1673 2978 collegii,

338 3009 540 3083 secundum
554 3009 894 3083 determinationem
911 3007 1041 3082 summi
1056 3008 1237 3105 pontificis
1257 3015 1292 3082 et
1312 3007 1420 3082 trium
1436 3007 1675 3082 cardinalium

262 3125 265 3132 ’
337 3135 499 3233 priorum
516 3159 560 3209 ex
575 3135 737 3232 quolibet
752 3135 877 3208 ordine
897 3161 905 3208 :
929 3140 965 3208 et
985 3133 1022 3206 in
1037 3134 1097 3206 tali
1118 3158 1204 3207 casu
1224 3135 1426 3208 cardinales
1446 3137 1491 3208 de
1512 3134 1676 3232 ipsorum

336 3261 499 3357 pecuniis
515 3262 671 3334 offerunt
685 3261 770 3334 dare
787 3267 823 3334 et
838 3261 976 3334 solvere
992 3283 1058 3358 pro
1074 3259 1135 3334 tali
1154 3259 1287 3333 auxilio
1304 3262 1433 3336 decem
1448 3260 1548 3334 milia
1566 3262 1677 3335 duca-

338 3392 457 3458 torum
473 3385 725 3458 solvendorum
740 3407 806 3482 pro
822 3393 899 3459 rata
912 3409 978 3484 pro
996 3386 1169 3482 quolibet,
1191 3387 1389 3462 secundum
1405 3394 1520 3462 ratam
1536 3393 1573 3462 et
1589 3409 1676 3484 pro-

338 3509 542 3605 portionem
571 3509 773 3584 reddituum
804 3534 950 3584 suorum
983 3535 1306 3609 quorumcumque.
1343 3517 1431 3586 Cum
1459 3535 1546 3587 vero
1577 3517 1676 3586 Deus

339 3633 563 3707 concesserit
578 3636 785 3730 generalem
805 3636 1072 3733 expeditionem
1087 3637 1239 3710 validam
1262 3643 1298 3711 et
1314 3638 1571 3727 sufficientem,
1590 3661 1678 3712 con-

339 3781 450 3830 cursu
466 3757 617 3832 sanioris
633 3761 743 3856 partis
759 3768 1023 3858 potentatuum,
1041 3763 1245 3860 principum
1265 3787 1307 3836 uc
1323 3764 1539 3860 populorum
1556 3763 1676 3835 chris-

338 3881 518 3955 tianorum
534 3885 579 3956 ad
595 3885 832 3960 offensionem
847 3888 1008 3986 ipsorum
1024 3888 1244 3985 perfidorum
1257 3893 1453 3961 Turcarum
1467 3887 1565 3977 fidei,
1582 3887 1677 3960 ultra

339 4005 506 4078 aluminis
522 4008 696 4104 redditus,
710 4012 815 4086 offert
828 4013 922 4086 bona
937 4014 1007 4086 fide
1022 4020 1057 4087 et
1070 4015 1179 4087 corde
1193 4039 1283 4112 puro
1297 4015 1511 4088 ducatorum
1525 4019 1675 4087 centum

339 4131 463 4222 millia,
490 4134 598 4206 modo
632 4159 702 4231 quo
735 4161 877 4236 supra:
905 4163 1032 4212 omnes
1056 4139 1204 4236 insuper
1233 4140 1469 4213 ecclesiarum
1494 4139 1671 4230 decimas,

338 4264 446 4354 prout
459 4260 639 4334 videbitur
653 4265 836 4361 expedire,
853 4265 1093 4362 indulgentias
1109 4287 1249 4355 omnes,
1266 4263 1458 4362 vigesimae
1474 4273 1510 4340 ct
1526 4267 1673 4365 trigesi-

339 4407 416 4457 mas
438 4391 475 4458 et
496 4385 583 4459 alias
605 4413 849 4485 quascumque
873 4390 1142 4488 impositiones,
1169 4415 1238 4486 que
1263 4391 1387 4482 utiles,
1405 4393 1614 4466 necessarie
1636 4401 1673 4466 et

340 4513 601 4607 supportabiles
624 4513 824 4608 videantur;
850 4515 1120 4612 cardinalesque
1144 4515 1212 4612 ipsi
1232 4515 1365 4612 viginta
1388 4516 1499 4588 millia
1518 4516 1671 4589 ducato-

376 4803 402 4861 1.
422 4803 461 4862 La
475 4807 635 4867 decouverte
650 4809 684 4867 de
703 4809 796 4884 l'alun,
814 4809 859 4884 qui
877 4809 917 4866 fut
931 4809 1053 4884 pendunt
1073 4809 1134 4885 plus
1151 4809 1184 4868 de
1200 4809 1266 4867 trois
1285 4813 1361 4868 cents
1381 4828 1431 4868 aus
1456 4828 1508 4869 une
1523 4831 1623 4872 source
1638 4813 1672 4871 da

339 4911 455 4952 ravenus
465 4896 744 4973 considerablespour
758 4899 782 4955 lc
793 4898 980 4970 Saintsitge,
991 4905 1035 4956 est
1047 4901 1172 4956 racontae
1182 4917 1231 4974 par
1245 4897 1378 4956 Goballini
1392 4899 1462 4957 dans
1475 4901 1514 4958 les
1526 4903 1672 4960 memoires

338 4985 372 5042 de
386 4985 435 5042 Pie
448 4985 483 5041 ll.
500 4986 570 5062 Voy.
590 5004 597 5043 :
622 4987 671 5044 Pit
685 4989 809 5046 Secundi
823 4991 910 5043 Pont.
926 4989 1004 5044 Μαω.
1021 4989 1229 5043 commentarii
1245 5005 1345 5044 rerum
1359 4989 1593 5046 raemorabctium
1610 5010 1674 5064 quac

340 5078 515 5147 temporibus
538 5079 601 5131 suis
619 5081 803 5148 contipcrunt
826 5096 844 5132 a
867 5077 899 5132 a.
922 5079 958 5133 D.
979 5078 1113 5132 Johanne
1131 5079 1288 5146 Gobetttno,
1309 5089 1360 5134 etc.
1386 5079 1567 5151 francofurti,
1590 5081 1671 5147 1614,
1786 5157 1787 5162 ἵ

340 5165 353 5220 1
370 5162 426 5225 vol.
446 5163 548 5224 infel..
565 5183 596 5238 p.
612 5167 701 5222 185o.
