3422 6034
64 517 128 583 [han
143 513 207 577 litt]
383 509 510 568 RERUM
534 509 764 568 UHBANARUM
791 509 1059 568 COMMENTAHII.
1307 513 1372 570 ‘331

99 667 180 740 Nota
195 663 290 761 quod
304 661 523 761 paucissime
539 662 620 737 date
637 669 721 737 suut
741 663 891 738 candele
911 687 977 760 per
996 663 1207 762 pontificem
1223 673 1259 741 et
1269 666 1372 763 juxta

61 789 160 862 medie
174 787 265 885 parti
281 811 604 886 personarumque
620 794 702 886 post
718 789 909 862 scutiferos
928 793 1024 886 Papa
1040 797 1286 882 accesserunt,
1305 817 1370 889 pro

60 913 254 1012 recipiendis
267 913 440 1004 candelis,
459 914 610 988 candele
626 914 709 988 date
725 920 807 987 sunt
826 938 834 986 :
853 915 982 1011 quibus
998 914 1104 1006 datis,
1123 919 1165 989 Ι).
1185 917 1369 993 lohannes

60 1043 95 1118 de
117 1042 244 1116 Staden
272 1041 400 1115 doctor
425 1045 460 1116 et
487 1039 590 1114 miles
620 1038 931 1137 prestantissimus
966 1045 1087 1114 orator
1122 1065 1252 1138 magne
1279 1067 1370 1118 nove

58 1167 125 1263 lege
137 1164 344 1238 Alamanice
355 1163 454 1239 dedit
470 1187 600 1260 aquam
620 1163 781 1261 pontifici
802 1187 868 1260 pro
884 1164 1043 1238 lavandis
1063 1167 1242 1260 manibus,
1262 1173 1366 1243 Rmo.

58 1289 335 1366 vicecancellario
355 1289 474 1388 ipsum
501 1289 691 1386 adjuvante
721 1289 766 1362 ad
786 1289 1010 1386 evangelium
1035 1315 1042 1364 :
1065 1295 1163 1390 Papa
1189 1299 1224 1367 et
1251 1295 1370 1368 cardi-

59 1417 154 1509 nales,
181 1417 371 1492 celebrans
395 1423 432 1490 et
460 1415 587 1512 prelati
615 1437 742 1490 omues
767 1421 960 1488 tenuerunt
986 1417 1154 1491 candelas
1180 1441 1365 1512 accensas,

58 1568 143 1640 quas,
171 1543 274 1616 linito
304 1541 506 1638 evangelio,
538 1541 728 1614 servitores
758 1540 987 1615 extinxerunt
1018 1545 1052 1612 et
1079 1561 1144 1636 pro
1169 1539 1368 1618 elevatione

59 1668 324 1744 reaccenderent
358 1673 395 1742 et
426 1689 599 1741 accensas
636 1666 828 1740 servitores
869 1665 1098 1738 retinuerunt
1131 1689 1244 1762 usque
1287 1675 1369 1764 post

58 1793 345 1867 communionem.
373 1795 468 1889 Papa
494 1793 592 1866 solus
614 1815 716 1866 suam
743 1791 859 1864 tenuit
879 1790 973 1864 infra
992 1789 1230 1864 elevationem
1252 1814 1370 1866 sacra-

57 1919 164 2008 menti,
182 1927 259 1992 tum
277 1942 359 1993 eam
375 1918 491 1992 tenuit
510 1921 558 1991 Ι).
581 1917 823 1992 Bernardinus
843 1923 1005 1992 secretus
1020 1916 1261 1991 cubicularius
1282 1943 1368 1992 suus

59 2067 154 2139 usque
169 2044 213 2118 a'd
228 2051 313 2140 post
328 2043 639 2119 communionem.
657 2043 805 2118 Missam
820 2043 1013 2118 celebravit
1027 2047 1150 2116 Rmus.
1170 2043 1212 2114 Ι).
1236 2041 1367 2116 lliero-

56 2191 166 2266 nymus
188 2169 381 2243 cardinalis
416 2169 701 2243 Rechanatensis
731 2175 766 2242 et
794 2192 868 2242 non
892 2167 958 2242 luit
987 2191 1119 2244 sermo.
1144 2167 1224 2242 Alia
1247 2167 1368 2240 omnia

58 2292 223 2368 observata
235 2302 320 2368 suut
335 2318 435 2369 more
452 2293 572 2367 solito.

95 2415 189 2491 leuia
205 2422 348 2514 quarta,
371 2417 545 2490 dmensis
565 2417 698 2508 martii,
721 2418 778 2492 die
799 2418 976 2507 cinerum,
999 2419 1062 2491 SS.
1086 2420 1129 2490 Ι).
1154 2421 1196 2490 N.
1219 2423 1366 2514 paratus

59 2563 141 2614 nore
160 2541 265 2616 solito
295 2542 392 2616 venit
413 2543 459 2616 ad
492 2543 667 2639 capellam
691 2544 868 2639 majorem
890 2541 1011 2638 palatii
1038 2541 1091 2614 sui
1116 2540 1281 2638 predicti,
1305 2541 1366 2616 ubi

60 2663 137 2738 lacta
150 2667 214 2738 sibi
227 2691 295 2764 per
314 2666 514 2740 cardinales
535 2667 736 2742 reverentia
755 2673 928 2741 consueta
949 2665 986 2737 in
1008 2665 1145 2764 cappis,
1167 2665 1367 2741 cardinales

61 2789 180 2865 inlocis
197 2793 271 2866 suis
295 2799 331 2865 et
354 2791 482 2889 prelati
507 2797 609 2866 extra
634 2791 809 2890 capellam
834 2797 1054 2887 acceperunt
1076 2797 1301 2887 paramenta,
1327 2799 1368 2864 ut

60 2913 152 2986 noris
174 2921 227 2988 est
245 2941 253 2990 :
270 2921 348 2988 tum
379 2919 422 2988 Ι).
450 2915 672 3016 Hieronymo
697 2915 894 3014 Calagrauo
922 2916 1142 2990 subdiacono
1167 2915 1366 3012 apostolico

61 3045 165 3132 parato
179 3040 295 3114 bacile
316 3039 479 3114 cinerum
500 3041 546 3114 ad
567 3043 753 3116 dexteram
768 3046 862 3139 Pape
880 3041 1072 3138 genuflexo
1092 3048 1253 3134 tenente,
1271 3047 1367 3141 Papa

61 3163 169 3238 sedens
190 3171 341 3263 propter
366 3165 589 3240 debilitatem
609 3167 792 3240 benedixit
814 3166 970 3257 cinereS,
993 3167 1201 3240 cantoribus
1221 3169 1365 3243 interim

61 3290 263 3365 cantantibus
276 3289 429 3363 Ecaudi
449 3302 529 3380 etc,
549 3291 679 3388 quibus
699 3289 912 3378 benedictis,
928 3287 1084 3385 aspersis
1103 3295 1140 3363 et
1154 3289 1362 3386 incensatis,

62 3413 163 3487 Rmus.
188 3419 230 3489 D.
257 3415 452 3490 cardinalis
481 3441 511 3490 s.
543 3416 639 3490 Petri
670 3415 717 3490 ad
740 3415 911 3505 Vincula,
947 3412 1066 3508 major
1093 3413 1365 3508 penitentiarius

62 3536 299 3632 celebraturus,
324 3541 492 3615 omnihus
515 3541 672 3614 vestibus
700 3540 811 3614 sacris
836 3549 998 3636 paratus,
1015 3539 1123 3614 anulo
1151 3537 1362 3637 pontificali,

63 3659 254 3740 chirothecis
276 3673 313 3739 ct
327 3667 434 3740 mitra
448 3667 616 3764 demptis,
635 3646 865 3763 discooperto
878 3665 1008 3763 capite,
1027 3664 1238 3740 accessitad
1251 3665 1367 3763 ponti-

64 3782 206 3880 licem,et
218 3798 319 3865 stans
330 3791 1065 3890 corameo,Papaimposuitciueresnihil
1078 3791 1366 3881 dicens3deinde

64 3905 206 4006 inposita
220 3917 328 3991 mitra
343 3923 378 3990 et
393 3917 555 4014 gremiali
570 3915 733 4014 pontifici
749 3916 846 3990 dedit
865 3917 943 4012 ipse
964 3915 1105 3990 cineres
1129 3917 1245 4013 primo
1274 3917 1367 3992 cele-

66 4031 159 4112 branti
184 4051 312 4139 postea
343 4042 637 4118 vicecancellario
670 4049 707 4116 et
737 4041 815 4116 aliis
843 4042 1009 4114 omnihus
1032 4065 1134 4115 more
1157 4051 1363 4117 consueto:

66 4161 174 4252 quihus
192 4167 297 4260 datis,
322 4173 419 4265 Papa
439 4167 523 4242 lavit
542 4191 684 4259 manus,
715 4173 858 4241 oratore
880 4172 1104 4244 Venetorum
1130 4189 1261 4263 aquam
1288 4167 1366 4240 lun-

66 4280 151 4360 dente
166 4298 199 4364 et
213 4295 318 4365 Rmo.
343 4295 384 4364 1).
411 4291 594 4366 cardinale
617 4317 646 4365 s.
667 4291 797 4388 hugeli
816 4293 1109 4390 presbyterorum
1130 4291 1366 4366 cardinalium
1443 4337 1450 4346 ·

66 4407 161 4500 priore
175 4418 362 4491 assistente
378 4423 414 4491 et
429 4415 547 4513 ipsum
559 4407 750 4514 'adjuvante
766 4443 774 4508 ;
793 4416 924 4491 deiude
943 4419 1040 4513 Papa
1053 4421 1151 4488 stans
1166 4415 1366 4490 sine-mitra

67 4527 134 4606 uuit
156 4541 352 4615 orationem
381 4549 617 4632 cousuetam3
643 4549 719 4615 tum
749 4541 834 4615 lecit
868 4540 1137 4615 confessionem
1163 4564 1246 4615 cum
1273 4542 1366 4616 cele-

66 4651 167 4734 hante
186 4669 218 4738 et
237 4667 487 4742 continuatum
513 4673 568 4742 est
588 4667 764 4742 officium.
791 4667 937 4740 Missam
959 4665 1152 4740 celebravit
1177 4671 1301 4739 Rmus.
1320 4671 1363 4740 Ι).

67 4782 227 4863 rarhnuis
251 4817 281 4865 s.
308 4793 405 4866 Petri
430 4793 476 4866 ad
494 4793 661 4884 Vincula,
682 4799 718 4866 et
738 4816 811 4865 non
837 4791 903 4863 luit
924 4813 1044 4865 sermo
1069 4814 1115 4865 ex
1139 4814 1196 4882 eo,
1219 4797 1257 4864 ut
1282 4798 1366 4867 tuuc

67 4912 277 5009 asserebatur,
303 4918 400 5015 quod
422 4918 597 5015 magister
619 4919 712 4992 sacri
728 4916 850 5014 palatii
869 4937 1077 4990 sermonem
1097 4915 1273 4990 hodierne
1295 4917 1366 4992 diei

67 5037 266 5118 conmiserat
287 5046 330 5117 Ι).
357 5047 464 5118 Petro
489 5043 697 5117 caudatario
720 5042 813 5117 Rmi.
841 5045 884 5114 Ι).
915 5039 1107 5115 cardinalis
1132 5065 1162 5116 s.
1193 5041 1305 5116 Marci
1330 5049 1366 5117 et
1496 5051 1500 5060 '

69 5150 173 5238 deiude
186 5167 228 5240 ab
246 5193 290 5243 eo
308 5177 537 5245 revocaverat
553 5169 704 5244 etalteri
724 5168 910 5266 capellano
933 5168 1026 5241 Rmi.
1050 5171 1092 5240 Ι).
1117 5168 1309 5243 cardinalis
1332 5194 1362 5243 s.
