3424 6038
63 491 131 556 {ln-tt
149 491 213 556 Ι493]
376 491 502 550 RERUM
526 492 753 550 decadarum
777 491 1039 549 COMMENTARll.
1321 489 1376 542 305

59 673 248 766 opportuno
271 676 428 760 vocatus,
455 671 608 744 accessit
630 669 675 743 ad
694 668 903 766 pontificem
923 667 968 739 ad
989 665 1263 738 ministrandam
1279 665 1377 738 navi-

58 794 160 866 culam
176 799 212 868 et
227 793 382 867 dandam
397 793 463 866 sibi
480 819 622 892 pacem.
642 797 685 867 Et
706 800 792 866 nota
807 793 917 890 quod,
934 799 1125 889 postquam
1148 791 1224 888 ipse
1241 791 1380 863 lledio-

56 917 199 990 lanensis
216 926 299 1015 post
315 919 539 993 offertorium
555 919 802 993 incensaverat
818 917 1043 1014 pontificem,
1069 916 1172 990 rediit
1193 917 1238 989 ad
1256 917 1379 990 locum

56 1043 197 1140 primum
217 1043 279 1117 ubi
302 1050 399 1117 stans
419 1045 484 1118 luit
506 1045 623 1142 primo
649 1045 855 1118 incensatus
871 1043 948 1140 ipse
972 1041 1101 1114 deinde
1123 1039 1182 1113 alii
1209 1041 1279 1114 duo
1301 1041 1378 1114 dia-

56 1167 124 1240 coni
140 1166 343 1240 cardinales
360 1168 588 1258 assistentes,
608 1167 752 1242 interim
770 1189 897 1241 omnes
913 1165 971 1239 alii
988 1166 1191 1239 cardinales
1213 1191 1320 1263 supra
1340 1173 1377 1240 et

56 1292 135 1364 inira
148 1293 318 1365 sedentes
337 1300 375 1365 et
393 1299 473 1389 post
491 1317 573 1366 eum
594 1292 767 1368 sedebant
784 1298 820 1365 et
838 1292 915 1389 ipse
934 1291 1031 1363 solus
1047 1290 1140 1364 inter
1159 1313 1222 1364 eos
1243 1291 1372 1364 stabat.

57 1415 193 1504 Deinde,
206 1416 403 1490 incensatis
418 1417 495 1490 istis
512 1417 652 1492 duobus
666 1416 908 1492 cardinalibus
923 1415 1188 1506 assidentibus,
1203 1416 1376 1489 sederunt

55 1541 112 1637 ipsi
130 1545 200 1614 tres
228 1549 267 1615 et
284 1543 342 1616 alii
361 1566 487 1616 omnes
520 1545 722 1618 cardinales
747 1547 979 1617 surrexerunt
1003 1549 1039 1615 et
1066 1547 1243 1614 steterunt
1263 1563 1377 1635 usque

55 1667 92 1738 ad
114 1665 221 1740 finem
253 1667 525 1743 incensationis.
556 1674 597 1742 Et
623 1670 719 1743 solus
736 1667 1017 1742 Mediolanensis
1034 1665 1198 1756 sedebat,
1228 1672 1264 1738 et
1285 1665 1378 1736 bene

56 1799 85 1864 et
108 1792 378 1884 convenienter,
410 1794 455 1869 de
485 1819 557 1891 quo
582 1794 649 1893 ipsi
674 1793 886 1868 assistentes
913 1799 984 1866 tres
1008 1791 1102 1865 inter
1126 1814 1164 1864 se
1189 1789 1383 1886 plurimum

56 1915 225 1992 videbant.

96 2047 134 2115 R.
153 2047 191 2116 Ρ.
211 2047 257 2116 Ι).
278 2043 471 2142 episcopus
493 2045 716 2119 Ameriensis
740 2044 933 2119 celebravit
959 2043 1120 2116 missam.
1150 2039 1250 2116 Dixit
1272 2059 1381 2112 unam

58 2168 250 2242 orationem
277 2174 431 2258 tantum,
466 2169 593 2260 Crede,
627 2176 662 2244 et
693 2169 933 2267 prelationem
967 2167 1012 2242 de
1045 2166 1229 2266 apostolis.
1273 2169 1381 2238 Facta

57 2291 245 2366 elevatione
261 2292 476 2366 sacramenti
497 2299 673 2372 venerunt
692 2293 851 2389 religiosi
872 2297 907 2364 et
929 2291 1047 2364 clerus
1073 2291 1176 2365 Urbis
1197 2315 1279 2364 cum
1300 2312 1381 2387 pro-

58 2417 273 2492 cessionibus
297 2440 399 2491 more
421 2426 609 2493 consueto.
633 2417 799 2516 Episcopi
822 2415 935 2514 parati
957 2439 1039 2489 cum
1060 2417 1223 2490 viderent
1249 2413 1380 2513 Papam

58 2546 87 2612 ct
108 2547 229 2614 essent
260 2563 371 2638 prope
398 2541 525 2632 altare,
556 2543 727 2639 depositis
755 2543 891 2633 mitris,
920 2541 1077 2615 venerati
1101 2549 1183 2614 sunt
1206 2541 1318 2615 altare
1346 2547 1383 2616 et

60 2669 179 2761 Papam
194 2667 315 2765 primo
335 2666 381 2740 ad
395 2691 503 2764 quem
519 2668 648 2743 faciem
672 2671 858 2743 vertebant
880 2667 1010 2742 deinde
1034 2667 1159 2756 altare,
1183 2669 1380 2762 quodcum
1503 2695 1506 2702 ·

60 2793 347 2886 pertransissent,
371 2799 683 2890 reassumpserunt
706 2793 844 2866 mitras.
871 2791 986 2865 Finita
1010 2791 1133 2878 missa,
1163 2795 1258 2887 Papa
1289 2789 1385 2864 dedit

60 2917 340 2994 benedictionem
364 2917 579 3010 solemnem,
603 2927 641 2991 ut
662 2919 773 2992 moris
797 2924 864 3006 est,
887 2922 923 2990 et
940 2913 1181 3011 indulgentias
1201 2915 1379 3010 plenarias

62 3065 139 3137 quas
154 3043 350 3142 publicavit
364 3043 574 3133 celebrans,
598 3042 726 3116 deinde
751 3042 853 3115 rediit
869 3041 915 3114 ad
936 3039 1136 3113 sacristiam
1162 3039 1222 3111 ubi
1250 3035 1386 3112 dimisit

62 3189 171 3240 sacras
185 3174 305 3242 vestes
325 3193 332 3240 :
352 3171 449 3264 Papa
463 3190 548 3241 vero
564 3167 763 3264 expectavit
782 3165 891 3240 linem
906 3163 1147 3262 processionis
1161 3163 1196 3234 in
1214 3163 1303 3235 solio
1318 3188 1383 3236 suo

62 3291 177 3366 sedens
192 3299 231 3366 ut
254 3292 290 3365 in
306 3291 434 3376 missa;
456 3291 658 3365 cardinales
679 3291 787 3365 etiam
808 3299 842 3366 et
863 3291 920 3365 alii
943 3313 1069 3364 omnes
1091 3288 1262 3361 sederunt
1277 3294 1384 3383 prout

62 3413 92 3486 in
105 3439 196 3490 anno
211 3416 386 3516 preterito
403 3415 617 3490 dictumest.
635 3419 743 3489 Facta
756 3416 986 3489 consessione
997 3437 1064 3511 per
1077 3417 1223 3510 Papam,
1238 3419 1385 3487 senator

63 3545 92 3612 et
105 3549 377 3618 conservatores
390 3563 473 3613 cum
495 3539 568 3612 suis
590 3541 807 3615 circuierunt
828 3541 940 3615 altare
959 3548 995 3613 et
1019 3538 1224 3612 obtulerunt
1247 3537 1386 3611 intorti-

65 3665 147 3739 rium
170 3667 243 3741 sive
269 3688 415 3742 cereum
435 3688 548 3736 unum
570 3689 743 3763 magnum
768 3690 870 3740 more
892 3671 1082 3739 consueto.
1106 3664 1221 3736 Finita
1241 3687 1386 3760 proces·
1435 3733 1443 3746 ,

65 3787 166 3878 sicne,
186 3791 251 3864 SS.
270 3791 313 3862 D.
332 3793 389 3878 N.‚
404 3790 577 3886 depositis
594 3789 688 3888 apud
699 3791 810 3865 altare
821 3789 964 3888 pluviali
979 3797 1015 3863 et
1029 3788 1148 3878 mitra,
1165 3809 1231 3885 per
1244 3785 1385 3860 tinellos

65 3913 213 3988 ascendit
237 3915 284 3987 ad
309 3915 494 4011 palatium.
521 3915 619 3989 Fecit
641 3915 832 4013 prandium
860 3915 995 3989 ibidem
1020 3913 1055 3987 in
1080 3913 1266 4010 superiore
1290 3913 1387 3986 lodia

66 4035 148 4112 horti
163 4048 198 4114 et
221 4063 307 4114 cum
330 4063 374 4114 eo
388 4039 513 4113 RRmi.
542 4042 618 4113 DD.
641 4039 971 4131 vicecancellarius,
991 4064 1021 4113 s.
1040 4037 1136 4113 Petri
1154 4038 1199 4111 ad
1216 4038 1382 4126 Vincula,

30 4247 36 4258 ,
68 4163 323 4262 audegavensis
337 4171 373 4239 et
390 4165 561 4240 Senensis
578 4163 792 4238 cardinales.
812 4169 937 4237 Rmus.
957 4167 1000 4236 D.
1019 4161 1209 4236 cardinalis
1226 4185 1254 4233 s.
1274 4159 1384 4234 Marci

68 4283 140 4361 iecit
152 4287 342 4387 prandium
358 4313 442 4363 eum
457 4289 604 4387 prelatis
622 4313 629 4378 ;
647 4290 705 4363 alii
719 4289 920 4363 cardinales
938 4311 1064 4362 omnes
1079 4291 1317 4360 recesserunt.

112 4416 147 4485 ln
165 4439 246 4488 sero
261 4417 359 4490 circa
378 4417 506 4490 horam
521 4439 598 4490 xxn
616 4418 679 4490 SS.
701 4419 742 4488 l).
762 4418 804 4488 N.
820 4422 967 4512 paratus
984 4419 1021 4486 ut
1038 4413 1110 4485 hoc
1126 4435 1246 4503 mane,
1262 4435 1386 4508 prece-

70 4533 164 4612 dente
177 4563 285 4614 crucc
302 4547 337 4614 et
355 4542 588 4638 sequentibus
606 4541 723 4638 ipsum
738 4539 979 4613 cardinalibus
1000 4536 1169 4635 perviam
1186 4535 1384 4609 Pelliciauie

70 4669 141 4735 auto
155 4663 302 4740 domum
321 4665 366 4740 de
382 4665 546 4740 Maximis
563 4689 629 4763 per
645 4667 735 4739 viam
755 4665 873 4762 campi
889 4665 992 4737 Flore
1014 4663 1193 4736 divertens
1215 4685 1282 4758 per
1299 4665 1388 4734 Rec-

73 4787 147 4877 tam,
162 4790 289 4864 deinde
302 4790 408 4864 rediit
423 4791 468 4864 ad
481 4791 654 4888 palatium
671 4797 706 4865 et
720 4789 819 4863 dedit
838 4789 1021 4862 licentiam
1037 4785 1277 4860 cardinalibus
1294 4787 1390 4862 circa

74 4911 292 4988 ecclesiams.
319 4915 427 4989 Celsi.

116 5039 185 5114 lloe
207 5065 314 5116 mane
341 5047 461 5116 autem
479 5041 575 5114 venit
591 5063 656 5138 per
673 5042 778 5115 aliam
803 5041 909 5130 viam,
932 5065 1015 5113 nam
1038 5041 1133 5114 circa
1154 5039 1346 5114 ecclesiam
1363 5063 1390 5111 s.

77 5161 156 5235 Celsi
173 5165 312 5240 divertit
328 5166 373 5240 ad
389 5166 571 5241 sinistram
586 5171 620 5240 et
636 5167 732 5240 circa
744 5165 871 5239 turrim
892 5165 1135 5262 Sanguineam
1148 5165 1192 5238 ad
1206 5164 1390 5239 dexteram

1093 5273 1101 5299 a

202 5325 227 5365 τ.
243 5329 261 5365 ι.
1216 5309 1252 5362 20
