3600 6094
109 479 261 546 [rossam]
434 475 561 534 annun
585 453 813 535 unusuaauiu
838 475 1100 538 oouuuumnu.
1395 485 1431 542 ss

107 633 248 720 siarum,
274 637 311 704 et
334 628 405 703 alia
432 630 554 704 omnia
577 637 613 704 et
642 630 781 727 singula
808 633 986 708 beneficia
1016 633 1052 706 in
1075 633 1180 706 dictis
1207 633 1364 708 basilicis
1392 642 1429 708 et

104 757 262 833 ecclesiis
286 763 322 832 et
345 756 424 830 aliis
448 757 734 853 quibuscumque
759 759 936 851 vacantia,
960 783 1023 834 seu
1050 758 1222 855 deinceps
1241 765 1425 849 vacatura,

104 905 171 954 non
198 879 385 954 conteram
413 904 531 976 neque
556 881 820 956 commendabo
846 906 964 979 neque
996 883 1041 956 de
1066 883 1153 980 ipsis
1178 885 1297 982 aliquo
1322 886 1430 958 modo

103 1001 292 1102 providebo
312 1002 391 1075 aliis
410 1025 519 1098 quam
542 1003 677 1076 civibus
702 1005 873 1094 romaniS,
897 1006 1006 1080 etiam
1028 1007 1056 1078 si
1077 1011 1309 1102 monasteria,
1333 1013 1430 1110 prio-

104 1135 195 1203 ratus
221 1134 258 1204 et
276 1128 399 1226 quevis
428 1128 498 1202 alia
520 1129 700 1202 beneficia
724 1153 1036 1230 quorumcumque
1063 1134 1229 1208 ordinum
1253 1137 1430 1233 regularia

104 1255 234 1344 lorenl;
253 1261 291 1330 et
305 1255 402 1328 idem
417 1255 576 1328 tacturos
596 1277 634 1327 se
656 1255 864 1330 obtulerunt
883 1263 919 1330 et
934 1257 1139 1355 obligarunt
1158 1261 1294 1333 domini
1311 1263 1429 1336 cardi-

103 1383 199 1456 nales
221 1383 268 1456 dc
289 1380 477 1456 beneficiis
501 1380 545 1454 ad
569 1379 730 1477 ipsorum
759 1381 987 1456 collationem
1017 1387 1262 1482 spectantibus
1291 1388 1429 1461 ratione

105 1508 298 1598 titulorum,
323 1513 384 1581 aut
403 1506 702 1580 commendarum
722 1531 881 1600 suarum,
904 1533 994 1605 quas
1014 1510 1050 1582 iu
1071 1512 1166 1584 Urbe
1187 1513 1350 1586 obtinent
1366 1536 1429 1585 seu

105 1657 165 1732 pro
184 1641 350 1732 tempore
376 1629 589 1704 obtinebunt
609 1635 644 1702 et
669 1629 834 1704 similiter
857 1632 901 1704 de
922 1633 1052 1706 officiis
1075 1633 1182 1730 hujus
1205 1635 1299 1709 alme
1325 1636 1430 1709 Urbis

105 1759 284 1834 consuetis
306 1758 384 1832 dari
410 1757 546 1832 civibus
570 1757 729 1830 romanis
752 1781 826 1830 non
849 1759 1056 1856 providebo,
1079 1761 1148 1834 nisi
1168 1761 1255 1859 ipsis
1279 1762 1427 1852 civibus,

104 1886 206 1959 eliam
221 1886 267 1958 de
284 1881 594 1981 prothonotariatu
610 1881 786 1978 Capitolii,
808 1905 882 1955 uon
904 1885 1067 1958 obstante
1088 1885 1165 1982 ejus
1185 1885 1317 1960 unione
1337 1888 1431 1961 lacta

104 2010 269 2108 hospitali
289 2035 318 2082 s.
338 2007 489 2106 Spiritus
509 2007 545 2080 in
567 2005 674 2080 Saxia
688 2031 754 2104 per
767 2007 827 2080 lel.
847 2031 922 2084 rec.
940 2009 1126 2084 dominum
1147 2011 1285 2086 Sixtum
1300 2035 1429 2110 papam

88 2143 266 2232 ‚quartum
282 2134 580 2233 predecessorem
594 2138 759 2206 nostrum
776 2130 835 2232 (l).

147 2267 249 2355 llem,
270 2286 353 2335 cum
367 2285 520 2358 persepe
535 2259 720 2357 contingat
735 2260 936 2334 cardinales
951 2261 996 2334 ad
1010 2263 1181 2360 palatium
1191 2263 1429 2360 apostolicum

104 2413 138 2464 se
154 2390 320 2464 conferre
335 2387 442 2461 variis
461 2411 506 2460 ex
526 2386 644 2460 causis
664 2392 700 2460 et
719 2385 929 2483 pontificem
948 2411 1014 2484 pro
1030 2393 1192 2486 tempore
1212 2388 1427 2463 existentem

105 2521 341 2613 occupatum,
380 2512 476 2586 illico
510 2536 573 2586 eos
606 2512 730 2585 audire
765 2535 839 2585 non
876 2537 1005 2610 posse,
1041 2513 1320 2610 detrabaturque
1354 2537 1427 2586 non

104 2642 281 2716 modicum
311 2639 473 2737 dignitati
503 2645 643 2731 eorum,
668 2639 755 2712 dum
781 2638 981 2713 cardinales
1010 2638 1077 2736 ipsi
1108 2645 1341 2737 expectantes
1364 2663 1429 2711 au-

103 2768 269 2842 dientiam
297 2765 502 2865 permixtim
534 2789 616 2838 cum
646 2763 724 2838 aliis
756 2787 831 2839 non
863 2764 1105 2838 cardinalibus
1134 2764 1171 2838 in
1199 2765 1318 2862 aliquo
1346 2765 1427 2838 loco

103 2900 191 2968 stare
212 2891 408 2988 contingit,
430 2895 536 2987 prout
555 2913 814 2985 nonnunquam
837 2889 972 2964 sactum
992 2889 1059 2964 luit
1078 2889 1267 2964 retroactis
1291 2895 1430 2987 tempo-

103 3019 207 3110 ribus,
223 3025 263 3092 ut
281 3017 488 3114 hujusmodi
508 3018 640 3090 abusus
660 3017 923 3109 submoveatur,
946 3023 984 3090 ut
1003 2999 1121 3107 decet,
1144 3022 1180 3090 et
1199 3023 1296 3090 tante
1315 3017 1429 3114 digui-

103 3145 159 3218 tati
183 3167 257 3218 nou
282 3145 504 3218 detrabatur.
537 3143 619 3219 Pari
647 3143 755 3216 modo
779 3165 908 3231 voveo,
932 3143 1014 3239 juro
1045 3149 1081 3214 et
1109 3142 1278 3238 promitto
1306 3141 1427 3214 locum

103 3269 256 3344 debitum
272 3275 310 3344 et
324 3271 517 3344 honestum
532 3268 669 3344 eisdem
685 3267 926 3342 cardinalibus
946 3290 1010 3363 pro
1030 3266 1236 3364 hujusmodi
1257 3273 1427 3363 expecta-

103 3394 193 3469 tione
218 3397 257 3470 in
287 3394 420 3493 palatio
448 3395 647 3493 apostolico
671 3401 708 3469 et
735 3395 816 3468 loco
846 3391 1059 3482 residentia,
1091 3391 1128 3464 in
1156 3415 1227 3488 quo
1257 3415 1316 3465 me
1346 3417 1427 3467 esse

102 3521 303 3620 contigerit,
320 3519 518 3619 assignare,
537 3526 574 3595 ct
593 3520 659 3593 sub
680 3517 898 3616 gravissimis
918 3517 1080 3592 censuris
1100 3523 1137 3591 et
1155 3515 1259 3614 penis
1279 3517 1427 3592 cubicu-

100 3645 192 3720 lariis
210 3653 247 3721 et
267 3645 347 3720 aliis
369 3647 413 3720 ad
431 3667 521 3743 quos
540 3645 736 3744 pertinebit
751 3644 929 3734 inhibere,
947 3667 992 3717 ne
1008 3643 1080 3717 ullo
1095 3647 1261 3740 pretextu
1275 3641 1313 3714 in
1327 3641 1427 3717 illum

102 3770 250 3867 aliquem
289 3771 538 3862 introducant,
578 3770 687 3844 eliam
725 3777 906 3845 oratorem
944 3769 1191 3868 imperatoris,
1232 3793 1357 3866 regum
1392 3775 1428 3842 et

101 3896 245 3972 aliomm
274 3903 538 3995 potentatuum,
562 3896 671 3971 etiam
695 3919 778 3970 cum
801 3895 962 3993 ipsorum
987 3895 1220 3969 cardinalium
1245 3895 1333 3967 inibi
1362 3917 1427 3991 pro

102 4028 258 4122 tempore
275 4021 506 4098 existentium
527 4045 698 4120 expresso
715 4043 907 4110 consensu,
926 4021 989 4094 sed
1004 4021 1125 4095 locum
1139 4021 1256 4117 ipsum
1271 4019 1428 4092 liberum

101 4148 276 4225 dimittant
307 4149 507 4248 receptioni
536 4154 573 4222 et
600 4145 838 4248 expectationi
868 4169 911 4222 ac
939 4145 1239 4222 collocutionibus
1266 4145 1428 4219 cardina-

102 4273 181 4348 lium
195 4277 454 4375 predictorum.

146 4407 248 4494 Item,
266 4401 452 4501 promitto,
469 4425 579 4476 voveo
595 4407 633 4476 ut
655 4425 774 4498 supra,
796 4398 893 4497 quod
912 4397 948 4472 in
972 4395 1216 4496 spiritualibus
1236 4401 1273 4470 el
1291 4401 1428 4490 tempo·

104 4527 243 4621 rabbus,
257 4553 328 4627 que
344 4529 508 4628 graviora
523 4534 606 4603 sunt
622 4535 657 4602 et
673 4527 793 4626 magni
808 4523 997 4616 momenti,
1013 4529 1145 4598 statum
1161 4521 1323 4595 Ecclesia
1341 4541 1429 4616 quo-

104 4657 296 4750 quomodo
320 4655 636 4747 concernentibus,
658 4655 792 4728 nullam
811 4651 1100 4750 jurisdictionem
1120 4654 1181 4721 aut
1201 4645 1429 4720 administra-

29 4871 34 4884 ·
104 4773 231 4856 tionem
245 4781 454 4880 promittam
467 4787 528 4856 aul
540 4780 787 4878 dabo,quovis
799 4777 938 4877 quesite
950 4772 1226 4870 colore,cuique
1238 4771 1428 4846 homiuum

134 5003 158 5060 l.
178 5005 229 5064 Ges
244 5011 442 5082 engagemauts
457 5023 492 5063 en
506 5005 601 5064 lavaur
612 5004 650 5062 du
664 5001 763 5079 peuple
777 5000 881 5059 romain
896 4999 1006 5058 avaient
1020 4999 1083 5074 ddja
1100 5001 1143 5056 ete
1157 4993 1219 5058 laits
1229 5005 1334 5073 ‚quatre
1346 4996 1426 5068 jours

105 5103 272 5167 superarunt,
289 5115 343 5154 aux
357 5102 566 5154 conservateurs
580 5095 614 5151 de
630 5095 654 5152 lo
668 5093 737 5158 ville,
753 5109 803 5167 par
817 5092 842 5149 le
857 5091 939 5148 Sacro
954 5089 1073 5164 Collega.
1090 5087 1162 5165 ch.
1178 5088 1204 5145 le
1218 5085 1331 5146 Journal
1347 5083 1426 5139 d'ln-

106 5179 202 5243 lessura
214 5186 286 5245 daus
296 5186 408 5257 Eccard,
423 5194 444 5245 t.
456 5187 491 5258 Il,
507 5185 558 5244 col.
570 5186 650 5244 teto.
