3436 6038
299 478 352 534 176
752 473 929 531 JOHANNIS
955 471 1176 542 nuncllnnbr,
1464 478 1535 543 [llars
1550 485 1609 550 rua}

299 629 430 704 blicam
445 629 482 702 in
497 619 635 727 capella
654 631 829 727 predicta,
855 635 951 728 Papa
972 632 1122 705 absente
1142 656 1150 704 ε
1170 652 1378 706 sermonem
1399 633 1482 708 lecit
1503 659 1615 733 procu-
1704 688 1708 697 ·

306 763 404 829 rator
417 755 552 829 ordinis
566 755 823 831 heremitarum
836 781 865 830 s.
883 756 1088 854 Augustini.
1130 833 1134 840 ,

348 879 453 956 Feria
472 879 610 977 quinta',
634 885 654 953 2
677 881 809 972 martii,
834 883 871 954 iu
896 905 1018 972 mane,
1045 883 1141 956 circa
1157 884 1286 957 horam
1311 907 1388 974 rur,
1415 888 1617 961 associatum
1702 892 1707 907 '

306 1008 371 1082 luit
389 1006 543 1082 cadaver
558 1009 602 1080 D.
633 1007 752 1081 Lazari
780 1007 890 1080 Auria
915 1007 1067 1081 oratoris
1091 1009 1292 1082 Genueusis
1313 1010 1372 1106 qui
1397 1015 1443 1083 28
1464 1009 1619 1086 februarii
1702 982 1707 1029 ²

305 1131 468 1230 proxime
479 1131 639 1228 preteriti
655 1132 755 1221 obiit,
773 1139 809 1207 et
824 1133 962 1208 viscera
977 1141 1013 1208 et
1028 1133 1098 1207 alia
1112 1134 1286 1209 interiora
1300 1141 1462 1209 extracta
1475 1135 1618 1222 inerunt,

304 1263 343 1330 ut
357 1262 668 1354 preservarentur;
682 1258 821 1330 adomo
833 1257 869 1330 in
885 1259 1051 1356 opposito
1062 1259 1160 1334 curie
1170 1258 1407 1355 primatorum
1417 1261 1453 1334 in
1464 1284 1534 1357 qua
1545 1262 1621 1336 obiit

305 1383 352 1456 ad
366 1380 552 1456 basilicam
571 1405 601 1453 s.
623 1382 718 1456 Petri
739 1383 1002 1456 associantibus
1030 1383 1149 1480 ipsum
1174 1383 1338 1472 funestis,
1354 1379 1499 1457 'familia
1522 1388 1619 1482 Papa,

305 1506 496 1582 duodecim
520 1507 667 1606 prelatis
692 1511 728 1580 et
753 1507 968 1603 quibusdam
991 1507 1068 1580 aliis
1087 1507 1256 1602 invitatis.
1289 1509 1417 1583 Nescio
1440 1507 1519 1604 quis
1542 1509 1622 1583 ordo

304 1633 413 1708 fuerit
434 1633 656 1721 observatus,
678 1631 825 1729 quial).
854 1632 1040 1720 Mauritius
1062 1632 1149 1708 Cibo
1170 1633 1282 1708 trater
1301 1637 1396 1730 Papo
1420 1633 1520 1708 dedit
1537 1657 1624 1708 com·
1696 1648 1704 1779 Ι

304 1760 514 1834 missionem
539 1765 575 1834 et
595 1781 718 1834 curam
737 1756 892 1831 Johanni
911 1756 1023 1832 Maria
1037 1757 1137 1832 socio
1153 1782 1249 1844 meo,
1272 1762 1347 1858 qni,
1366 1769 1403 1837 nt
1423 1763 1521 1854 sciri,
1539 1763 1625 1837 ordi·

304 1885 398 1959 navit
423 1884 509 1959 satis
528 1885 623 1958 male
646 1883 779 1958 omnia.
803 1883 902 1958 Fecit
924 1883 1001 1957 dari
1026 1885 1196 1960 candelas
1216 1911 1366 1985 magnas
1386 1889 1552 1979 funestis,
1574 1891 1625 1985 qui

306 2011 382 2085 sine
400 2011 496 2085 bono
523 2010 649 2086 ordine
674 2017 849 2084 venerunt
877 2011 923 2083 ad
947 2009 1133 2084 basilicam
1158 2013 1371 2109 predictam,
1396 2017 1528 2113 quibus
1554 2037 1627 2090 cum

305 2135 451 2234 prelatis
475 2135 510 2209 in
536 2137 649 2210 choro
672 2135 931 2210 canonicorum
953 2145 1036 2210 anta
1054 2137 1167 2213 altaro
1192 2139 1296 2215 beata
1321 2141 1433 2216 ltlarie
1456 2149 1493 2217 et
1515 2163 1628 2216 sacra-

304 2261 415 2336 menti
431 2260 647 2336 constitutis.
662 2263 787 2335 Frater
800 2260 914 2334 Adam
930 2261 1106 2335 Barbarus
1122 2262 1208 2336 lecit
1220 2263 1413 2358 quemdam
1426 2287 1626 2338 sermonem

304 2387 481 2486 prolixum
498 2386 603 2460 unius
618 2387 708 2460 bore
724 2387 815 2460 ultra
831 2387 876 2460 ad
891 2411 999 2483 quern
1015 2411 1083 2485 ego
1102 2387 1194 2478 veni,
1213 2395 1262 2478 et,
1282 2411 1325 2463 eo
1339 2388 1453 2476 finito,
1473 2389 1625 2464 ordinari

305 2513 402 2610 quod
425 2512 557 2586 funesti
584 2536 606 2587 a
629 2512 835 2586 cursoribus
856 2496 1022 2588 associati
1041 2513 1086 2586 ad
1108 2513 1255 2587 domum
1277 2513 1436 2588 defuncti
1460 2515 1627 2612 preirent,

307 2644 342 2712 et
357 2636 415 2712 alii
435 2637 528 2711 irent
540 2661 612 2734 quo
626 2637 768 2711 vellent.

355 2762 541 2836 Dominica
570 2766 698 2836 Letnre
724 2769 852 2860 quarta
881 2765 1175 2861 quadragesime,
1210 2765 1388 2855 dmartii,
1427 2770 1491 2841 SS.
1526 2771 1568 2840 D.
1592 2769 1628 2840 N.

309 2887 437 2960 stolam
462 2887 600 2960 habens
620 2911 728 2984 supra
747 2889 935 2962 rochetum
957 2895 992 2964 et
1015 2890 1198 2988 caputium
1220 2915 1324 2964 suum
1350 2892 1386 2964 in
1409 2916 1557 2968 camera
1577 2918 1632 2966 sua

306 3017 446 3088 secreta
460 3011 643 3086 benedixit
658 3036 777 3085 rosam
797 3015 1024 3110 presentibus
1045 3015 1287 3090 cardinalibus
1303 3017 1363 3114 qui
1385 3017 1516 3094 deinde
1533 3018 1633 3092 simut

305 3162 388 3212 cum
412 3141 509 3234 Papa
534 3143 570 3212 et
592 3161 699 3212 cruce
723 3146 897 3213 venerunt
920 3139 966 3214 ad
994 3141 1168 3239 capellam
1195 3143 1373 3240 majorem
1392 3143 1466 3218 bini
1488 3151 1524 3218 et
1550 3143 1630 3232 bini,

307 3263 529 3362 dignioribus
545 3263 836 3361 precedentibus.
856 3265 996 3339 Primus
1017 3267 1193 3364 processit
1212 3271 1256 3340 D.
1284 3268 1441 3342 Sinollus
1458 3267 1520 3367 (l),
1539 3269 1634 3344 clari-

307 3411 370 3461 cus
395 3411 552 3479 camere,
580 3411 702 3462 rosam
721 3395 868 3486 portans
884 3389 1050 3492 quamjn
1070 3391 1166 3464 dicta
1185 3390 1322 3488 capella
1346 3415 1455 3488 supra
1479 3393 1632 3466 medium

307 3513 432 3587 attaris
460 3513 589 3612 posuit.
611 3517 736 3586 Rmus.
769 3516 812 3586 [t.
842 3503 1033 3598 cardinalis
1061 3516 1246 3612 Agriansis
1271 3517 1465 3592 celebravit
1489 3518 1632 3591 missam

308 3636 486 3732 publicam
502 3638 685 3711 consuetis
703 3639 941 3713 ceremoniis:
958 3663 1164 3718 sermonem
1181 3642 1492 3738 lecitprocurator
1504 3642 1634 3716 ordinis

309 3761 589 3835 carmelitarum.
610 3761 727 3836 Finita
745 3763 870 3854 missa,
888 3773 1119 3840 recesserunt
1138 3787 1280 3858 omneS,
1305 3790 1389 3842 rosa
1407 3791 1519 3865 super
1539 3764 1634 3841 altari

309 3885 444 3978 relicta,
470 3887 573 3984 cujus
590 3911 714 3961 curam
730 3889 879 3964 sacrista
893 3892 1029 3967 habuit.

356 4011 545 4086 [lominica
570 4013 747 4109 passionis
777 4015 900 4110 quinta
921 4018 1211 4117 quadragesime,
1238 4027 1281 4094 12
1306 4019 1438 4111 martii,
1466 4019 1509 4094 R.
1530 4025 1569 4094 P.
1593 4021 1630 4092 D.

307 4135 472 4211 Clemens
497 4137 687 4235 episcopus
712 4139 935 4218 Mimatansis
956 4142 1016 4242 (2),
1040 4146 1231 4221 cardinalis
1252 4171 1281 4218 s.
1308 4146 1401 4220 Petri
1424 4145 1470 4220 ad
1487 4145 1632 4222 Vincula

307 4288 432 4362 nepos,
463 4265 656 4340 celebravit
679 4267 826 4340 missam
854 4268 1047 4366 publicam,
1079 4269 1261 4344 consuetis
1285 4269 1515 4358 ceremoniis,
1543 4272 1632 4364 Papa

305 4397 485 4487 presente.
509 4394 723 4464 Sermonem
743 4390 830 4466 fecit
852 4397 893 4465 R.
913 4397 952 4466 P.
976 4398 1019 4468 Ι).
1045 4395 1144 4468 Titus
1162 4395 1354 4493 episcopus
1375 4393 1576 4470 Castrensis
1598 4391 1630 4464 in

306 4513 535 4610 patrimonio,
554 4514 590 4587 in
606 4513 749 4610 pluviali
770 4516 927 4593 violaceo
944 4527 980 4594 et
999 4520 1106 4594 mitra
1120 4519 1213 4613 alba,
1227 4541 1334 4617 quam
1349 4525 1433 4617 post
1448 4518 1628 4593 salutatio-
1694 4603 1696 4609 A

343 4809 371 4862 l·
392 4831 405 4858 n
426 4807 460 4866 Et
479 4810 557 4882 male,
579 4811 707 4886 quoniam
723 4813 795 4892 Papa
816 4811 929 4871 absente
962 4813 1000 4871 rel
1020 4833 1086 4882 non,
1110 4815 1204 4873 debuit
1226 4815 1328 4891 portari
1351 4815 1392 4874 vel
1417 4816 1511 4875 saltem
1528 4815 1629 4874 occulte

317 4913 401 4970 super
417 4898 492 4956 altari
514 4901 605 4958 locari.
626 4925 640 4953 n
660 4902 737 4961 Certe
757 4920 908 4978 rcrnarquc,
929 4903 1217 4962 rraiscmbtablemcnt
1238 4907 1272 4962 de
1287 4906 1366 4964 Paris
1381 4908 1415 4964 de
1434 4908 1551 4978 Grassis,
1564 4905 1630 4963 n'est

317 4983 425 5043 donuae
441 5005 494 5062 que
507 4992 604 5064 parles
616 5011 686 5050 msa.
707 4993 766 5062 147,
775 4993 856 5060 5158,
872 4993 956 5056 5¹59.

348 5077 376 5132 2.
406 5077 585 5151 Mimatansis,
614 5083 722 5144 Mende.
746 5084 883 5158 Qnelqucs
915 5101 982 5140 mss.
1007 5085 1098 5154 (5158,
1118 5087 1200 5158 5159)
1220 5087 1343 5145 donncnt
1365 5073 1629 5152 niniatensis.‘taun

324 5165 459 5234 evidente,
476 5169 531 5227 San
545 5171 657 5231 Miniato
672 5173 786 5248 n’npant
799 5178 841 5230 tte
861 5173 935 5247 erige
956 5191 990 5230 en
1006 5174 1105 5231 breche
1119 5177 1199 5250 qu'en
1215 5177 1293 5247 1622,
1309 5195 1359 5252 par
1372 5179 1501 5254 Gregoire
1512 5175 1571 5235 XV.
