3422 6034
98 531 227 599 [taurise]
401 532 528 593 RERUM
552 533 780 593 URBANARUM
804 532 1067 593 contraduntur.
1346 528 1399 588 355

96 697 154 780 est;
178 695 306 787 etpost
331 689 624 764 benedictionem
651 691 750 766 dedit
776 691 1017 788 indulgentias
1039 688 1220 786 plenarias
1250 711 1337 784 quas
1362 687 1399 762 in

96 815 188 888 latino
202 813 242 889 de
258 818 355 889 Fuxo
371 821 408 889 et
425 815 463 888 in
485 816 620 916 vulgari
636 816 681 890 de
700 816 874 891 Columna
890 814 1013 889 RRmi.
1040 812 1182 888 diaconi
1199 811 1401 888 cardinales

94 961 177 1013 more
187 937 284 1012 solito
297 939 537 1036 publicarunt.

131 1067 306 1140 Sabbatotl
315 1068 422 1165 junii,
439 1069 559 1166 uigilia
574 1053 823 1162 Pentecosten,
851 1069 999 1143 luerunt
1021 1089 1171 1165 vespere
1192 1065 1340 1164 papales
1362 1063 1399 1138 iu

93 1193 209 1287 capella
234 1195 373 1293 majore
395 1196 569 1292 predicta,
597 1199 693 1294 Papa
717 1201 887 1295 presente
912 1201 947 1270 et
973 1192 1181 1290 incipiente,
1214 1197 1251 1266 el
1273 1190 1310 1264 iu
1339 1189 1396 1264 die

92 1319 317 1416 sequentique
333 1321 399 1396 luit
410 1322 543 1399 testum
560 1329 793 1400 Pentecosten
805 1321 870 1395 luit
885 1320 997 1393 missa
1011 1316 1182 1392 solemnis
1195 1316 1233 1390 in
1247 1315 1396 1390 basilica

92 1444 271 1541 supradicta
287 1469 395 1542 quam
411 1449 606 1526 celebravit
622 1456 746 1524 Rmus.
757 1453 800 1521 D.
817 1443 1008 1521 cardinalis
1023 1441 1290 1542 andegavensis
1304 1441 1396 1540 epis·

92 1591 184 1666 copus
196 1570 422 1666 albanensis,
437 1579 534 1674 Papa
545 1583 729 1675 presente.
743 1578 807 1651 SS.
817 1577 859 1646 D.
869 1577 993 1646 noster
1005 1568 1207 1643 noluitheri
1219 1570 1395 1668 hymnum
1517 1627 1527 1644 .

91 1700 119 1767 et
131 1695 228 1771 hodie
242 1696 279 1770 in
295 1697 407 1772 missa
420 1724 563 1775 versum
578 1701 750 1791 Alleluia,
777 1698 865 1773 Veni
887 1707 1006 1770 sancte
1021 1693 1190 1792 Spiritus,
1212 1693 1372 1792 incipere
1387 1717 1395 1784 ;

91 1820 340 1920 sedutrumque
362 1831 528 1901 cantores
544 1827 758 1925 inceperunt
783 1830 819 1898 et
841 1823 1023 1922 prosecuti
1045 1829 1127 1898 sunl
1147 1845 1249 1898 more
1274 1819 1395 1896 solito.
1419 1862 1420 1866 ¹

90 1949 283 2023 Sermonem
298 1949 384 2024 lecit
401 1954 443 2023 R.
458 1951 495 2024 in
516 1951 657 2026 Christo
675 1955 715 2023 P.
734 1955 777 2024 D.
796 1949 894 2022 Titus
910 1948 1104 2047 episcopus
1119 1944 1320 2022 Castrensis
1338 1944 1401 2042 qui

88 2073 319 2166 pronunciavit
348 2075 590 2174 indulgentias
622 2075 802 2173 plenarias
834 2099 899 2173 per
930 2077 1065 2172 Papam
1099 2071 1399 2147 interessenlibus

90 2217 275 2272 concessas.

127 2320 252 2394 Eadem
265 2320 324 2396 die
340 2324 586 2414 Pentecostes,
598 2323 634 2397 in
651 2347 745 2416 sero,
761 2327 824 2399 SS.
844 2327 886 2398 D.
901 2327 943 2398 N.
959 2323 1083 2398 incidit
1098 2323 1134 2398 iu
1150 2321 1396 2400 infirmitatem

89 2443 188 2519 tlunus
203 2447 287 2522 satis
301 2447 506 2546 periculosi.

126 2571 287 2664 Sabbato,
313 2579 355 2648 t3
369 2575 476 2673 junii,
493 2570 618 2672 vigilia
630 2602 660 2648 s.
674 2577 868 2670 Trinitatis,
886 2577 1032 2652 suerunt
1046 2599 1197 2675 vespere
1215 2574 1396 2650 solemnes

87 2696 115 2768 in
129 2700 409 2799 capellamajore
423 2701 599 2799 predicta,
612 2705 884 2801 Papaabsente,
898 2703 1137 2778 cardinalibus
1155 2706 1397 2802 presentibus.

88 2828 195 2900 Rmus.
214 2832 256 2903 D.
274 2829 467 2903 cardinalis
484 2829 689 2904 Parmensis
707 2836 853 2927 paratus
877 2853 978 2904 more
1000 2829 1106 2904 solito
1122 2829 1206 2904 tecit
1223 2829 1396 2922 officium,

87 2952 132 3024 cui
143 2953 315 3052 dixiquod
330 2955 534 3053 provideret
548 2955 748 3031 orationem
765 2981 830 3054 pro
842 2955 1187 3031 commemoratione
1202 2955 1397 3030 dominice.

88 3080 265 3177 Respondit
293 3081 501 3180 hujusmodi
534 3082 918 3156 commemorationem
942 3083 1019 3180 jam
1043 3106 1109 3181 per
1133 3081 1320 3157 biennium
1345 3081 1400 3156 vel

87 3203 260 3281 triennium
286 3206 419 3280 laetam
446 3229 520 3282 non
544 3231 639 3300 esse,
665 3215 860 3306 propterea
880 3215 916 3283 et
939 3209 1048 3282 modo
1074 3233 1155 3284 eam
1183 3209 1303 3282 lacere
1324 3231 1397 3282 non

86 3328 173 3404 nelle.
188 3331 367 3430 Replicavi
384 3333 481 3428 quod
494 3333 538 3408 de
554 3357 726 3432 expresso
747 3334 916 3410 mandato
932 3334 990 3408 illa
1005 3333 1093 3408 alias
1109 3333 1268 3408 obmissa
1284 3339 1394 3422 esset,

86 3461 186 3530 elnon
202 3481 285 3532 cum
302 3463 399 3533 esset
412 3457 594 3532 ordinaria
609 3467 645 3532 et
660 3463 756 3558 Papa
770 3461 917 3536 absente
935 3483 1015 3535 eam
1029 3459 1107 3534 sueri
1122 3460 1255 3534 debere
1275 3486 1282 3532 :
1301 3457 1395 3531 nibi-

84 3578 221 3656 lominus
247 3592 371 3658 tamen
393 3583 469 3681 ipse
491 3609 556 3659 sua
576 3584 744 3684 opinione
765 3586 894 3660 cedere
910 3587 1052 3677 nolens,
1075 3585 1220 3661 obmisil
1239 3607 1398 3660 comme-

86 3709 307 3784 morationem
322 3709 550 3808 hujusmodi.

119 3835 299 3910 [lominica
317 3839 361 3908 tt
383 3835 561 3934 ejusdem,
592 3835 722 3908 testum
743 3833 938 3926 Trinitatis,
962 3835 1029 3908 luit
1052 3835 1162 3908 missa
1177 3831 1348 3908 solemnis
1361 3831 1398 3905 iu

85 3955 164 4032 dcta
176 3961 314 4059 capella
329 3984 436 4057 quarn
450 3960 546 4036 idem
562 3961 754 4035 cardinalis
769 3958 961 4034 celebravit
983 3961 1093 4034 etiam
1116 3965 1213 4058 Papa
1232 3959 1394 4035 absente.

86 4083 282 4159 Sermonem
296 4084 381 4158 lecit
402 4089 444 4158 l).
462 4084 702 4184 Hieronymus
720 4088 864 4160 Scottus
885 4085 1056 4160 Senensis
1077 4085 1212 4159 electus
1237 4089 1398 4160 Suanen-

85 4205 136 4279 sis.
153 4209 248 4287 ldem
264 4209 457 4286 cardinalis
473 4211 660 4286 celebrans
676 4233 919 4308 pararnonem
935 4233 1042 4284 suum
1062 4209 1150 4284 dixit
1169 4215 1252 4284 aule
1268 4208 1397 4282 oratio-

84 4355 155 4408 nem
170 4342 249 4411 ante
268 4335 457 4435 epistolam
473 4337 649 4410 dominas
666 4334 841 4409 vobiscum
861 4362 867 4408 :
887 4359 957 4432 qua
974 4334 1083 4428 dicto,
1103 4333 1271 4408 adstatim
1292 4339 1395 4409 ante*

85 4479 178 4552 quam
192 4469 358 4537 cantores
372 4463 645 4559 responderent,
666 4459 852 4560 subjunxit
870 4461 952 4534 Pac
971 4461 1077 4534 codis.

101 4587 221 4664 ¹deria
246 4588 418 4680 secunda,
449 4591 491 4663 15
511 4586 622 4687 junii,
656 4589 790 4662 testum
821 4594 1029 4662 sanctorum
1057 4585 1130 4664 Viti
1158 4592 1193 4660 et
1224 4584 1392 4676 Modesti,

86 4710 119 4780 R.
136 4714 172 4785 P.
190 4718 231 4787 D.
250 4715 398 4791 Carolus
414 4715 604 4812 episcopus
621 4712 795 4788 Ostiensis
818 4713 1011 4788 celebrarit
1030 4711 1178 4786 missam
1194 4711 1395 4787 solemnem

85 4831 114 4905 in
136 4837 283 4914 ecclesia
303 4866 332 4914 s.
350 4839 422 4916 Viti
443 4840 480 4912 in
499 4839 650 4915 blacello
671 4862 741 4936 que
763 4846 818 4913 est
835 4837 927 4912 Rmi.
949 4841 993 4912 D.
1015 4835 1206 4912 cardinalis
1224 4837 1396 4914 Ascanii:

85 4949 311 5038 interfuerunt
341 4988 467 5040 omnes
496 4963 621 5037 RRmi.
656 4967 736 5036 DD.
782 4963 982 5039 cardinales
1015 4963 1053 5037 in
1085 4964 1179 5038 Urbe
1210 4970 1400 5063 presentes

85 5103 225 5167 numero
263 5091 524 5182 novemdecim,
557 5091 702 5189 dempto
731 5089 911 5164 cardinale
936 5088 1198 5188 Andegavense
1233 5089 1398 5176 iufirmo;

88 5215 199 5294 omnia
218 5218 314 5295 dicla
346 5224 429 5295 sunt
450 5217 576 5293 ordine
606 5222 780 5292 consueto
811 5223 848 5291 et
871 5215 1086 5291 dictumest
1116 5214 1229 5290 Credo
1255 5219 1405 5313 propter
