3424 6038
316 479 369 536 soe
541 451 544 456 ’
756 471 932 530 tonsurus
956 469 1178 541 abacelam,
1482 474 1636 537 [amins-

188 615 191 620 ’
315 632 501 731 euangelio
524 631 633 731 pallio
658 629 739 704 albo
765 651 888 719 nureo,
913 633 950 700 et
968 627 1080 717 bene;
1099 625 1287 702 credentia
1304 627 1432 702 babuit
1455 628 1550 704 ultra
1565 652 1639 704 cou-

316 764 417 832 sueta
432 757 504 830 duo
522 777 654 853 magna
667 777 752 831 vasa
766 761 940 850 argentea
951 775 1020 849 que
1037 753 1331 851 superducerent
1344 761 1381 829 et
1392 755 1637 852 inhujusmodi

316 888 396 957 actu
416 905 490 956 non
511 887 594 956 sunt
617 882 764 956 utenda.
793 879 967 977 Magister
992 873 1121 951 domus
1147 881 1188 952 et'
1208 877 1266 952 alii
1290 879 1418 976 prelati
1441 880 1637 954 babuerunt

318 1030 451 1105 cappas
467 1029 565 1098 suas,
586 1011 625 1080 ut
639 1007 751 1081 moris
774 1013 842 1098 est,
862 1005 1027 1078 similiter
1046 1011 1083 1078 et
1105 1004 1302 1097 auditores,
1332 1005 1398 1080 sed
1423 1005 1500 1078 duo
1527 1005 1636 1078 clerici

316 1155 461 1208 camere
490 1137 594 1206 erant
617 1131 653 1202 in
683 1127 773 1203 albis
801 1127 920 1202 miuus
948 1125 1219 1215 convenienter,
1247 1125 1425 1200 tolerandi
1450 1133 1587 1216 tamon,
1608 1135 1637 1201 ut

315 1263 438 1333 essent
464 1255 717 1354 expeditiores.
758 1252 875 1328 Finito
902 1253 1086 1344 mandato,
1113 1251 1313 1327 cardinales
1339 1258 1576 1328 recesserunt
1608 1260 1637 1326 et

315 1381 410 1481 Papa
427 1381 571 1455 intravit
590 1401 771 1454 cameram
789 1402 905 1453 suam.

364 1507 501 1582 Eadem
517 1505 588 1598 die,
615 1505 712 1580 circa
730 1504 860 1578 horam
883 1505 1044 1596 xx1,SS.
1064 1507 1107 1576 Ι).
1134 1506 1177 1578 N.
1200 1504 1344 1578 indutus
1369 1505 1523 1595 amictu,
1554 1503 1637 1596 alba,

315 1632 474 1730 cingulo,
492 1630 585 1705 stola
597 1631 757 1706 violacea
772 1637 809 1704 et
827 1651 942 1728 cappa
958 1627 1004 1704 de
1023 1629 1178 1703 scarleto
1209 1630 1287 1704 sine
1308 1650 1417 1705 cruce
1436 1637 1475 1704 et
1498 1653 1639 1727 sequen-

315 1759 411 1833 tibus
424 1758 540 1856 ipsum
558 1754 813 1846 cardinalibus,
830 1755 925 1830 venit
943 1754 989 1829 ad
1005 1755 1198 1830 matutinas
1214 1755 1260 1828 ad
1275 1755 1452 1853 capellam
1469 1758 1639 1853 majorem

316 1883 376 1958 ubi
404 1883 593 1957 observata
616 1886 703 1954 sunt
728 1879 851 1955 omnia
870 1887 977 1978 prout
1002 1881 1039 1953 in
1066 1880 1261 1955 ordinario.
1294 1879 1474 1954 Fimbriae
1497 1881 1640 1977 porterit

316 2008 508 2106 episcopus
537 2005 731 2081 Alerieusis
763 2005 824 2102 qui
856 2011 892 2079 et
916 2027 1043 2078 omnes
1071 2005 1131 2080 alii
1166 2004 1378 2079 assistentes
1402 2004 1523 2079 induti
1550 2011 1641 2078 erant

317 2133 442 2232 cappis
464 2139 501 2207 et
516 2155 589 2208 nou
608 2131 802 2222 mantellis,
826 2136 864 2204 ut
888 2131 968 2204 beri
990 2153 1086 2223 sero,
1104 2135 1210 2228 prout
1233 2131 1270 2204 in
1297 2131 1537 2206 ceremoniali
1559 2130 1641 2204 ordi-

312 2265 432 2334 natur.

364 2381 468 2457 Faria
486 2387 588 2456 sexta
607 2379 755 2477 maJ'oris
773 2379 1016 2470 hebdomade,
1042 2386 1063 2452 d
1085 2380 1219 2455 mensis
1240 2379 1376 2478 aprilis,
1399 2382 1502 2458 circa
1523 2383 1640 2458 horam

315 2511 410 2582 inter
429 2531 467 2581 xr
492 2514 530 2582 et
550 2529 615 2598 xu,
642 2507 705 2580 SS.
730 2509 773 2578 Ι).
802 2508 845 2579 N.
882 2505 1029 2580 indutus
1065 2507 1212 2596 amictu,
1244 2506 1339 2597 alba,
1369 2507 1533 2603 cingulo,
1560 2509 1639 2582 stola

314 2633 489 2724 violacea,
519 2655 633 2730 cappa
661 2653 811 2706 rosacea
843 2636 879 2703 et
902 2630 1010 2705 mitra
1042 2631 1204 2730 simplice
1235 2631 1312 2706 sine
1343 2631 1454 2729 perlis
1482 2634 1580 2707 veuit
1600 2617 1645 2706 ad*

314 2757 506 2857 capellam,
533 2757 645 2832 oravit
675 2757 712 2830 in
741 2756 953 2848 faldistorio,
976 2758 1137 2833 ascendit
1157 2757 1286 2832 solium
1311 2767 1348 2834 et
1374 2759 1467 2834 sedit
1496 2760 1534 2833 in
1558 2759 1634 2834 sede

315 2884 423 2976 nuda,
444 2882 591 2957 cussino
603 2881 763 2956 uotaeec
777 2887 918 2956 tantum
933 2883 1000 2956 sibi
1017 2883 1218 2982 supposito.
1237 2887 1315 2958 Duo
1332 2885 1478 2959 diaconi
1495 2885 1633 2959 assiste-

313 3017 397 3084 runt
423 3008 490 3084 sibi
519 3015 556 3082 et
583 3008 767 3104 inceptum
797 3014 853 3082 est
874 3031 917 3081 ac
943 3017 1180 3106 prosecutum
1204 3009 1365 3083 officium
1386 3033 1492 3086 more
1525 3011 1631 3084 solito.

314 3132 1633 3232 Rmus.[t.vicecancellariusepiscopusPortueusiscelebravitolficium.

315 3261 524 3336 Passionem
543 3266 617 3334 tres
633 3264 865 3334 cantaverunt
888 3265 1091 3336 cantatores
1114 3261 1229 3358 parati
1249 3261 1339 3336 albis
1359 3269 1396 3338 ct
1416 3262 1520 3336 stolis
1538 3237 1635 3334 riola·

314 3386 401 3477 cais,
420 3385 590 3482 quianon
605 3392 707 3458 erant
722 3389 775 3458 tol
791 3383 892 3482 nigre
907 3386 944 3459 in
963 3385 1114 3484 capella.
1140 3386 1322 3462 Diaconos
1343 3394 1379 3462 et
1401 3388 1632 3462 subdiaconus

313 3509 518 3583 habuerunt
551 3509 713 3606 planetas
746 3507 868 3604 nigras
893 3515 975 3583 anto
1001 3515 1129 3606 pectus
1155 3511 1333 3608 plicates;
1367 3513 1405 3586 in
1430 3513 1632 3588 adoratione

313 3634 430 3708 crucis
446 3636 509 3709 SS.
532 3637 577 3709 Ι).
603 3637 632 3708 N
638 3691 662 3725 .,
686 3634 781 3708 lacta
797 3630 1021 3724 adoratione,
1040 3657 1123 3708 cum
1150 3636 1367 3712 surrexisset
1384 3643 1420 3713 et
1443 3637 1630 3714 adsutum

313 3759 431 3834 redire
446 3759 565 3851 vellet,
585 3759 859 3858 genuflectendo
873 3760 959 3836 lecit
974 3759 1212 3836 reuerentiam
1227 3761 1339 3852 cruci,
1359 3762 1424 3838 sed
1440 3763 1629 3837 cardinales

313 3891 394 3981 post
418 3907 521 3958 suam
542 3885 780 3960 reverentiam
810 3887 928 3984 capite
958 3891 1098 3959 tantum
1127 3885 1177 3958 illi
1197 3885 1434 3980 inclinarunt,
1464 3895 1503 3962 et
1528 3886 1625 3974 male,

312 4009 397 4104 quia
425 4010 608 4085 debebant
634 4009 701 4107 ipsi
731 4009 780 4083 illi
814 4011 884 4085 hac
915 4011 973 4084 die
998 4009 1261 4108 genuflectere,
1295 4011 1382 4086 licet
1404 4012 1483 4086 aliis
1505 4020 1627 4110 tempe

313 4137 412 4210 ribus
445 4143 555 4234 caput
583 4135 632 4208 illi
661 4142 799 4210 tantum
834 4136 904 4209 siut
932 4135 1026 4210 soliti
1056 4135 1241 4210 inclinare.
1271 4139 1335 4237 SS.
1372 4141 1415 4212 Ι).
1443 4142 1486 4212 N.
1514 4135 1627 4212 obtulit

313 4261 463 4336 ducatos
487 4259 610 4358 viginti
632 4259 667 4332 iu
700 4284 789 4335 auro
814 4285 857 4334 ex
884 4260 1112 4336 ordinatione
1136 4264 1179 4335 Ι).
1204 4261 1416 4336 Bemardini
1436 4261 1623 4342 camerarii,

313 4383 378 4456 sed
394 4387 476 4479 post
499 4383 609 4456 finem
631 4380 755 4473 oflicii,
778 4386 820 4456 Ι).
838 4382 1010 4476 deterius,
1030 4385 1075 4459 de
1097 4387 1268 4462 mandato
1294 4391 1405 4485 Papa,
1423 4389 1520 4463 dedit
1537 4384 1624 4460 uobis

312 4509 357 4582 ad
372 4510 442 4584 boc
457 4510 630 4608 quinque,
645 4515 683 4583 ut
697 4515 910 4585 consuetum
929 4516 1094 4584 nostrum
1109 4512 1290 4610 impleret.
1307 4513 1447 4588 Deinde
1463 4517 1525 4589 SS.
1537 4517 1575 4586 Ι).
1588 4513 1621 4582 N.

310 4633 407 4708 venit
429 4633 475 4708 ad
494 4633 671 4732 capellam
688 4658 754 4731 pro
771 4641 1012 4728 sacramento,
1036 4637 1254 4734 precedente
1279 4637 1399 4736 ipsum
1423 4634 1623 4714 vicecancel-

310 4761 399 4835 lario
414 4759 623 4836 celebrante
641 4760 735 4835 inter
753 4759 845 4835 duos
858 4760 1003 4836 ultimos
1021 4762 1223 4838 cardinales
1240 4765 1451 4862 episcopos;
1468 4765 1525 4861 qui
1540 4767 1619 4856 Papa

311 4884 462 4958 adicem
477 4907 560 4959 cum
575 4890 801 4959 sacramento
813 4885 849 4958 in
860 4909 968 4983 parva
982 4886 1121 4984 capella
1133 4886 1348 4962 ministravit
1363 4894 1400 4962 et
1420 4887 1518 4962 illum
1529 4884 1570 4958 ab
1583 4901 1618 4954 eo

310 5009 347 5080 iu
363 5031 495 5106 magna
506 5011 609 5108 juxta
623 5009 735 5083 ultare
751 5009 905 5108 accepit.
924 5015 965 5085 R.
985 5015 1025 5085 P.
1049 5015 1092 5086 Ι).
1117 5013 1387 5110 protonotarius
1405 5013 1450 5087 de
1467 5013 1616 5088 Columna

309 5133 482 5208 assistens
496 5138 591 5232 Pape
607 5135 760 5232 portavit
776 5135 937 5210 fimbrias
959 5159 1072 5234 cappe
1094 5141 1190 5236 Pupe
1211 5137 1317 5212 simul
1332 5138 1501 5212 collectas
1515 5131 1615 5210 eurrdo
