3496 6056
265 527 266 530 ,
328 473 384 532 150
783 472 958 529 lauturus
983 471 1205 543 abacelam,
1499 470 1576 534 [nour
1592 473 1645 535 litt}
1735 504 1739 535 r

330 628 376 701 ad
390 629 510 702 locum
528 652 631 701 suum
647 651 804 720 reversa,
823 629 939 725 primo
950 628 1080 702 deinde
1092 626 1427 726 ceterisepiscopiS,
1439 625 1647 724 presbyteris
1735 637 1739 681 ἐ

331 761 367 827 et
395 752 556 826 diaconis
582 758 676 850 Pape
708 754 960 846 servientibus,
992 753 1108 851 primo
1137 755 1266 830 deinde
1300 755 1378 829 aliis
1404 753 1645 842 cardinalibus
1737 761 1738 824 ἲ

330 885 406 952 tum
421 877 567 975 prelatis
583 887 619 953 et
634 881 765 953 ceteris
786 881 913 954 tradidi
943 880 1190 953 osculandum.
1220 880 1336 953 Finita
1354 879 1478 970 missa,
1501 878 1648 951 ascendit
1736 951 1737 958 ,

329 1008 411 1077 aute
428 1004 553 1094 altare,
580 1005 641 1077 ubi
659 1012 757 1078 stans
781 1006 913 1103 populo
934 1005 1134 1096 benedixit,
1161 1005 1244 1078 loco
1267 1003 1485 1078 celebrantis
1507 1002 1646 1076 diceus:
1736 1011 1737 1016 ’

317 1127 387 1202 ·Sit
398 1151 526 1202 nomen
543 1129 698 1220 Domini,
716 1142 779 1204 etc.
800 1131 935 1204 Deinde
952 1131 996 1202 ad
1011 1129 1180 1226 palatium
1197 1152 1268 1226 quo
1284 1129 1381 1202 veuit
1401 1133 1457 1201 est
1480 1152 1646 1200 reversus.

330 1255 401 1326 Sed
426 1261 464 1328 ut
494 1255 603 1329 tulius
636 1278 797 1351 agerem,
827 1261 1021 1351 antequam
1048 1255 1158 1328 missa
1181 1255 1414 1352 inciperetur,
1440 1254 1647 1349 interrogari
1734 1319 1735 1322 ,

330 1382 483 1453 RRmos
503 1382 578 1452 Ι)Ι).
600 1379 799 1454 cardinales
815 1380 1101 1476 Neapolitanum,
1121 1405 1150 1452 s.
1172 1379 1297 1470 Marci,
1322 1381 1367 1452 ad
1386 1403 1495 1476 quem
1514 1403 1561 1452 ex
1576 1379 1650 1476 ipsis

329 1509 507 1599 spectaret
521 1503 684 1600 pontifici
700 1504 736 1576 in
758 1505 965 1601 hujusmodi
982 1505 1092 1578 missa
1105 1505 1236 1577 librum
1254 1510 1290 1577 et
1304 1527 1434 1601 pacem
1450 1503 1648 1600 porrigere:
1733 1521 1734 1524 ’

328 1628 388 1722 qui
404 1628 493 1701 mihi
509 1628 774 1726 responderunt
789 1629 824 1702 id
839 1629 948 1726 priori
964 1630 1258 1728 presbyterorum
1275 1625 1513 1699 cardinalium
1528 1647 1650 1697 conre-

328 1752 419 1844 nire,
439 1756 543 1826 ltmo.
563 1757 605 1826 Ι).
629 1754 810 1828 cardinale
832 1757 1006 1846 Senense,
1029 1755 1263 1828 diaconorum
1285 1751 1420 1848 priore,
1446 1749 1546 1847 quod
1561 1749 1649 1822 adse
1733 1849 1734 1854 Ἰ

326 1877 531 1974 pertinebat
545 1885 729 1954 asserente
753 1905 761 1952 :
781 1904 889 1976 super
906 1904 978 1976 qua
999 1884 1122 1952 Rmus.
1142 1883 1184 1952 D.
1208 1877 1400 1975 episcopus
1421 1875 1651 1949 Pientinusiu

328 2001 452 2076 olficio
467 2004 756 2078 ceremoniarum
771 2005 1011 2102 predecessor
1024 2029 1139 2094 mem,
1156 2003 1411 2098 interrogatus,
1426 1999 1514 2073 dixit
1530 2000 1567 2072 id
1577 2025 1652 2098 pro-
1730 2003 1735 2048 l

326 2129 404 2226 prie
421 2129 465 2202 ad
481 2129 639 2226 priorem
657 2129 910 2228 episcoporum
926 2129 1160 2205 cardinalium
1175 2131 1247 2202 sive
1263 2127 1420 2225 primum
1436 2125 1650 2200 cardinalem
1733 2135 1734 2154 ¹

317 2252 363 2325 in
401 2254 582 2351 pontilicis
613 2255 797 2353 presentia
833 2257 1069 2330 constitutum
1097 2256 1305 2353 pertinere;
1333 2256 1437 2352 cujus
1466 2253 1650 2328 assertioni
1742 2329 1743 2332 ,

330 2379 417 2452 dicti
433 2381 633 2454 cardinales
648 2381 916 2455 consentientes
932 2382 1080 2455 modum
1096 2381 1341 2479 supradictum
1357 2380 1609 2454 observarunt.

375 2505 479 2579 Feria
488 2508 659 2596 secunda,
672 2513 692 2578 lt
706 2509 841 2581 mensis
849 2509 941 2606 julii,
954 2509 1097 2582 luerunt
1106 2509 1238 2582 indicte
1249 2505 1452 2580 vacationes
1466 2504 1651 2601 generales

326 2631 372 2702 ab
387 2630 458 2704 hac
470 2630 530 2703 'die
548 2655 661 2728 usque
676 2633 722 2706 ad
736 2633 907 2707 kalendas
923 2635 1081 2708 octobris
1095 2634 1286 2708 exclusive.

374 2755 478 2828 Feria
500 2762 640 2852 quarta,
667 2763 689 2830 6
718 2759 853 2832 mensis
872 2759 966 2856 julii,
990 2762 1053 2832 SS.
1091 2763 1132 2832 Ι).
1160 2762 1200 2832 N.
1230 2759 1267 2831 in
1297 2779 1444 2830 camera
1470 2779 1538 2829 sua
1557 2757 1651 2853 juxta
1734 2740 1735 2769 ¹

325 2903 509 2956 cameram
533 2882 724 2980 papagalli,
757 2885 969 2980 genuflexus
996 2885 1088 2959 intra
1117 2885 1262 2974 ostium,
1284 2879 1418 2955 audivit
1438 2879 1589 2954 missam
1614 2879 1653 2953 ab
1731 2976 1735 2985 .

324 3029 397 3080 uno
416 3031 461 3080 ex
481 3006 709 3082 cubiculariis
731 3008 804 3082 suis
821 3009 857 3080 iu
873 3033 1018 3083 camera
1036 3010 1211 3108 papagalli
1233 3007 1468 3098 celebratam,
1491 3009 1651 3081 cardina·
1732 3008 1735 3033 '

322 3131 414 3204 libus
430 3131 532 3228 quasi
549 3133 714 3206 omnibus
728 3133 764 3205 in
783 3135 911 3207 eadem
926 3135 1102 3231 papagalli
1118 3135 1363 3232 presentibus.
1380 3140 1502 3208 Rmus.
1516 3139 1561 3209 D.
1578 3160 1651 3209 car·
1731 3128 1735 3155 '

321 3255 450 3328 dinalis
469 3257 639 3330 Senensis
663 3259 762 3356 prior
779 3259 1014 3348 diaconorum
1030 3267 1067 3332 et
1081 3283 1261 3334 consensu
1277 3267 1401 3334 tamen
1420 3268 1457 3335 et
1472 3262 1650 3335 voluntate

272 3421 276 3431 ·
322 3381 560 3478 Neapolitani,
580 3407 609 3454 a.
628 3383 739 3457 Marci
755 3389 790 3458 et
805 3384 956 3458 aliorum
972 3385 1222 3476 cardinalium,
1235 3387 1395 3483 porrexit
1412 3391 1508 3484 Pape
1524 3386 1650 3459 librum
1732 3366 1736 3375 ¹

320 3513 402 3604 post
431 3507 655 3604 evangelium
684 3515 720 3581 et
743 3532 871 3606 pacem
904 3510 1138 3584 osculandam
1176 3533 1277 3582 more
1312 3516 1502 3582 consueto.
1539 3509 1649 3582 Finita

321 3631 443 3722 missa,
462 3631 649 3705 celebrans
665 3632 849 3706 benedixit
864 3636 1043 3722 omnibus,
1063 3636 1170 3709 etiam
1192 3639 1302 3732 Pape,
1325 3641 1448 3732 preter
1463 3641 1650 3708 consuetu·

321 3755 456 3846 dinem,
472 3757 689 3850 quodetiam
706 3761 810 3831 Rmo.
831 3762 872 3831 D.
898 3761 1068 3834 cardinali
1092 3785 1121 3832 s.
1143 3761 1255 3834 Marci
1272 3759 1469 3857 displicuit.
1494 3761 1650 3835 Debebat

320 3881 430 3970 enim,
455 3879 551 3954 dicta
575 3881 737 3956 oratione
770 3911 776 3954 :
802 3885 943 3980 placeat
964 3887 1073 3982 Pape,
1104 3887 1316 3983 genuflexus
1341 3909 1407 3983 per
1430 3886 1516 3975 hoc,
1543 3888 1588 3960 ab
1608 3909 1647 3958 eo
1742 3959 1743 3996 ἶ

317 4006 461 4080 licentia
473 4014 633 4104 accepta,
652 4005 729 4080 aliis
743 4031 764 4082 a
779 4034 891 4084 cornu
907 4011 1057 4108 epistole
1074 4017 1109 4085 et
1130 4013 1167 4084 in
1187 4012 1308 4085 medio
1328 4012 1451 4086 altaris
1471 4034 1594 4086 coram
1609 4035 1644 4082 se
1742 4069 1743 4094 ,

319 4131 523 4206 constitutis
538 4131 779 4225 benedixisse,
798 4136 927 4214 deinde
946 4160 1071 4210 versus
1089 4137 1133 4210 ad
1150 4135 1360 4233 pontificem
1378 4137 1591 4233 genullexus
1605 4135 1646 4206 ab

319 4279 363 4326 ec
395 4255 684 4331 benedictionem
713 4260 910 4356 accepisse.
939 4265 1027 4333 Tum
1052 4259 1228 4357 pontifex,
1255 4261 1413 4358 acceptis
1430 4258 1644 4358 paramentis

319 4382 516 4472 consuetis,
548 4383 644 4456 venit
678 4384 724 4457 ad
758 4385 902 4458 tertiam
931 4386 1051 4458 aulam
1085 4385 1146 4458 ubi
1177 4385 1362 4482 publicum
1398 4386 1644 4460 consistorium

320 4505 434 4578 tenuit
449 4505 485 4578 in
504 4530 575 4602 quo
597 4511 637 4579 R.
657 4511 697 4581 P.
717 4512 759 4580 Ι).
778 4509 961 4583 lohannes
977 4511 1170 4606 episcopus
1192 4511 1476 4586 wormaciensis
1499 4519 1536 4586 et
1554 4512 1644 4584 illus-

320 4629 444 4702 trist).
472 4633 675 4705 Beruardus
699 4657 823 4707 comes
849 4634 892 4708 de
912 4634 1100 4708 Erbestein
1116 4643 1292 4726 oratores,
1318 4637 1466 4710 nomine
1483 4637 1583 4710 illmi.
1603 4638 1640 4706 Ι).

319 4753 460 4826 comitis
477 4756 627 4830 Palatini
650 4758 780 4849 Rheni,
805 4759 1037 4855 prestiterunt
1057 4763 1242 4836 Sanctitati
1264 4787 1326 4836 sue
1350 4762 1590 4837 obedientiam
1610 4767 1644 4833 et

318 4879 556 4954 reverentiam
582 4891 805 4973 consuetam,
839 4884 935 4957 dicto
964 4885 1110 4958 domino
1137 4888 1307 4986 episcopo
1340 4889 1543 4963 orationem
1563 4887 1640 4961 satis

318 5001 504 5078 barbarice
519 5007 776 5102 pronunciante
794 5006 854 5107 (l).

351 5153 377 5208 l.
398 5145 435 5209 Ge
450 5151 573 5210 discours
589 5171 618 5210 se
632 5160 727 5212 trouve
739 5156 809 5212 dans
824 5156 924 5230 Lunig,
940 5175 1003 5216 our.
1019 5160 1081 5230 cite,
1097 5167 1117 5218 t.
1134 5163 1182 5222 1⁰²,
1198 5179 1224 5236 p.
1238 5164 1286 5218 ol.
