3424 6038
50 435 109 496 [turn
125 430 186 498 narr
357 429 484 487 RERUM
509 428 736 487 URBANARUM
760 428 1022 488 COMMENTARH.
1303 431 1357 484 269

50 585 288 684 privilegiatum
310 607 352 658 ac
376 584 476 680 ipsos
497 605 580 656 suas
599 581 723 656 literas
744 581 853 656 eliam
874 581 1068 678 aliqualem
1090 581 1243 678 gratiam
1267 603 1356 654 con-

49 717 218 786 cernentes
235 710 310 784 sine
330 707 560 806 stipulatione
582 707 752 805 expedire
772 730 894 805 posse,
918 707 1014 803 quod
1029 706 1099 782 illis
1120 731 1193 781 non
1215 706 1355 795 liceret,

49 847 75 910 et
100 836 216 934 plures
246 835 333 910 alias
357 833 516 908 rationes
546 832 695 906 induxit.
724 836 813 906 ltcm
845 837 888 906 D.
923 833 1106 930 Pugnolus
1137 856 1203 928 pro
1235 831 1357 906 officio

49 961 250 1036 rotariorum
265 961 352 1034 dixit
366 965 494 1034 contra
509 958 759 1048 solicitatores,
778 957 940 1055 ipsorum
954 957 1177 1032 notariorum
1193 956 1357 1032 officium

48 1109 106 1158 non
120 1085 184 1160 rile
194 1086 258 1162 sed
269 1085 520 1183 dignissimum
530 1107 610 1158 esse
624 1090 660 1158 et
675 1105 739 1180 per
750 1083 874 1158 omnia
888 1083 1150 1172 necessarium,
1165 1087 1357 1180 propterea

46 1209 178 1306 preferri
193 1210 327 1284 debere
349 1217 385 1284 et
405 1208 683 1284 solicitatoribus
706 1215 742 1283 et
767 1209 1062 1306 procuratoribus
1083 1208 1355 1306 penitentiaric3

47 1343 75 1410 et
91 1335 236 1408 istorum
256 1342 293 1410 et
314 1335 575 1410 solicitatorum
595 1335 757 1410 officium
776 1335 909 1411 nullius
928 1333 1162 1432 reputationis
1181 1333 1356 1423 existere;

45 1484 115 1534 uam
143 1461 305 1536 officium
327 1460 476 1558 dignum
501 1465 537 1533 et
559 1465 764 1558 reputatum
789 1459 907 1534 solum
932 1459 1007 1533 dari
1029 1458 1112 1532 riris
1134 1458 1355 1556 approbatis,

46 1585 182 1676 idoneis,
200 1587 266 1660 sed
285 1585 381 1660 inter
401 1585 500 1683 ipsos
521 1584 758 1660 solicitatores
779 1609 859 1660 esse
880 1583 1049 1675 infantes,
1068 1607 1214 1680 pueros,
1231 1583 1357 1673 laicos,

45 1709 277 1800 mechanicos,
290 1709 424 1798 fabros,
439 1717 610 1801 sartores,
625 1707 830 1786 collatarios
846 1717 882 1784 et
897 1709 1055 1806 plurium
1070 1708 1200 1784 artium
1216 1709 1362 1784 mecha·

45 1835 193 1909 nicarum
206 1834 378 1927 artifices,
392 1858 437 1909 ex
451 1858 523 1932 quo
534 1835 688 1934 dignitas
701 1835 811 1910 officii
823 1834 1027 1933 peroptime
1039 1836 1208 1934 cognosci
1220 1843 1357 1934 posset.

85 1963 130 2032 Ex
144 1959 296 2034 adverso
311 1963 341 2034 J.
355 1960 581 2034 Guillcrmini
600 1968 811 2059 procurator
828 1960 1079 2059 penitentiarie
1098 1961 1185 2034 dixit
1200 1961 1361 2036 osticium

44 2094 307 2184 procuratorum
322 2087 575 2184 penitentiarie
600 2087 780 2184 antiquius
800 2093 836 2162 ct
855 2085 997 2184 dignius
1013 2110 1094 2162 esse
1118 2085 1240 2160 officio
1255 2091 1362 2158 nota·

46 2210 164 2284 riorum
198 2217 278 2286 rote
317 2215 353 2285 et
389 2211 488 2308 prius
520 2211 747 2302 institutum3
776 2217 969 2310 propterea
1008 2213 1280 2311 preterendum.
1320 2215 1363 2284 Et

45 2335 197 2432 produxit
229 2360 342 2410 unum
371 2311 651 2412 instrumentum
679 2336 838 2411 mandati
873 2361 984 2444 super
1013 2337 1246 2436 precedentis
1274 2335 1361 2410 iacti

45 2484 100 2556 prr
121 2464 161 2536 D.
191 2463 235 2534 B.
262 2460 474 2560 episcopum
497 2463 654 2538 Civitatis
684 2463 840 2551 Castelli,
873 2463 969 2561 quod
992 2463 1182 2561 registrari
1209 2463 1246 2536 in
1266 2461 1359 2536 libro

45 2586 485 2678 sermocinando...
498 2589 687 2664 contentio
700 2587 797 2664 enim
812 2595 889 2662 erat
900 2589 995 2664 inter
1010 2589 1132 2664 officia
1148 2589 1363 2687 scriptorum

46 2713 315 2807 apostolicorum
346 2719 382 2788 et
419 2714 711 2790 abbreviatarum
736 2715 781 2790 de
809 2737 920 2814 parco
949 2717 1115 2814 majore;
1148 2715 1235 2790 item
1268 2715 1364 2790 inter

45 2835 301 2912 abbreviatores
325 2838 370 2913 dc
394 2863 504 2937 parco
531 2841 668 2938 majore
698 2835 735 2914 e't
759 2840 953 2938 scriptores
980 2841 1246 2939 penitentiarie,
1270 2842 1364 2918 inter

45 2973 285 3057 procuratores
307 2973 344 3040 ct
369 2965 608 3042 solicitatores
627 2965 815 3042 literarum
836 2967 1115 3065 apostolicarum
1132 2991 1140 3056 ;
1160 2967 1247 3042 item
1270 2967 1364 3041 inter

45 3095 285 3180 procuratores
315 3092 567 3188 penitentiaric
597 3093 831 3190 notariosque
857 3099 934 3168 rote
959 3100 995 3166 et
1020 3092 1255 3166 solicitatores
1280 3115 1364 3189 prc-

47 3206 147 3284 dictos
162 3212 231 3287 hos
247 3213 436 3308 officiales,
453 3199 670 3292 'collectores
686 3217 837 3314 plumbi,
855 3224 892 3290 et
907 3216 1058 3291 clericos
1074 3217 1217 3314 registri
1232 3217 1363 3314 suppli-

47 3335 230 3428 cationum,
254 3339 328 3414 sire
350 3339 489 3438 aliquos
510 3366 554 3416 ex
573 3341 758 3440 predictis,
779 3341 977 3440 precedere
997 3341 1274 3439 protendebant,
1300 3341 1364 3414 sed

48 3483 109 3534 non
140 3475 432 3562 comparuerunt,
458 3468 544 3542 licet
585 3467 718 3542 tuerint
756 3468 870 3542 vocati
906 3488 1034 3542 omnes
1069 3465 1264 3563 supradicti
1296 3489 1363 3564 per

49 3587 194 3680 prefatos
210 3590 493 3668 commissarios.

89 3714 224 3788 Auditis
252 3716 434 3808 omnibus,
457 3719 723 3816 responderunt
746 3715 814 3816 ipsi
837 3721 1074 3798 commissarii
1098 3743 1136 3796 sc
1157 3719 1277 3794 audita
1296 3722 1360 3796 SS.

50 3837 84 3908 l).
97 3841 136 3912 N.
150 3841 286 3915 reterre
297 3831 386 3916 velle
398 3850 434 3916 et
443 3829 563 3940 partes
574 3845 670 3943 ipsas
681 3843 726 3918 de
737 3844 919 3919 voluntate
933 3849 997 3922 SS.
1012 3845 1363 3944 ampsanctum

50 3963 238 4064 certificare
257 3993 265 4039 :
284 3965 335 4042 sic
350 3976 578 4044 recesserunt
593 3993 733 4044 omues.

91 4092 190 4168 Feria
205 4092 323 4183 tertia,
348 4099 392 4166 tt
409 4095 517 4193 Junii,
544 4098 609 4172 SS.
639 4100 681 4170 D.
706 4100 749 4172 N.
772 4097 928 4173 decrerit
949 4100 1044 4196 quod
1070 4098 1107 4173 in
1130 4099 1362 4198 processione

50 4219 199 4315 corporis
221 4217 353 4294 Christi
377 4222 540 4317 proxime
562 4223 671 4296 futuri
700 4223 876 4298 officiales
898 4247 1047 4298 romane
1063 4225 1163 4300 curie
1190 4231 1226 4299 et
1251 4229 1364 4300 Sanc-

51 4341 149 4416 titatis
164 4369 228 4418 sue
244 4345 297 4418 irc
311 4344 444 4422 debere
459 4349 559 4446 juxta
574 4354 716 4447 tempus
732 4349 966 4424 institutionis
981 4350 1185 4424 officiorum
1201 4373 1364 4442 suorum,

54 4469 207 4546 videlicet
219 4472 279 4568 qui
292 4472 409 4570 primo
425 4473 577 4550 instituti
594 4475 630 4548 in
646 4475 799 4574 digniori
817 4476 899 4551 loco
914 4475 1064 4566 radant3
1083 4477 1180 4573 quod
1194 4476 1304 4551 voluit
1320 4479 1364 4549 o.

54 4593 237 4671 ,ilerdensis
264 4595 413 4695 singulis
446 4597 651 4672 officiorum
673 4599 819 4696 prelatis
842 4597 1023 4673 intimare.
1052 4598 1124 4673 Sed
1152 4622 1236 4672 cum
1261 4598 1368 4671 intel-

54 4713 187 4794 lexisset
202 4743 248 4794 ex
262 4720 472 4819 hujusmodi
486 4721 713 4797 intimatione
735 4724 798 4796 SS.
822 4726 866 4796 b.
884 4725 926 4797 N.
949 4722 1134 4797 molestias
1151 4731 1187 4796 et
1202 4722 1368 4819 querelas

54 4844 172 4920 mullas
188 4851 390 4938 arenturas,
408 4845 584 4943 acquievit
602 4845 700 4944 quod
723 4869 797 4920 non
819 4845 1045 4921 intimaretur
1061 4872 1174 4946 usquc
1196 4848 1243 4923 ad
1261 4871 1367 4922 mane

54 4971 296 5064 processionis,
312 4995 395 5046 cum
409 4971 595 5070 processio
610 4971 688 5070 ipsa
706 4996 773 5070 per
791 4976 935 5046 limum.
953 4965 1004 5048 D,
1017 4975 1255 5050 camerarium
1275 4974 1369 5049 ordi-

57 5103 190 5172 naretur
209 5124 216 5173 :
238 5097 288 5172 sic
303 5097 518 5174 factumest.
