3436 6038
65 477 213 542 lunatae]
387 475 513 535 RERUM
537 476 765 536 URBANARUM
789 477 1051 536 COMMENTARH.
1347 479 1382 534 75

65 621 188 718 babuit;
212 653 284 727 qua
307 637 463 729 recepta,
498 631 559 706 ivit
584 633 630 706 ad
658 633 898 708 faldistorium
920 631 994 720 ubi,
1021 629 1185 728 deposita
1211 627 1370 726 planeta,

65 757 189 853 accepit
217 781 383 854 cappam,
415 765 491 830 tum
522 757 683 847 sandalia
714 765 751 833 et
783 761 993 856 paramenta
1025 780 1089 853 pro
1120 754 1242 842 missa,
1274 774 1376 826 more

64 887 236 956 consueto.
261 885 303 954 Ι).
328 881 570 956 Bernardinus
597 883 838 958 cubicularius
860 890 1022 958 secretus
1040 882 1195 958 debebat
1216 878 1375 953 tenuisse

63 1029 192 1104 parvam
222 1006 411 1082 caudelam
441 1011 536 1106 Papo
559 1032 752 1084 accensam
776 1009 820 1084 ab
843 1008 1029 1106 evaugelio
1053 1031 1165 1104 usque
1192 1011 1275 1104 post
1303 1004 1378 1079 ele-

63 1131 242 1222 vationem,
266 1133 365 1229 quod
384 1155 457 1206 non
476 1133 575 1224 lecit,
599 1133 664 1208 sed
689 1156 798 1230 super
813 1133 924 1208 altare
951 1134 1146 1206 extinctam
1161 1129 1279 1226 posuit
1302 1153 1309 1202 :
1334 1129 1382 1202 ad

63 1255 276 1353 evangelium
300 1264 421 1332 autem
442 1265 478 1332 et
507 1258 746 1334 elevationem
778 1261 995 1334 sacramenti
1030 1265 1128 1357 Papa
1155 1283 1235 1334 eam
1265 1256 1381 1334 tenuit

63 1381 250 1472 ardentem,
275 1383 372 1456 ide'm
406 1382 571 1458 lecerunt
598 1382 708 1456 etiem
738 1383 824 1474 alii;
851 1389 985 1474 cetera,
1012 1390 1050 1457 ut
1076 1383 1185 1457 moris
1205 1388 1272 1474 est,
1301 1388 1385 1456 sunt

64 1505 251 1582 observata.

105 1631 200 1706 Faria
214 1640 357 1729 quarta,
378 1639 399 1706 8
416 1634 599 1727 februarii,
623 1636 680 1712 die
697 1636 874 1728 cinerum,
894 1641 990 1734 Papa
1010 1637 1046 1710 iu
1064 1636 1203 1734 capella
1220 1635 1382 1734 prodicta

64 1756 231 1832 benedixit
247 1758 391 1834 cineres
412 1783 501 1856 quas
521 1759 712 1835 cardinalis
736 1786 766 1834 s.
784 1761 881 1836 Petri
903 1761 949 1835 ad
967 1761 1123 1837 Vincula
1137 1760 1384 1836 celebraturus

64 1885 146 1979 Papo
160 1884 317 1980 primum
336 1885 520 1984 imposuit,
543 1884 673 1960 deinde
694 1890 792 1983 Papa
807 1885 888 1976 sibi,
907 1891 983 1960 tum
999 1886 1077 1960 aliis
1091 1885 1331 1960 cardinalibus
1347 1889 1384 1958 et

62 2007 191 2100 ceteris,
211 2033 315 2084 more
331 2010 450 2087 solito.
475 2014 690 2086 Sermonem
712 2010 798 2086 lecit
813 2014 855 2084 b.
877 1991 1060 2086 lohannes
1076 2011 1287 2086 Franciscus
1303 2013 1380 2084 lla*

64 2135 190 2226 roscha,
209 2135 402 2235 acolythus
418 2141 528 2235 Pape,
545 2136 583 2209 in
602 2137 752 2210 rocheto
770 2141 806 2210 et
818 2159 945 2232 cappa.

104 2261 290 2335 [lominica
311 2261 428 2359 prima
450 2261 741 2359 quadragesime,
763 2265 805 2334 ll.
829 2263 870 2333 P.
889 2263 931 2333 D.
948 2260 1161 2335 Eustachius
1175 2259 1382 2358 Arehiepis-

64 2403 161 2481 copus
179 2387 416 2478 Arelatensis,
441 2387 614 2462 assistens
636 2391 745 2484 Pape,
770 2385 962 2461 celebravit
981 2385 1129 2460 missam
1144 2385 1325 2486 publicam
1346 2385 1382 2456 in

64 2510 186 2607 capelle
200 2512 422 2609 supradicta,
450 2516 547 2610 Papa
567 2519 748 2610 presente.
776 2515 990 2586 Sermonem
1012 2512 1098 2586 lecit
1113 2512 1258 2608 quidam
1273 2512 1384 2586 trater

63 2637 319 2729 predicatorum
352 2661 417 2734 per
447 2643 721 2735 procuratorem
758 2636 921 2735 ejusdem
956 2637 1109 2712 ordinis.
1148 2638 1227 2711 Alia
1262 2635 1384 2711 omnia

64 2759 236 2838 observata
250 2765 505 2862 suutproutin
519 2765 753 2840 ceremoniali
767 2764 968 2858 ordinatur,
991 2788 1060 2862 que
1079 2762 1386 2838 suntduodecima

66 2884 234 2964 februarii.
339 2965 340 2970 ,

107 3015 291 3090 bomiuiea
326 3016 487 3092 secunda
520 3017 808 3115 quadragesime,
855 3022 897 3090 18
927 3014 1110 3105 februarii,
1151 3017 1193 3086 D.
1228 3013 1384 3087 Thomas

66 3135 242 3237 episcopus
259 3141 440 3232 Dolensis,
459 3143 633 3218 assistens
655 3147 764 3240 Papa,
786 3142 889 3217 celeb
897 3141 983 3215 ravit
994 3140 1141 3214 missam
1156 3138 1336 3236 publicam
1347 3137 1385 3210 in

66 3263 187 3358 capella
202 3267 550 3363 supradicta,‚Papa
573 3275 755 3364 presente,
789 3267 972 3342 consuetis
989 3265 1219 3341 ceremoniis.
1238 3269 1385 3340 Sermo-

67 3408 139 3461 nem
149 3389 232 3464 lecit
249 3398 461 3487 procurator
476 3393 613 3466 ordinis
628 3393 823 3467 minorum.

108 3515 203 3588 Faria
226 3517 349 3607 tertia,
381 3522 421 3590 21
460 3517 645 3608 februarii,
678 3519 714 3592 iu
745 3518 900 3594 ecclesia
930 3518 1117 3616 hospitalis
1143 3517 1385 3615 Hispanorum

67 3633 171 3713 habite
196 3649 281 3714 sunt
308 3643 459 3740 exequie
487 3643 581 3717 boue
606 3645 781 3718 memorie
813 3649 855 3718 b.
873 3644 1062 3741 Alphousi,
1080 3643 1240 3740 episcopi
1261 3641 1386 3716 Civita-

68 3764 176 3838 tensis.
203 3766 353 3842 Missam
374 3767 555 3863 publicam
578 3769 770 3844 celebravit
789 3775 830 3843 R.
854 3775 892 3844 P.
917 3775 960 3843 b.
984 3769 1169 3865 Philippus
1183 3765 1381 3863 archiepis-

67 3906 173 3983 copus.
199 3891 451 3966 Antibarensis
476 3892 536 3990 qui
559 3893 670 3982 solua,
692 3901 774 3990 post
794 3917 1000 3970 sermonem
1018 3918 1126 3991 quern
1146 3893 1230 3968 lecit
1249 3915 1382 3991 procu-

68 4019 150 4084 rator
166 4015 303 4090 ordinis
324 4017 478 4094 lralrum
495 4019 755 4094 heremitarum
772 4044 800 4092 s.
818 4017 1020 4117 Augustini,
1043 4019 1237 4094 benedixit.
1250 4023 1377 4092 Rmus.

69 4135 102 4204 b.
119 4139 305 4216 cardinalis
322 4143 493 4216 Senensis
506 4167 548 4218 ac
564 4144 792 4242 quamplures
808 4145 933 4241 prelati
951 4151 986 4219 et
1002 4145 1238 4241 quorumdam
1259 4143 1376 4217 cardi-

68 4259 185 4338 nalium
206 4266 342 4342 lamilie
357 4267 610 4344 interluerunl.
632 4267 735 4344 Circa
753 4270 966 4344 catalectum
982 4270 1099 4368 posita
1115 4269 1259 4343 luerunt
1277 4293 1378 4342 xxuu

67 4380 242 4481 intorticia,
260 4415 298 4464 xi
315 4391 412 4468 circa
432 4395 664 4491 sepulchrum
684 4399 720 4468 et
736 4417 775 4468 vr
792 4395 874 4469 data
889 4419 954 4493 per
971 4392 1185 4468 sacramenti
1208 4391 1378 4466 elevatio-

69 4517 1375 4612 uem;prelatisetluneslisdatesuutcandeleuniuslibre,aliismiuores;

67 4633 221 4712 cardinali
237 4641 434 4716 celebranti
451 4653 487 4716 et
502 4644 617 4717 oranti
637 4643 720 4718 data
737 4651 818 4718 sunt
832 4643 1024 4718 interlicia.
1039 4647 1149 4717 Arma
1164 4641 1324 4717 defuncti
1339 4640 1376 4713 in

68 4761 159 4834 cartis
180 4763 321 4862 depicta
344 4769 458 4843 muris
483 4775 519 4844 et
543 4769 720 4843 columnis
750 4769 904 4844 ecclesie
935 4769 1044 4844 allixa
1068 4770 1222 4856 luerunt,
1255 4773 1378 4864 preter

69 4881 314 4972 ordinationem
327 4915 460 4968 meam.
476 4892 555 4966 Alia
568 4915 669 4967 more
686 4893 791 4968 solito
804 4901 882 4968 acta
898 4901 998 4967 sunt.

108 5011 289 5089 [lominica
303 5016 409 5090 tertia
423 5015 711 5113 quadragesime,
731 5019 775 5088 26
794 5015 975 5105 februarii,
994 5020 1035 5088 R.
1055 5019 1094 5088 P.
1115 5019 1156 5090 D.
1177 5013 1381 5092 Leonardus

72 5135 245 5238 episcopus
273 5141 573 5240 Albengauensis‚
608 5141 759 5218 vicarius
789 5145 897 5239 Papa,
927 5140 1119 5217 celebravit
1143 5141 1291 5216 missam
1315 5165 1382 5237 pu-
