3600 6094
318 468 335 522 g
776 447 950 507 JOHANNIS
975 444 1196 518 BUHCHARDI,
1329 505 1335 520 ,
1486 458 1556 524 [luia
1575 466 1647 533 tall]

319 613 520 692 cardinales
541 615 577 683 et
596 605 722 706 prelati
743 605 882 677 iverunt
901 599 1014 698 parati
1035 599 1080 672 ad
1099 622 1281 676 cameram
1301 607 1477 704 papagalli
1489 603 1538 706 ad
1555 630 1657 690 asso·

321 741 489 817 ciandum
513 733 724 834 pontificem
743 729 802 827 qui
823 725 1141 825 processionaliter
1160 727 1226 800 sub
1250 727 1466 805 baldachino
1489 738 1586 812 venit
1610 743 1657 816 ad

321 867 442 940 locum
458 861 599 960 publice
615 848 890 942 benedictionis,
904 851 964 924 ubi
976 850 1071 924 sacta
1083 850 1150 923 sibi
1164 875 1185 924 a
1198 852 1438 930 cardinalibus
1454 865 1658 939 reverentia

323 994 508 1076 consueta,
538 983 621 1058 lecti
652 981 796 1054 fuerunt
824 1000 1029 1075 processus.
1061 975 1198 1050 Deinde
1229 982 1325 1074 Papa
1355 981 1454 1056 dedit
1481 985 1657 1064 benedie-

325 1117 459 1190 tionem
482 1118 518 1186 et
538 1108 717 1208 plenarias
739 1103 978 1200 indulgentias
1003 1124 1104 1174 more
1132 1103 1252 1194 solito,
1280 1112 1317 1180 et
1343 1119 1506 1186 reversus
1531 1117 1655 1192 estad

318 1262 500 1313 cameram
521 1258 635 1308 suam.
659 1235 790 1305 Postea
809 1233 931 1301 Rmus.
955 1229 998 1299 D.
1024 1227 1214 1301 cardinalis
1234 1230 1550 1316 vicecancellarius
1571 1266 1678 1350 pre-

318 1364 434 1436 dictus
448 1361 531 1434 lavit
546 1359 658 1456 pedes
673 1353 849 1428 tredecim
864 1351 1081 1450 pauperibus
1097 1353 1222 1428 ordine
1239 1365 1426 1437 consueto,

365 1487 498 1560 Eadem
511 1485 583 1572 die,
598 1482 635 1555 in
651 1504 747 1570 sero,
761 1479 904 1553 luerunt
922 1476 1095 1551 matutine
1111 1480 1356 1574 tenebrarum,
1370 1488 1467 1586 Papa
1481 1490 1648 1584 absente,

316 1615 422 1708 prout
436 1609 515 1684 heri
532 1631 627 1681 sero.

329 1820 332 1827 Ι
364 1735 469 1808 Faria
493 1739 593 1806 sex-ta
616 1728 769 1806 Veneris
800 1733 936 1816 sancte,
960 1727 1170 1804 factumest
1194 1730 1231 1804 in
1252 1735 1390 1831 capella
1416 1741 1555 1838 majore
1583 1766 1651 1840 pa-

313 1859 389 1933 latii
413 1858 573 1932 osticium
598 1855 723 1929 ordine
745 1857 933 1940 consueto,
952 1855 1048 1950 Papa
1067 1855 1232 1929 absente.
1255 1859 1390 1934 Obtulit
1409 1867 1530 1960 tamen
1555 1866 1653 1942 cele-

313 1985 421 2057 brans
443 1982 625 2080 pontificis
646 1979 791 2052 nomine
808 1979 957 2050 ducatos
979 1978 1104 2074 viginti
1120 1981 1234 2055 duos
1225 2008 1261 2056 m
1282 1986 1400 2060 crucis
1420 1989 1646 2067 adoratione.
1777 2063 1778 2066 ,

361 2111 494 2183 Eadem
515 2107 618 2196 die,
609 2132 646 2179 in
669 2129 765 2193 sero,
789 2103 909 2178 habite
931 2110 1013 2178 sunt
1032 2106 1205 2182 matutine
1227 2111 1457 2188 tenebrarum
1476 2117 1616 2214 prout
1607 2142 1647 2192 m

314 2237 452 2309 duobus
468 2231 745 2331 precedentibus
767 2229 906 2302 diebus.

361 2360 516 2434 Sabbato
539 2361 678 2445 sancto,
699 2353 818 2451 vigilia
837 2354 989 2443 Pascha,
1010 2359 1134 2430 Rmus.
1158 2361 1200 2431 D.
1224 2362 1415 2438 cardinalis
1438 2369 1645 2447 Parmensis

311 2486 398 2560 fecit
421 2483 581 2558 osticium
600 2480 635 2554 in
658 2478 794 2576 capella
813 2479 952 2576 majore
972 2480 1151 2576 predicta,
1178 2485 1303 2561 ordine
1330 2499 1522 2585 consueto,
1548 2499 1647 2596 Papa

312 2610 474 2682 absente.

360 2738 400 2806 ln
422 2733 479 2805 die
507 2731 644 2806 Pasche
667 2729 940 2802 resurrectionis
966 2730 1148 2807 salvatoris
1171 2735 1299 2828 nostri,
1318 2739 1347 2812 si
1368 2741 1461 2820 bene
1477 2746 1644 2839 memini,

312 2861 375 2932 SS.
408 2861 451 2930 D.
484 2862 608 2929 noster
641 2855 734 2929 senil
762 2854 1080 2952 processionaliter
1107 2859 1152 2932 ad
1186 2861 1372 2939 basilicam
1402 2892 1433 2942 s,
1465 2871 1574 2962 Patri,
1607 2879 1646 2946 et

310 2983 453 3071 sedens,
477 2979 670 3080 celebravit
692 2979 838 3052 missam
858 3003 959 3055 more
980 2991 1154 3060 consueto
1175 2994 1210 3062 et
1230 2992 1506 3075 communicavit
1526 3021 1644 3095 popu-

308 3108 394 3179 lum.
420 3111 505 3181 Post
524 3106 686 3195 missam,
705 3105 798 3180 venit
817 3106 1135 3203 processionaliter
1158 3113 1204 3186 ad
1225 3113 1346 3189 locum
1366 3119 1507 3214 publice
1527 3120 1643 3196 bene-

309 3231 489 3322 dictionis,
506 3231 590 3304 ubi
582 3256 618 3303 m
634 3231 766 3306 tiara
739 3255 811 3304 sive
828 3256 954 3328 regnu,
971 3235 1103 3330 populo
1120 3236 1331 3314 solemniter
1344 3243 1539 3330 benedixit.

358 3357 461 3428 Feria
476 3357 633 3428 secunda
639 3363 745 3452 ,post
766 3357 918 3445 Pascha,
935 3357 1000 3431 luit
1019 3359 1130 3434 missa
1145 3362 1345 3440 solemnis'
1335 3391 1372 3441 m
1394 3368 1542 3520 basilica
1555 3395 1640 3470 pre-

307 3479 415 3570 dicta,
435 3487 557 3554 etnon
574 3504 707 3569 sermo,
726 3484 821 3576 Papa
836 3481 997 3555 absente.

357 3595 567 3693 Sabbata,
559 3629 595 3676 rn
618 3605 708 3676 albis
728 3604 792 3678 luit
812 3605 922 3680 missa
945 3607 1148 3682 solemnis
1139 3635 1176 3684 rn
1199 3614 1336 3710 capella
1360 3617 1496 3714 majore
1517 3616 1639 3718 palatii

306 3752 413 3826 quam
430 3729 622 3803 celebravit
637 3730 782 3826 quidam
798 3730 1001 3830 episcopos,
1020 3738 1116 3832 Papa
1130 3737 1293 3812 absente.

355 3856 394 3925 ln
409 3853 765 3950 vigiliaascensionis
786 3855 943 3946 Domini,
961 3856 1103 3934 suerunt
1124 3885 1272 3959 vespere
1290 3865 1436 3962 papales
1450 3867 1486 3942 in
1502 3871 1642 3968 capella

306 3979 444 4075 majore
469 3978 604 4075 palatii,
634 3985 682 4068 et,
710 3979 745 4050 in
769 3979 845 4067 die,
869 3981 978 4055 missa
1003 3983 1039 4054 in
1061 3985 1264 4060 basilicas.
1293 3991 1402 4063 Petri.
1427 3995 1503 4078 Qua
1523 3993 1637 4085 finita,

306 4108 401 4200 Papa
423 4103 518 4176 venit
543 4105 588 4176 ad
608 4104 728 4178 locum
759 4105 900 4248 publice
929 4107 1204 4202 benedictionis
1234 4121 1270 4188 ct
1293 4115 1477 4192 benedixit
1504 4119 1637 4218 populo

304 4251 405 4300 more
422 4235 609 4301 consueto.

353 4356 393 4426 ln
408 4353 527 4450 vigilia
543 4355 790 4442 PentecosteS,
805 4353 949 4430 luerunt
935 4362 1110 4457 tvespero
1125 4363 1296 4460 papales
1287 4389 1324 4438 in
1341 4367 1479 4464 capella
1498 4369 1634 4465 majore

301 4477 437 4572 palatii,
455 4480 551 4575 Papa
565 4484 748 4575 presente,
765 4479 823 4574 qui
841 4479 975 4579 incepit
989 4484 1163 4583 hymnum
1180 4494 1278 4560 stans
1294 4489 1330 4561 in
1347 4491 1432 4563 sede
1450 4493 1542 4566 solii.

350 4604 389 4673 ln
413 4603 529 4698 vigilia
555 4628 584 4675 s.
604 4603 789 4692 trinitatis,
814 4603 957 4680 suerunt
981 4633 1128 4706 vespere
1150 4613 1316 4708 papaleS,
1336 4614 1371 4687 in
1397 4619 1534 4716 capella
1555 4643 1629 4695 ma-

298 4724 379 4820 Joro
396 4733 430 4797 et
445 4726 579 4799 ibidem
593 4727 629 4799 in
649 4729 705 4802 die
721 4731 844 4820 missa,
863 4736 958 4828 Papa
971 4734 1133 4824 absente,
1149 4742 1184 4808 et
1200 4761 1333 4812 sermo

351 4853 390 4920 ln
415 4848 533 4944 vigilia
557 4854 719 4949 corporis
744 4855 892 4944 Christi,
921 4856 1062 4930 luerunt
1088 4884 1236 4958 vespere
1260 4866 1405 4962 papales
1429 4869 1465 4941 in
1490 4871 1628 4968 capella

300 4974 438 5070 majore
458 4973 578 5071 palatii
604 4982 658 5064 ot,
684 4978 721 5048 in
741 4979 811 5066 die,
833 4980 943 5053 missa
967 4981 1003 5054 in
1025 4983 1221 5060 basilicas.
1250 4992 1362 5082 Petri,
1389 4993 1486 5089 prius
1509 5001 1629 5070 tamen

298 5096 420 5170 habita
436 5101 490 5169 est
504 5098 690 5192 processio
706 5124 806 5174 more
823 5102 940 5176 solito
