3496 6056
344 491 396 546 110
797 483 972 541 JOHANNIS
997 483 1219 557 BURCHARDI,
1471 485 1593 549 [camare
1607 489 1662 554 unq

342 638 631 714 Matisconensis.
650 638 796 712 Missam
812 639 1004 712 celebravit
1023 663 1116 711 unus
1136 661 1180 712 ex
1200 639 1421 736 presbyteris
1437 639 1663 713 cardinalibus

343 764 379 839 in
399 765 634 841 cardinalium
655 771 691 871 et
706 765 1001 862 presbyterorum
1027 764 1223 862 presentia,
1247 769 1386 862 etpost
1407 764 1559 840 missam
1580 765 1662 839 celc-

341 890 449 966 brans
466 915 547 966 cum
561 897 716 987 quatuor
730 889 808 963 aliis
823 889 1064 964 cardinalibus
1080 913 1181 964 more
1197 891 1303 965 solito
1319 889 1499 990 absoluit(
1523 891 1550 988 ).

392 1017 455 1091 llis
470 1017 596 1091 diebus
610 1015 709 1092 venit
723 1015 768 1090 ad
782 1017 916 1090 Urbem
931 1021 973 1090 R.
996 1016 1033 1088 in
1049 1015 1191 1090 Christo
1212 1023 1316 1114 pater
1330 1021 1373 1090 D.
1392 1021 1420 1090 N
1425 1017 1565 1091 icolaus
1580 1018 1662 1116 epis-

343 1168 455 1242 copus
482 1131 655 1218 Lucensis
678 1165 761 1220 cum
786 1143 942 1239 quodam
969 1141 1109 1239 collega
1133 1165 1216 1230 suo;
1248 1142 1344 1216 uenit
1373 1142 1418 1215 ad
1449 1143 1583 1218 Urbem
1613 1169 1665 1240 pro

342 1268 549 1344 obedientia
579 1267 773 1366 prestanda
805 1267 953 1342 nomine
990 1267 1263 1341 communitatis
1300 1269 1497 1357 Lucensis3
1533 1271 1592 1365 qui
1616 1269 1668 1342 fuit

342 1401 511 1493 receptus
527 1419 593 1492 per
607 1392 760 1468 familias
777 1396 839 1467 SS.
860 1397 901 1466 D.
928 1397 969 1466 N.
999 1399 1034 1466 et
1054 1416 1288 1466 romanarum
1313 1393 1545 1502 dominorum
1568 1395 1668 1467 cardi-

341 1520 489 1613 nalium,
508 1526 544 1594 ct
559 1520 604 1594 ad
623 1519 770 1593 domum
790 1517 937 1616 hospitii
961 1518 1014 1591 sui
1037 1519 1238 1593 associatus
1258 1544 1264 1592 :
1284 1519 1344 1616 qui
1364 1519 1496 1594 deinde
1516 1519 1556 1592 in
1577 1521 1668 1594 tertia

341 1646 422 1721 aula
440 1645 562 1745 palatii
581 1645 618 1718 in
637 1644 852 1720 consistorio
873 1644 1016 1742 publico
1037 1644 1193 1741 prestitit
1213 1643 1457 1718 obedientiam
1477 1645 1667 1742 predictam

343 1769 570 1844 sanctissimo
586 1773 629 1843 D.
648 1771 690 1842 N.
708 1769 833 1843 ordine
850 1775 886 1843 et
900 1793 1002 1844 more
1018 1777 1195 1844 consueto
1211 1776 1247 1844 et
1263 1771 1440 1844 ordinata.

393 1895 549 1970 Sabbata
565 1899 586 1969 9
602 1893 738 1968 mensis
758 1895 918 1968 octobris
937 1895 1098 1969 habitum
1118 1895 1185 1969 fuit
1202 1896 1371 1994 generale
1394 1896 1596 1994 capitulum
1612 1899 1669 1971 frn-

342 2029 437 2098 trum
449 2018 585 2094 ordinis
597 2019 866 2119 predicatorum
880 2019 916 2092 in
933 2025 1110 2094 conuentu
1127 2019 1232 2094 beate
1241 2020 1352 2094 blarie
1363 2021 1668 2119 supraMineruam

341 2171 407 2246 pro
423 2144 601 2222 electione
617 2143 796 2244 generalis
813 2165 953 2232 eorum,
976 2151 1012 2217 et
1026 2144 1062 2216 in
1077 2151 1240 2216 votorum
1258 2145 1473 2220 collectione
1490 2155 1669 2245 repertum

343 2279 397 2348 est
429 2272 642 2370 magistrum
671 2274 848 2344 loannem
878 2269 922 2343 de
952 2273 1058 2343 Curte
1101 2271 1315 2368 Papieasem
1342 2272 1509 2369 ejusdem
1541 2275 1670 2347 ordinis

341 2400 586 2498 professorem
611 2404 646 2471 et
675 2397 871 2494 quemdam
901 2395 1012 2492 ipsius
1049 2397 1185 2471 ordinis
1219 2395 1465 2494 professorem
1494 2401 1671 2473 Venetam

342 2524 538 2623 pariavota
562 2522 712 2612 babere,
738 2546 781 2595 ex
807 2545 877 2618 quo
900 2523 1007 2596 ambo
1028 2547 1095 2620 per
1120 2547 1203 2597 suos
1227 2517 1397 2620 partiales
1423 2522 1461 2594 in
1487 2525 1671 2620 generales

342 2647 479 2746 recepti
508 2653 590 2721 sunt
616 2657 653 2720 et
675 2646 862 2744 publicati,
890 2652 926 2721 et
950 2671 1057 2746 super
1071 2649 1183 2723 altare
1199 2647 1353 2721 ecclesie
1374 2646 1459 2720 dicti
1476 2657 1673 2724 conventus

342 2773 449 2873 positi
481 2771 702 2861 successive,
737 2772 832 2845 unde
864 2796 1035 2870 magnum
1065 2775 1275 2849 scandalum
1309 2773 1404 2847 iuter
1431 2774 1562 2850 fratres
1595 2777 1672 2850 dicti

343 2898 478 2974 ordinis
503 2905 557 2973 est
586 2903 751 2972 exortum
777 2905 813 2972 et
834 2923 963 2997 magna
995 2901 1173 2989 confusio,
1203 2902 1294 2976 adeo
1317 2904 1412 3000 quad
1443 2903 1513 2976 nisi
1544 2903 1674 3000 guber-

341 3035 447 3099 nator
474 3023 580 3098 Urbis
606 3047 689 3097 cum
720 3031 827 3121 geute
861 3047 925 3098 sua
954 3025 1186 3115 occurrisset,
1224 3029 1364 3125 majora
1386 3029 1674 3103 inconvenientia

342 3160 463 3227 essent
499 3151 730 3256 subsecuta:
761 3155 882 3224 tamen
922 3151 985 3222 SS.
1018 3153 1061 3221 D.
1089 3153 1153 3238 Ν.,
1185 3151 1230 3223 ad
1262 3151 1467 3226 instantiam
1500 3155 1598 3226 Rmi.
1636 3157 1672 3226 a.

341 3277 533 3351 cardinalis
562 3275 786 3374 Neapolitani
814 3275 899 3348 dicti
925 3275 1060 3348 ordinis
1089 3277 1319 3373 protectoria,
1346 3279 1406 3376 qui
1432 3286 1556 3377 partes
1585 3280 1674 3352 illius

341 3401 472 3479 Veneti
488 3402 643 3491 fovebat,
666 3403 716 3474 ita
735 3401 878 3474 volente
899 3409 934 3475 et
956 3400 1164 3490 mandante,
1189 3405 1351 3476 Venetus
1371 3405 1533 3478 officium
1559 3405 1674 3504 ipsum

342 3525 502 3618 retinuit,
520 3527 633 3602 altero
648 3533 769 3624 preter
784 3525 1113 3600 suamvoluntatem
1130 3527 1399 3622 acquiescente.
1738 3608 1743 3617 ,

389 3648 592 3742 flaminica,
620 3657 663 3726 lt)
680 3650 765 3726 dicti
791 3652 926 3725 mensis
948 3652 1118 3736 octobris,
1139 3651 1273 3749 paratis
1291 3677 1356 3752 pro
1379 3677 1482 3728 mare
1504 3657 1673 3730 omnibus
1737 3620 1744 3689 l

343 3779 554 3878 opportunis
575 3801 639 3876 pro
664 3777 824 3874 exequiis
849 3778 885 3850 in
910 3776 1182 3852 ecclesiabeate
1198 3779 1309 3852 blarie
1327 3801 1437 3877 super
1458 3782 1672 3864 Mineruam,

341 3904 464 3978 habita
498 3911 553 3978 est
588 3905 698 3978 missa
730 3903 873 4001 publica
903 3904 1084 4000 exequalis
1114 3929 1179 4002 pro
1212 3904 1333 3979 anima
1363 3907 1458 3982 bone
1493 3909 1670 3982 memorie

258 4086 263 4098 .
338 4029 519 4104 Laurentii
535 4029 737 4128 patriarche
753 4029 983 4118 Antiocheni,
998 4053 1105 4126 quam
1118 4029 1323 4120 celebrauit,
1343 4031 1371 4103 si
1388 4039 1488 4107 recte
1503 4034 1669 4116 memini,

337 4158 379 4227 ll.
405 4157 444 4228 P.
468 4157 511 4227 D.
535 4155 738 4252 Stephanus
764 4152 1057 4251 archiepiscopus
1084 4156 1344 4247 Antibarensis,
1374 4181 1438 4232 seu
1463 4158 1557 4233 alius
1577 4160 1673 4258 epis

337 4303 461 4381 copus.
485 4281 727 4354 interfuerunt
748 4277 872 4351 RRmi.
897 4281 972 4352 aa.
993 4303 1021 4352 s.
1045 4279 1169 4372 ltlarci,
1193 4303 1223 4353 s.
1244 4279 1386 4378 Angeli,
1404 4285 1608 4380 dignensis,
1627 4285 1671 4356 de

335 4409 506 4496 Famam,
522 4412 558 4481 et
574 4429 603 4478 s.
616 4403 760 4501 Georgii
772 4402 989 4495 cardinales,
1004 4405 1130 4501 quibus
1144 4405 1227 4479 data
1237 4417 1318 4480 sunt
1329 4407 1668 4507 intorticiamagna,

371 4649 394 4704 l.
417 4670 432 4700 a
448 4646 522 4703 llieri
537 4651 618 4702 nocte
634 4661 650 4700 a
671 4659 717 4700 ore
737 4640 836 4700 dmori
850 4640 873 4698 el
894 4640 975 4700 Rmo.
996 4639 1076 4699 Card.
1097 4637 1299 4702 Matisconensa
1313 4664 1329 4702 e
1344 4645 1453 4704 innanzi
1470 4646 1499 4704 di
1513 4649 1541 4704 fu
1557 4647 1670 4723 sappet-

334 4738 398 4807 lito;
413 4737 465 4794 Dio
480 4735 560 4794 abbia
577 4737 644 4792 fatto
660 4751 755 4790 verace
771 4732 891 4806 perdono
906 4731 949 4787 all’
966 4732 1055 4788 anima
1069 4749 1129 4790 sua.
1140 4755 1154 4784 »
1171 4733 1297 4808 Depecbe
1309 4736 1343 4792 dc
1353 4737 1489 4810 Vespucci
1506 4739 1543 4794 du
1558 4740 1591 4795 13
1608 4755 1671 4812 sep-

333 4827 437 4885 tembre
458 4829 537 4883 1484.
554 4826 596 4900 (lu
616 4825 719 4880 Tabai,
743 4823 805 4894 Res.
825 4822 910 4878 class.
926 4821 961 4891 X,
981 4815 1050 4879 bist.
1066 4822 1093 4888 l,
1113 4831 1143 4878 n⁰
1158 4823 1216 4896 33.)
1237 4823 1258 4878 ΙΙ
1276 4825 1318 4882 fut
1341 4827 1459 4883 enseveli
1480 4827 1549 4884 dans
1563 4827 1671 4901 l’eglise

332 4916 367 4972 de
381 4914 577 4972 Saiutc-ltlarie
592 4915 629 4970 du
643 4913 757 4988 Peuple.
857 4991 859 4996 ,

369 5005 445 5064 C’est
457 5005 529 5062 donc
544 5009 561 5062 d
575 5011 629 5062 tort
643 5021 698 5078 que
712 5003 807 5060 Fuiton
823 5001 935 5075 (Gallia
950 5001 1136 5074 Perpau-ata,
1157 5021 1185 5076 p.
1200 5003 1275 5077 519),
1291 5011 1318 5062 el
1334 5005 1455 5064 Palatius
1472 5008 1563 5082 (Fasti
1575 5009 1670 5064 σαντί.

331 5097 463 5152 omnium
478 5096 510 5152 S.
529 5095 562 5151 c.
583 5096 632 5164 E„
655 5103 706 5149 etc.
730 5091 864 5162 Venetiis,
880 5098 902 5150 t.
919 5089 954 5161 ll,
978 5107 1005 5165 p.
1028 5091 1120 5166 366-7)
1142 5090 1232 5150 disent
1256 5093 1321 5168 qu'il
1340 5104 1451 5154 mourut
1469 5097 1496 5154 le
1511 5099 1544 5154 14
1558 5097 1672 5154 decem·

329 5184 378 5243 bre
389 5185 468 5244 1484.
