3578 6032
723 473 935 534 appennius.
1072 439 1079 452 ’
1436 471 1488 528 aar

429 645 568 722 Zyzpmp
581 645 609 702 et
618 640 773 722 Buppnzit
783 641 874 721 sedus
891 641 970 704 ababa
984 647 1222 718 contempnunt.

204 777 362 843 «interea
380 775 579 860 egiptiorum
602 789 661 840 rex
674 780 780 843 tentat
799 775 827 840 si
846 773 984 840 fratrum
1007 792 1062 840 res
1089 788 1286 856 componere
1307 769 1423 852 possit.
1450 771 1491 834 nt

160 877 279 936 neuter
293 871 426 952 quidem
440 871 598 952 pactionis
614 873 733 938 limites
750 873 870 950 intrat;
894 890 954 938 nec
976 873 1078 940 animi
1108 872 1218 938 furore
1245 869 1345 952 pleni,
1359 885 1491 936 concor·
1531 951 1534 961 ,
1589 925 1594 936 .

161 971 250 1036 diam
265 971 438 1052 recipiunt.
455 971 507 1034 Sic
529 971 571 1034 sit
585 989 592 1034 :
608 975 645 1034 ut
668 969 725 1050 qui
740 972 903 1054 sanguiue
921 976 1107 1050 vincuntur,
1124 971 1301 1056 siquando
1317 957 1490 1046 dissident,

159 1071 232 1148 ipsa
256 1073 343 1132 certe
369 1069 543 1150 sanguinis
569 1068 759 1132 vicissitudo
784 1069 1018 1134 insolentiores
1045 1071 1153 1134 reddit
1179 1069 1325 1144 animos,
1348 1067 1433 1134 adeo
1454 1071 1491 1130 ut

159 1171 286 1232 mutuis
301 1169 384 1232 odiis
404 1169 488 1232 alter
507 1169 602 1232 alteri
625 1168 827 1247 contemptui
843 1168 1001 1232 reddatur
1018 1189 1025 1232 :
1042 1174 1075 1232 et
1089 1174 1213 1250 quanto
1225 1159 1347 1231 arctius
1362 1184 1420 1231 eos
1435 1185 1492 1230 na·

158 1274 234 1332 tura
254 1268 412 1344 deuinxit‚
429 1272 520 1332 tanto
534 1266 762 1330 vehementius
777 1266 878 1328 animi
900 1266 1035 1346 quidem
1049 1268 1197 1347 prauitas
1219 1265 1387 1347 disiungit.
1405 1267 1489 1330 Con·

156 1368 334 1432 trariorum
349 1383 493 1448 namque
507 1365 628 1430 diversi
642 1370 720 1430 sunt
735 1365 880 1430 allectus.
894 1366 945 1428 Sic
957 1383 1042 1446 quos
1053 1367 1160 1432 earms
1181 1366 1370 1430 communio
1397 1365 1489 1430 beni-

156 1466 264 1544 volos,
277 1465 464 1532 animorum
479 1464 681 1546 peruersitas
696 1462 940 1530 infensissimos
963 1463 1080 1528 reddit.
1108 1463 1236 1530 Prostat
1256 1463 1344 1528 enim
1358 1463 1489 1546 utrique

155 1581 229 1627 rem
240 1564 342 1629 armis
358 1561 484 1628 confici.
502 1563 669 1644 Bagyazit,
683 1567 720 1628 ut
734 1561 876 1644 perluit,
890 1581 1001 1628 rerum
1015 1563 1150 1642 potitus,
1167 1561 1301 1628 fratrem
1312 1563 1486 1638 extorrem,

156 1661 337 1743 profugum
359 1678 397 1728 ac
420 1660 551 1724 exulem
566 1658 690 1724 fastidit
715 1679 723 1722 :
750 1664 894 1744 Zyzymy
914 1661 1065 1742 germani
1092 1661 1273 1742 ignauiam,
1298 1660 1487 1726 violentiam

155 1760 481 1839 imbecillitatemque
496 1757 638 1840 spernit;
661 1759 816 1842 cupitque
838 1760 999 1842 singulari
1016 1761 1193 1827 certamine
1215 1777 1363 1842 pugnam
1389 1757 1486 1824 finiri.

156 1859 193 1924 ld
208 1863 303 1923 vasto
314 1859 426 1924 animo
439 1857 575 1938 cupiens
586 1856 677 1938 (dum
691 1875 727 1922 se
737 1859 878 1924 militum
890 1859 982 1941 copia
993 1859 1155 1940 imparem
1169 1855 1340 1938 conspicit)
1354 1855 1489 1922 fratrem

155 1956 200 2022 ad
216 1955 316 2023 duelli
329 1962 494 2020 certamen
510 1953 582 2038 (spe
598 1954 787 2040 frustratus)
803 1962 917 2022 vocat:
933 1975 999 2038 quo
1013 1959 1064 2024 vei
1080 1963 1266 2023 commento
1288 1955 1488 2022 dissidentes

156 2055 280 2122 alliciat
290 2054 424 2129 milites,
441 2054 498 2134 qui
512 2058 626 2118 mutua
637 2053 717 2120 cede
732 2071 806 2120 sese
821 2055 965 2120 interimi
984 2073 1052 2122 non
1066 2056 1213 2138 cupiunt.
1230 2057 1352 2120 Rarum
1366 2054 1489 2136 quippe

154 2153 277 2234 estqui
290 2169 357 2218 uon
369 2152 639 2234 velitprincipum
647 2152 809 2234 singulari
818 2153 1006 2220 discrimine
1017 2153 1105 2220 belia
1113 2152 1292 2230 terminari,
1305 2152 1488 2232 periculum

154 2267 291 2334 quoque
303 2249 439 2316 alterius
449 2250 591 2332 quisque
604 2266 665 2314 suo
677 2250 841 2332 preponit,
853 2249 963 2316 foenix
973 2251 1062 2316 enim
1077 2255 1139 2330 est,
1155 2251 1212 2334 qui
1223 2266 1319 2316 secus
1334 2250 1444 2316 sentit.

199 2615 213 2646 ι
231 2591 272 2652 itt
287 2590 465 2662 simultate,
482 2589 623 2664 insidiis,
636 2588 783 2650 versucia
795 2589 912 2652 etdolo
925 2588 1021 2668 plena
1033 2587 1136 2663 mere,
1148 2605 1213 2668 que
1225 2587 1388 2650 dicuntur.
1408 2587 1487 2650 Poli-

160 2692 257 2751 cetur
276 2687 430 2768 bagyazit
444 2687 510 2752 duo
523 2689 656 2749 centum
670 2685 758 2748 milla
778 2701 952 2750 nummum
966 2687 1039 2750 auri
1061 2691 1094 2750 et
1113 2685 1375 2766 suppellectilem
1393 2685 1486 2768 regio

157 2791 321 2866 apparatu
336 2785 487 2866 dignam;
500 2799 622 2864 pueros
636 2779 848 2864 virginesque
859 2785 1022 2864 mancipia
1038 2785 1217 2864 quotannis
1232 2783 1324 2847 fratri
1339 2799 1376 2848 se
1390 2783 1485 2847 datu·

159 2888 358 2962 rumpente
382 2881 611 2947 conditionem
633 2886 724 2946 extra
738 2882 831 2962 regni
855 2881 940 2945 flnes
955 2883 1066 2963 degat.
1089 2882 1268 2963 colloquiis
1287 2881 1484 2958 cunctando,

155 2997 355 3062 germanum
371 2981 484 3046 tallere
499 2981 643 3044 molitur.
659 2983 926 3062 zyzyrnyautom
938 2980 1047 3045 fratris
1058 2981 1200 3062 pollicita
1213 2979 1398 3058 fastidiens,
1410 2997 1485 3044 cum

159 3079 297 3144 ditionis
312 3080 384 3144 inre
396 3079 490 3142 cuins
509 3079 694 3158 portionem
717 3078 799 3157 petit
819 3076 1013 3142 frustratum
1028 3095 1065 3142 se
1074 3077 1174 3154 videt,
1200 3077 1410 3159 tyrannidem
1424 3081 1486 3142 Ba·

156 3177 271 3260 gyezit
290 3191 462 3252 accuaans,
490 3177 751 3240 commllitonum
772 3177 904 3240 animos
924 3178 1058 3241 interim
1083 3177 1201 3240 molire
1222 3176 1342 3240 studet.
1368 3177 1486 3240 'lburci

154 3291 302 3354 namque
316 3275 351 3337 in
373 3273 484 3354 regios
502 3279 605 3340 natos
630 3276 800 3358 grandiori
821 3275 941 3342 aiteotu
968 3278 1166 3353 alliciuntur,
1192 3277 1436 3356 observantque
1453 3281 1486 3339 et

154 3372 386 3452 coluntsnpra
405 3371 541 3436 modum
565 3375 746 3454 principem
771 3389 886 3450 suum;
914 3391 975 3438 nec
997 3375 1122 3440 audent
1135 3375 1264 3456 regium
1287 3375 1485 3455 sanguinem

154 3471 312 3550 persequi
326 3469 390 3531 nisi
404 3471 495 3549 regia
518 3470 617 3534 domo
633 3477 740 3534 natus.
759 3475 793 3534 ln
812 3473 1036 3552 propinquum
1059 3473 1219 3551 impetum
1237 3471 1334 3535 iaciat
1350 3491 1358 3533 :
1375 3473 1485 3536 verbis

155 3571 273 3633 teritur
290 3575 436 3650 lempna,
459 3575 495 3633 ut
520 3570 686 3648 occupatis
709 3569 857 3634 aditibus
887 3570 1020 3651 Zyzymi
1040 3573 1072 3632 et
1098 3569 1206 3634 Cilicis
1230 3587 1290 3633 rex
1315 3586 1486 3652 compren-

155 3669 288 3731 dantur.
305 3668 407 3732 Dolos
423 3669 607 3732 sencientes
620 3666 747 3730 viribus
762 3665 881 3742 diffisi3
898 3668 1020 3731 montis
1039 3667 1127 3732 tauri
1147 3669 1225 3750 iuga
1240 3669 1310 3752 (qui
1325 3669 1485 3736 orientem

43 3803 48 3814 ·
154 3781 274 3830 versus
289 3783 349 3846 per
358 3765 496 3830 ciliciam
508 3767 698 3850 porrigitur)
714 3768 919 3850 confugiunt,
935 3767 994 3832 ubi
1009 3768 1072 3834 loci
1085 3775 1205 3834 natura
1221 3769 1331 3852 quoad
1345 3777 1485 3852 possunt

156 3879 232 3928 sese
246 3869 406 3942 tutentur,
421 3870 645 3946 euentumque
666 3885 777 3930 rerum
801 3867 1006 3948 operiuntur.
1019 3871 1060 3932 At
1074 3871 1213 3950 uterque
1227 3869 1291 3934 alia
1307 3871 1339 3934 et
1354 3869 1416 3932 alia
1431 3887 1486 3934 ra-

156 3961 263 4040 tione;
278 3979 338 4028 sne
354 3962 453 4026 saluti
468 3964 640 4028 consulere
654 3965 808 4030 destinat.

405 4173 416 4207 t
433 4153 573 4235 szpntp
588 4153 632 4214 ad
642 4151 780 4216 Rhodios
794 4161 962 4234 conrupere
976 4154 1080 4216 antino
1094 4153 1242 4218 destinat.

200 4286 299 4350 «ltex
312 4285 435 4366 quippe
458 4288 602 4368 Zyzymy
616 4284 725 4352 fratris
749 4293 964 4369 conspectum
985 4305 1161 4369 respuens,
1177 4291 1211 4356 et
1236 4287 1386 4352 crudeles
1408 4303 1483 4353 san·

156 4385 437 4464 guinolentasque
465 4401 584 4447 manus
610 4383 804 4462 formidans,
836 4386 879 4451 ad
904 4387 1100 4450 christianos
1128 4383 1306 4468 confugere
1340 4386 1480 4461 statuit3

157 4481 261 4544 multu
284 4481 419 4562 quidem
443 4486 555 4545 mente
582 4483 723 4564 agitans.
741 4483 879 4548 Unicum
895 4485 1030 4549 tandem
1050 4485 1084 4547 in
1108 4489 1256 4548 mentem
1269 4483 1359 4548 venit
1382 4501 1484 4548 reme·

109 4673 111 4676 .
158 4579 262 4655 dium,
290 4584 328 4644 ut
348 4579 492 4646 Rhodios
509 4579 617 4646 adeat.

489 4944 502 4977 ι
521 4924 656 5002 szpmp
671 4921 737 4984 Rex
750 4921 868 5001 tepotor
882 4921 977 4986 mittit
989 4917 1142 4990 nbilam.

198 5077 213 5108 ι
229 5051 446 5132 liittititaque
465 5069 523 5116 rex
541 5056 687 5135 Zyzymy
711 5052 862 5118 Rhodum
880 5055 1020 5136 legatos,
1036 5057 1079 5121 ad
1094 5073 1178 5137 quoa
1192 5057 1285 5137 prius
1299 5055 1412 5120 literas
1427 5055 1484 5120 de·

160 5151 264 5215 derat.
284 5150 348 5214 Sed
359 5151 515 5214 nunctum
533 5155 690 5215 terrestre
702 5152 764 5215 iter
778 5156 933 5234 agentem
947 5154 1036 5236 regis
1052 5157 1207 5238 Bagyazit
1221 5155 1342 5220 milites
1355 5155 1486 5218 interci⁴
