3422 6034
310 419 362 475 378
766 418 942 476 JOHANNIS
966 419 1188 492 abacelam,
1401 421 1554 489 [metmbre
1567 427 1625 476 ¹⁴⁹⁰*
1702 475 1703 552 1

312 573 420 649 661116
435 571 508 647 suis
521 570 785 646 assistentibus.
805 577 895 648 Octo
908 574 1085 649 lectiones
1107 577 1274 650 dixerunt
1289 584 1458 652 cantores
1477 577 1513 652 in
1528 577 1628 650 cboro
1702 611 1703 632 1

311 698 561 789 cardinalium,
582 722 716 773 nonam
743 699 868 772 dixit
859 724 952 797 ipse
964 695 1156 776 cardinalis
1182 703 1372 777 celebrans
1393 728 1495 778 more
1521 704 1627 796 solito,

311 826 386 924 qui,
411 833 447 898 61
466 825 610 922 incepto
630 830 808 898 nocturno
830 826 974 916 sedens,
999 828 1138 924 66661111
1154 829 1328 920 sandalia,
1350 829 1506 904 dicens:
1528 830 1628 917 Quam
1702 827 1703 944 1

310 955 503 1045 11116616,1
468 966 552 1044 61.,·6
571 952 754 1028 benedixit
778 951 986 1026 cantoribus
1011 953 1703 1056 166116611166116611166116.811111

311 1087 433 1154 autem
448 1103 514 1177 pro
527 1103 624 1154 nona
638 1078 794 1152 lectione
810 1077 995 1152 benedixit
1010 1082 1136 1152 Rmus.
1157 1079 1350 1154 cardinalis
1365 1057 1703 1157 Beneventanus

310 1205 447 1302 primus
469 1205 659 1304 presbyter
679 1203 871 1278 cardinalis
894 1226 938 1276 ex
958 1203 1027 1276 ibis
1048 1228 1109 1300 qur
1101 1203 1384 1277 interfuerunt.
1413 1204 1531 1278 Finita
1549 1227 1633 1278 nona

308 1329 520 1422 lectione,
510 1353 588 1428 ipse
615 1329 804 1404 celebrans
828 1329 962 1427 incepit
995 1327 1043 1402 Te
1067 1329 1181 1404 Deum
1207 1329 1410 1420 laudamus,
1436 1329 1632 1404 cantoribus

308 1456 623 1556 prosequentibus.
650 1458 726 1541 Quo
746 1454 892 1552 incepto
918 1455 1023 1546 sedit,
1049 1455 1133 1529 lavit
1155 1477 1284 1528 manus
1303 1460 1340 1529 et
1360 1455 1503 1552 accepit
1524 1453 1633 1528 omnia

308 1588 520 1678 paramenta
547 1581 674 1656 ordine
697 1585 872 1654 consueto
898 1580 948 1654 ita
968 1581 1065 1678 quod
1090 1587 1235 1678 paratus
1259 1587 1356 1655 esset
1377 1587 1571 1677 antequam
1595 1581 1634 1654 Te

308 1707 425 1780 Deum
443 1705 621 1780 liniretur.
641 1709 719 1793 Quo
742 1704 857 1795 linito,
876 1704 963 1778 dixit
983 1705 1155 1780 Dominus
1175 1706 1350 1778 vobiscum
1371 1711 1408 1779 et
1427 1707 1631 1794 orationem,

309 1833 448 1906 duobus
478 1833 551 1906 suis
582 1831 777 1931 capellanis
807 1830 879 1904 duo
914 1831 1131 1906 candelabra
1163 1854 1246 1905 cum
1276 1829 1517 1904 luminaribus
1543 1833 1634 1928 juxta

310 1957 427 2052 ipsum
448 1958 666 2032 tenentibus.
696 1955 846 2030 Diacoui
873 1962 909 2029 61
934 1955 1143 2030 subdiaconi
1167 1956 1305 2053 capelle
1335 1960 1557 2052 acceperunt
1579 1980 1634 2028 sua

308 2087 521 2180 paramenta
544 2082 630 2155 dum
658 2103 755 2154 nona
780 2081 888 2158 lectio
913 2081 1107 2156 diceretur.
1134 2081 1337 2154 Duodecim
1360 2081 1521 2155 scutiferi
1545 2085 1703 2177 Papo

309 2214 503 2282 tenuerunt
488 2206 714 2282 tduodecim
734 2203 914 2280 intorticia
929 2204 1023 2296 alba,
1046 2227 1109 2280 sex
1126 2209 1223 2278 16116
1235 2204 1393 2278 11666661
1409 2204 1635 2302 1166611616-

310 2356 390 2406 rum
411 2331 647 2406 cardinalium
667 2340 784 2408 etsex
803 2331 975 2430 incapite
999 2337 1035 2406 et
1056 2331 1184 2404 retro'
1174 2354 1211 2402 1n
1232 2330 1388 2404 bancum
1409 2330 1634 2408 diaconorum

311 2457 562 2532 cardinalium.
594 2463 722 2534 Preter
755 2459 1002 2534 celebrantem
1032 2455 1274 2530 interfuerunt
1306 2463 1390 2530 octo
1421 2456 1633 2546 cardinales.

307 2581 506 2656 videlicet:
536 2586 825 2673 Beneventanus,
853 2581 1049 2656 Aleriensis
1079 2588 1173 2656 ets
1202 2580 1392 2656 Anastasio
1418 2581 1632 2680 presbyteri;

310 2707 495 2800 Senensis
515 2708 560 2783 de
583 2712 696 2802 Fuxo,
723 2735 753 2782 s.
778 2709 934 2808 Georgii,
957 2707 1133 2782 Columna
1153 2713 1189 2782 et
1207 2705 1384 2780 Ascanius
1405 2705 1548 2781 diaconi
1553 2707 1633 2802 ,qui

312 2855 454 2926 omnes,
472 2840 594 2932 preter
607 2835 856 2911 aleriensem
846 2859 884 2908 16
902 2834 1036 2932 palatio
1057 2834 1127 2907 hac
1145 2838 1253 2908 nocte
1267 2833 1497 2929 quieverunt.
1519 2839 1559 2908 ln
1572 2834 1634 2908 bac

312 2959 435 3051 611666,
455 2960 577 3034 616616
597 2966 678 3034 61161
698 2984 802 3036 16616
825 2961 930 3034 661116
946 2961 1147 3050 observata,
1172 2983 1242 3056 que
1263 2959 1364 3034 finita
1378 2967 1433 3036 est
1449 2960 1635 3036 interduo

310 3085 488 3160 decimam
505 3091 540 3159 et
556 3086 735 3161 decimam
751 3086 894 3162 tertiam
907 3087 1029 3160 boras.
1049 3089 1126 3172 Qua
1141 3083 1256 3175 finita,
1274 3085 1476 3161 cardinales
1491 3085 1632 3184 predicti

287 3219 347 3288 ,et
370 3211 429 3285 alii
454 3235 581 3288 omnes
607 3212 793 3288 exiverunt
819 3211 1010 3310 capellam,
1039 3215 1206 3284 cantores
1228 3211 1396 3284 dixerunt
1410 3212 1537 3286 laudes
1562 3211 1635 3285 sub

310 3337 422 3411 missa
438 3359 527 3412 voce
546 3337 716 3435 legendo
740 3337 945 3414 Secundam
964 3335 1113 3410 missam
1134 3337 1222 3411 dixit
1242 3339 1353 3413 abbas
1377 3363 1407 3412 6.
1427 3338 1631 3428 Sebastiam,

311 3463 461 3536 sacrista
475 3463 609 3560 palatii,
627 3464 683 3536 cui
700 3463 737 3536 in
751 3463 871 3538 officio
885 3461 1174 3538 ceremoniarum
1186 3465 1370 3539 lohannes
1381 3465 1495 3540 Maria
1507 3465 1634 3562 collega

311 3610 413 3662 meus
425 3587 890 3685 solusmrnrstrantqusaD
905 3588 1063 3664 Aldellus
1076 3594 1112 3662 et
1124 3610 1208 3684 ego
1223 3594 1305 3685 post
1316 3612 1631 3686 pnmammussam

310 3712 458 3784 domum
483 3711 670 3784 rediimus.
697 3711 833 3786 Forerii
840 3718 1061 3808 ,antequam
1087 3713 1249 3788 secunda
1272 3714 1384 3788 missa
1410 3715 1630 3813 inciperetur,

310 3837 556 3934 deposuerunt
580 3846 614 3911 et
640 3844 852 3912 amoverunt
874 3861 1013 3936 pannos
1037 3838 1167 3914 virides
1194 3863 1239 3914 ex
1263 3839 1402 3938 capella
1430 3848 1470 3914 ut
1492 3842 1632 3916 eborum

309 3961 508 4036 1166111666
536 3961 824 4061 Petripararent
848 3968 884 4038 et
908 3964 1002 4038 male
1032 3964 1118 4062 quia
1140 3965 1345 4063 potuissent
1369 3965 1405 4040 id
1427 3975 1511 4064 post
1533 3966 1631 4042 linem

312 4087 421 4162 misse
437 4087 582 4162 1661666.

359 4213 505 4283 Festum
518 4210 710 4285 nativitatis
724 4211 975 4290 SalvatonsN
990 4219 1023 4292 J.
1041 4221 1096 4308 (1.,
1114 4217 1204 4292 ena
1218 4226 1333 4310 sexta
1348 4223 1393 4294 25
1410 4218 1496 4294 diets
1509 4241 1630 4294 mensis
1702 4161 1703 4340 1

311 4335 513 4410 decembris
528 4335 724 4433 incipiente
739 4361 761 4411 a
774 4339 956 4415 nativitate
968 4343 1133 4440 ejusdem
1148 4345 1478 4418 MCGCCLXXXX
1469 4369 1506 4416 rn
1518 4366 1627 4422 mune.

313 4463 376 4534 SS.
401 4463 444 4535 D.
470 4463 514 4536 N.
547 4466 693 4559 paratus
715 4486 816 4538 more
841 4465 962 4559 solito,
992 4468 1313 4566 processionaliter
1334 4470 1401 4543 sub
1422 4469 1625 4544 baldachino

310 4585 405 4659 venit
418 4585 464 4658 ad
476 4584 661 4660 basilicam
679 4585 848 4685 principis
867 4592 1114 4688 apostolorum
1132 4594 1177 4668 de
1199 4595 1293 4669 Urbe
1313 4595 1387 4687 ubi,
1408 4595 1504 4670 lacta
1524 4595 1560 4668 in
1573 4593 1627 4666 lal-

312 4709 460 4784 distorio
481 4735 526 4786 ex
544 4734 645 4785 more
668 4711 844 4804 oratione,
862 4717 1026 4791 aseendit
1041 4719 1166 4793 sedem
1181 4719 1325 4795 bassam
1340 4744 1407 4818 pro
1423 4717 1625 4818 recipiendis
1702 4701 1703 4794 l

311 4837 530 4931 paramentis
560 4837 760 4912 ordinatam
789 4839 850 4912 ubi
872 4842 1074 4917 cardinales
1106 4851 1142 4918 61
1164 4867 1291 4918 616666
1314 4845 1474 4954 prelatos
1497 4848 1624 4943 paratos

310 4958 356 5032 ad
374 4961 612 5036 reverentiam
636 4964 784 5062 recepit.
810 4967 946 5064 lncepit
965 4967 1096 5044 deinde
1116 4970 1273 5062 tertiam,
1294 4977 1330 5046 et
1345 4971 1415 5046 alia
1429 4994 1530 5046 more
1549 4989 1624 5042 con·
1702 4947 1703 5016 3

311 5086 413 5155 sueto
434 5091 516 5157 sunt
538 5087 735 5162 observata.
757 5095 880 5164 Rmus.
901 5091 1217 5178 vicecancellarius
1241 5096 1326 5173 16611
1340 5097 1507 5199 officium
1526 5094 1623 5170 assis·
1702 5097 1703 5192 1
