3496 6056
95 517 164 582 [torti
180 515 247 580 {tall
417 515 543 575 RERUM
569 515 797 577 URBANARUM
821 519 1083 578 commeatuum
1384 528 1418 582 87

91 669 253 762 restituit3
282 672 416 770 quibus
437 673 606 772 receptis,
628 673 725 748 idem
747 675 846 771 prior
874 679 970 775 Papo
998 675 1116 750 adhuc
1138 675 1278 750 sedenti
1304 677 1414 775 cingit

92 819 190 893 supra
213 796 403 892 planetam
426 821 553 873 zonam
581 799 625 873 do
650 801 766 874 serico
791 800 904 876 rubeo
926 825 1009 876 cum
1033 803 1142 874 bursa
1165 825 1347 898 purpurea
1370 801 1419 874 illi

92 921 314 1018 appendente
333 923 371 996 in
391 949 461 1022 qua
481 929 564 1000 sunt
583 924 776 999 duodecim
797 925 936 1023 lapides
966 925 1112 1024 pretiosi
1138 949 1222 1000 cum
1247 927 1370 1024 sigillis
1386 933 1421 1000 et
1500 919 1505 936 '

92 1069 221 1122 musco.

138 1177 186 1247 oe
198 1175 349 1272 judeis:

134 1303 240 1397 Papa,
260 1325 331 1397 per
349 1309 511 1377 montem
529 1304 724 1400 iordanum
744 1307 954 1378 transeunte
975 1305 1070 1378 ads.
1091 1303 1294 1377 iohannem
1318 1307 1420 1376 Late·

93 1449 292 1518 senensem,
310 1433 506 1502 occurrunt
519 1429 551 1503 ei
566 1429 666 1526 judei
686 1429 723 1502 in
743 1429 863 1527 platea
882 1429 1015 1502 montis
1028 1430 1187 1527 jordani,
1205 1429 1284 1504 etei
1297 1429 1416 1526 legem

90 1549 280 1626 mosaicam
306 1552 477 1645 offerunt,
504 1561 671 1651 petentes
687 1555 785 1628 illam
809 1554 1015 1629 confirmari
1045 1562 1080 1628 et
1095 1554 1299 1653 approbari.
1321 1559 1418 1651 Papa

89 1683 200 1750 tamen
224 1699 292 1776 pro
321 1679 392 1752 hoc
419 1679 496 1754 vice
521 1681 701 1755 concessit
729 1681 816 1778 ipsis
839 1680 959 1778 judeis
985 1679 1167 1754 licentiam
1192 1679 1290 1776 quod
1311 1701 1419 1776 super

91 1824 187 1876 muro
213 1803 380 1878 interiori
409 1806 515 1879 castri
545 1831 575 1878 s.
605 1805 733 1903 Angeli
758 1806 853 1878 iuter
880 1805 1037 1880 merulas
1063 1805 1183 1901 legem
1208 1803 1418 1901 hujusmodi

89 1928 245 2018 oderant,
262 1954 311 2004 ne
326 1955 347 2004 a
360 1931 533 2020 romanis,
556 1939 596 2004 ut
611 1932 698 2005 alias
715 1935 835 2004 actum
850 1938 919 2022 est,
944 1930 1207 2028 opprimantur,
1225 1934 1287 2004 aut
1301 1929 1419 2026 alique

89 2051 211 2148 injurie
226 2053 318 2150 ipsis
334 2055 547 2129 inserantur.

134 2180 183 2252 De
196 2180 517 2254 conservatoribus
533 2205 677 2257 camere
694 2181 797 2256 Urbis
816 2210 823 2254 :

134 2306 414 2379 Conservatores
437 2329 581 2382 camere
602 2307 706 2381 Urbis
727 2307 861 2380 ducant
877 2306 949 2380 sive
963 2304 1151 2379 adextrant
1166 2327 1300 2400 equum
1321 2309 1417 2403 Papa

92 2453 149 2525 per
164 2431 307 2504 tranum
329 2455 350 2504 a
369 2431 531 2529 plateas.
551 2433 646 2507 Petri
662 2433 707 2507 ad
723 2437 952 2506 Lateranum.

135 2559 315 2652 lleputeut
345 2565 490 2632 centum
515 2565 551 2631 et
574 2567 730 2655 quatuor
772 2558 867 2632 cives
895 2579 961 2654 pro
993 2556 1228 2631 baldacchino
1255 2556 1418 2654 corporis

93 2683 211 2756 Christi
226 2682 478 2780 protredecim
494 2684 603 2758 mutis
620 2691 655 2756 et
668 2685 814 2760 cuilibet
829 2707 932 2757 suam
945 2685 1172 2781 consignent,
1188 2689 1223 2757 ct
1237 2689 1319 2756 sunt
1335 2691 1417 2756 octo

91 2823 149 2897 pro
167 2800 329 2898 qualibet
356 2799 446 2874 rice.
477 2807 567 2878 ltem
593 2807 742 2882 totidem
770 2809 859 2883 alios
884 2833 951 2908 pro
986 2807 1204 2883 baldachino
1233 2812 1329 2905 Pape
1353 2831 1417 2904 pro

91 2926 254 3002 tredecim
274 2933 387 3005 mutis
406 2961 413 3006 :
432 2932 573 3007 avisant
588 2932 762 3008 officiales
777 2935 899 3032 palatii
915 2935 1183 3026 Lateranorum,
1202 2941 1253 3025 ut,
1271 2938 1367 3030 Papa
1381 2933 1418 3005 iu

94 3056 342 3132 secundasede
354 3057 559 3157 porphyrea
571 3059 733 3150 sedente,
747 3082 874 3133 omues
886 3061 1029 3136 veniant
1049 3060 1094 3134 ad
1112 3060 1224 3157 pedes
1239 3059 1418 3132 osculum.

133 3181 226 3256 blute
252 3206 385 3257 omnes
409 3207 474 3282 per
494 3207 553 3259 me
580 3184 741 3258 ordinate
773 3185 921 3259 suerunt
944 3188 981 3258 in
1004 3185 1061 3257 his
1085 3185 1190 3272 locis,
1220 3184 1411 3260 videlicet:

134 3305 234 3400 primi
250 3315 440 3405 portarent
464 3332 486 3382 a
502 3309 666 3405 plateas.
686 3310 781 3382 Petri
798 3331 912 3406 usque
926 3317 1011 3384 ante
1027 3309 1175 3382 domum
1195 3306 1412 3398 Aleriensis;

132 3434 291 3526 secundi,
310 3435 453 3509 abinde
469 3458 584 3532 usque
600 3435 646 3508 ad
659 3435 832 3531 angulum
848 3435 955 3510 castri
972 3459 1001 3506 s.
1014 3431 1141 3530 angeli
1153 3432 1242 3506 citra
1256 3438 1411 3529 portam,

134 3557 235 3650 tertii,
254 3559 397 3634 abinde
416 3584 530 3656 usque
546 3561 592 3634 ad
606 3560 763 3658 plateam
779 3561 911 3635 montis
920 3559 1080 3658 jordani,

134 3685 262 3780 quarti,
281 3685 326 3759 ab
341 3685 424 3760 inde
441 3709 555 3784 usque
570 3687 615 3760 ab
630 3687 788 3785 plateam
799 3687 971 3785 parionis,
985 3685 1151 3761 videlicet
1165 3692 1249 3760 ante
1264 3685 1415 3760 domum

92 3807 128 3877 ll.
146 3808 324 3903 FalconiS,

132 3935 259 4030 quinti,
277 3936 322 4010 ab
337 3935 423 4010 iude
437 3959 553 4034 usque
566 3945 649 4011 ante
669 3937 863 4019 ecclesiam
880 3963 909 4011 s.
927 3937 1141 4029 sebastiani,

133 4062 230 4152 sexti,
246 4061 390 4136 abinde
406 4085 520 4159 usque
536 4063 627 4136 ultra
639 4063 788 4136 domum
800 4064 976 4137 Gabrielis
992 4065 1037 4138 de
1049 4063 1226 4138 Gesarinis
1239 4062 1419 4138 adintroi-

94 4189 159 4256 tum
173 4186 224 4260 vie
239 4185 450 4284 pelliciarie,

137 4311 288 4406 septimi,
305 4310 450 4384 abinde
466 4310 556 4383 ads.
579 4315 753 4404 Marcum,

136 4435 260 4524 octavi,
278 4435 428 4532 aplataa
443 4459 473 4508 s.
491 4437 602 4508 Marci
618 4437 662 4509 ad
678 4437 869 4512 ecclesiam
885 4465 914 4513 s.
933 4438 1093 4528 Adriani,

138 4560 232 4650 noui,
250 4561 393 4634 abinde
410 4565 492 4633 ante
508 4559 700 4634 ecclesiam
717 4565 821 4636 beate
838 4565 948 4638 llarie
965 4589 1069 4654 nove,

139 4684 278 4776 decimi,
298 4687 440 4760 abinde
457 4711 568 4783 usque
584 4688 629 4760 ad
644 4687 837 4780 Coliacum,

138 4812 327 4901 undecimi,
344 4812 486 4885 abinde
502 4836 615 4908 usque
632 4813 676 4885 ad
692 4813 846 4910 plateam
863 4839 892 4886 a.
911 4815 1118 4906 Clementia,

139 4935 349 5026 duodecimi,
367 4939 411 5010 ab
427 4938 508 5010 inde
525 4939 569 5011 ad
583 4939 741 5012 medium
757 4940 826 5012 iter
840 4965 869 5012 s.
888 4941 1059 5013 lobannis
1072 4944 1336 5037 Lateranensis‚

139 5064 227 5137 tertii
242 5063 388 5154 decimi,
406 5063 549 5138 abinde
564 5089 677 5163 usquc
698 5067 742 5139 ad
763 5073 903 5164 portam
924 5067 1055 5142 ecclesi
1073 5093 1102 5140 s.
1121 5070 1293 5146 iohannis
1309 5077 1415 5148 Late-

101 5208 257 5265 mnensrs.
