3508 6034
102 475 257 542 [novembre
273 473 341 542 tter]
432 469 559 527 RERUM
585 469 810 528 URBANARUM
834 471 1095 529 conuenienti.
1371 477 1423 531 433

146 629 229 698 Post
245 625 554 700 deosculationem
584 625 731 722 pedum,
749 625 895 700 ultimus
918 633 1052 714 orator,
1076 626 1292 702 secretarius
1313 626 1423 723 regis,

102 751 192 826 dedit
206 751 333 824 literas
349 749 488 847 regales
505 750 622 848 primo
639 749 787 840 oratori,
801 750 965 824 videlicet
981 751 1152 848 episcopo
1165 749 1424 838 Lombariensi,

99 875 356 974 presentandos
378 879 491 973 Pape3
520 900 608 971 quas
627 875 687 950 ille
708 875 900 974 recipienS,
923 876 1155 950 deosculatus
1172 875 1287 973 priuS,
1307 875 1427 971 ponti-

99 1001 152 1074 fici
167 999 325 1092 tradidit,
339 1000 399 1096 qui
414 999 673 1098 illasepiscopo
688 1001 862 1075 Perusino
875 1001 1071 1076 secretario
1088 1024 1153 1073 suo
1170 1000 1268 1072 dedit
1284 998 1426 1096 publice

99 1125 227 1200 ibidem
255 1124 446 1220 legendas;
481 1135 557 1197 tum
598 1125 683 1198 dicti
709 1125 837 1200 decem
868 1133 1030 1200 oratores
1064 1134 1294 1199 recesserunt
1325 1131 1426 1197 extra

101 1250 254 1324 scabella
269 1248 503 1322 cardinalium
520 1255 555 1322 et
566 1249 627 1336 ibi,
645 1251 745 1346 quasi
762 1251 856 1324 inter
869 1252 1064 1325 ultimuma
1077 1250 1208 1324 dextris
1223 1258 1257 1326 et
1267 1250 1425 1348 primum

100 1373 329 1470 presbyteros
343 1372 542 1446 cardinales
556 1396 577 1444 a
590 1373 742 1447 sinistris
757 1399 849 1472 pape
863 1375 1114 1468 ascendeutes,
1133 1377 1422 1474 genussexerunt,

102 1500 289 1596 episcopus
303 1498 573 1572 Lombariensis
585 1487 687 1595 juxta
702 1501 864 1574 ultimum
885 1503 1105 1578 cardinalem
1126 1503 1296 1578 adextri‘s
1314 1507 1423 1601 Pape,

102 1631 176 1722 post
191 1648 277 1697 eum
294 1623 411 1713 Prior,
430 1629 504 1696 tum
525 1622 636 1698 abbas
658 1649 686 1698 s.
707 1626 866 1716 Antonii,
891 1627 1021 1702 deinde
1051 1629 1108 1702 alii
1137 1653 1202 1704 suo
1227 1628 1366 1712 ordine,
1392 1635 1428 1702 et

101 1757 176 1844 post
193 1771 257 1822 eos
276 1749 420 1845 quidam
438 1771 616 1823 exeorum
636 1749 787 1841 tanrilla,
807 1751 998 1848 quibussic
1014 1752 1228 1849 genuflexis,
1245 1752 1429 1848 predictus

104 1873 290 1970 episcopus
309 1871 504 1946 Perusinus
514 1873 602 1970 legit
614 1874 735 1948 literas
751 1876 868 1973 regias
881 1877 1043 1973 pontifici
1056 1883 1296 1974 presentatas,
1315 1878 1432 1976 primo

105 1999 446 2096 suprascriptionem
470 2021 540 2096 que
570 2005 646 2074 erat
668 1997 739 2072 SS.
769 2000 815 2072 D.
843 1999 894 2073 N.
921 2025 1058 2074 sommo
1075 2002 1242 2099 pontifici
1264 2028 1277 2072 .·
1302 2001 1431 2074 deinde

106 2123 421 2220 subscriptionem,
445 2146 515 2218 que
530 2129 606 2196 erat
625 2147 690 2195 rec
712 2123 864 2197 Francie
881 2122 1038 2214 Cborlea,
1059 2133 1135 2198 tum
1162 2125 1329 2222 dataque
1354 2131 1430 2198 erat

109 2245 265 2338 Turonis,
284 2248 343 2321 die
363 2253 452 2336 etc.;
471 2247 601 2322 deinde
621 2247 778 2344 acupile
802 2248 989 2324 literarum
1017 2249 1234 2348 incipiendo,
1262 2276 1332 2348 que
1348 2275 1428 2325 cre-

106 2369 399 2452 dentialeserant,
413 2371 746 2468 continentesquod
762 2397 825 2446 rex
840 2373 1003 2447 mittebat
1021 2376 1065 2448 ad
1079 2377 1313 2450 Sanctitatem
1327 2400 1429 2449 suam

107 2516 146 2564 ex
160 2493 425 2590 urgentissimis
441 2494 558 2568 causis
574 2495 755 2593 predictos
767 2498 895 2572 decem
910 2507 1086 2590 oratoreS,
1105 2507 1138 2576 et
1154 2501 1330 2596 quosdam
1341 2501 1430 2574 alios

107 2613 137 2688 iu
168 2617 255 2715 ipsis
291 2617 405 2694 literis
439 2619 643 2694 nominatos
671 2623 728 2718 qui
756 2625 916 2697 noudum
938 2625 1205 2722 applicuerant;
1234 2625 1363 2722 quibus
1397 2633 1433 2698 et

108 2763 225 2814 eorum
255 2741 421 2839 singulis,
449 2743 647 2818 dummodo
675 2747 868 2845 episcopus
896 2751 1164 2824 Lombariensis
1198 2774 1290 2824 unus
1321 2754 1430 2839 esset,

111 2889 166 2938 rex
181 2866 256 2964 ipse
273 2868 490 2964 precabatur
503 2868 540 2940 in
559 2871 782 2966 exponendis
797 2873 943 2970 plenam
963 2873 1072 2947 fidem
1088 2873 1252 2946 exhiberi
1270 2871 1331 2964 (t).

152 2975 267 3068 Lectis
283 2991 409 3080 literis,
427 2989 619 3091 episcopus
643 2997 911 3070 Lombariensis
936 2997 1021 3070 lecit
1045 3021 1190 3094 parvam
1212 2996 1430 3086 orationem,

110 3111 142 3184 iu
157 3138 224 3209 qua
238 3116 397 3190 breviter
421 3118 577 3192 narravit
593 3119 727 3192 cultum
740 3121 800 3218 qui
820 3145 966 3219 semper
983 3119 1049 3194 suit
1073 3120 1110 3192 in
1134 3143 1295 3192 summos
1313 3119 1433 3216 ponti-

112 3237 191 3312 fices
203 3243 298 3339 apud
317 3265 421 3340 reges
439 3243 591 3318 Francia
606 3267 710 3340 quos,
729 3245 821 3320 inter
832 3243 1015 3319 seculares
1030 3243 1224 3340 principes,
1237 3243 1430 3338 primatum

114 3367 227 3441 tenere
243 3367 405 3457 dicebat;
423 3376 499 3442 tum
513 3369 685 3466 gaudium
705 3367 920 3465 significavit
938 3367 983 3442 da
998 3366 1094 3440 felici
1110 3364 1431 3462 statuSauctitatis

113 3512 181 3578 sue,
197 3490 355 3566 laudavit
369 3492 590 3590 diligentiam
607 3500 642 3566 et
660 3493 844 3566 solertiam
863 3492 1022 3600 episcopi
1044 3490 1320 3566 Concordiensis
1332 3496 1368 3564 et
1384 3492 1427 3563 D.

113 3617 247 3688 antonii
264 3615 390 3690 Flores
402 3617 729 3692 referendariorum
754 3615 950 3714 apostolice
968 3615 1078 3704 sedis,
1096 3615 1132 3687 iu
1148 3614 1301 3688 Francia
1317 3637 1433 3711 nuper

113 3745 304 3831 oratorum,
323 3750 498 3816 eteorum
517 3767 664 3842 operam
678 3741 956 3818 commendavit.
970 3745 1170 3838 Propterea
1180 3763 1304 3837 regem
1320 3740 1433 3814 multa

114 3863 215 3938 ardua
230 3873 265 3940 et
274 3889 405 3962 magne
420 3867 651 3964 importantie
670 3867 818 3964 negotia
832 3867 919 3963 ipsis
937 3865 1132 3940 commissa
1147 3887 1227 3938 esse
1245 3864 1432 3938 Sanctitati

115 4009 172 4062 soe
182 3991 394 4090 exponenda
402 4015 470 4086 que
483 3991 591 4066 modo
607 3993 717 4066 etiam
733 3991 927 4065 summarie
944 3991 1123 4088 explicare
1139 3989 1241 4064 valde
1255 3989 1432 4086 prolixum

115 4118 226 4186 esset:
249 4112 399 4210 rogabat
426 4113 577 4211 proinde
602 4121 745 4212 tempus
772 4113 869 4187 aliud
895 4113 948 4186 eis
978 4114 1099 4202 statui,
1128 4136 1199 4209 quo
1225 4113 1281 4186 vel
1309 4135 1431 4185 coram

117 4233 304 4312 Sanctitate
320 4262 384 4310 sua
395 4237 449 4312 vel
462 4261 676 4334 quocunque
693 4237 764 4310 alio
779 4260 845 4335 per
866 4237 1101 4310 Sanctitatem
1125 4259 1227 4309 suam
1249 4235 1371 4308 lorsen
1386 4235 1432 4308 ad

148 4424 171 4476 l·
190 4447 204 4475 «
219 4425 400 4484 Instructions
414 4428 430 4482 b
445 4425 585 4482 Moosieur
606 4424 750 4497 l‘Evesque
771 4423 805 4479 de
820 4423 947 4492 Lombez,
961 4421 1041 4478 Abbe
1056 4421 1090 4478 de
1105 4419 1184 4477 Seint
1200 4420 1304 4492 Donys,
1320 4423 1336 4475 a
1350 4419 1430 4476 blon-

117 4506 181 4566 sicur
194 4511 218 4570 le
232 4515 432 4572 Gmud-Priaur
453 4513 636 4587 d'Auvergne,
653 4513 824 4572 aMousieur
838 4511 935 4568 l'nbbe
951 4510 1030 4567 Saint
1047 4509 1184 4566 Aotboine
1196 4509 1230 4564 de
1240 4507 1379 4576 Viennois,
1396 4525 1431 4564 au

118 4593 241 4672 Seigueur
260 4603 295 4660 de
313 4604 431 4674 Peucon,
453 4607 470 4660 a
491 4603 605 4660 Meistre
629 4603 698 4659 laen
721 4602 820 4670 Rabot,
844 4599 957 4657 Cbarles
977 4601 1011 4656 de
1035 4599 1179 4668 Hautbois,
1199 4597 1314 4654 Beooist
1333 4597 1431 4666 Adam,

118 4683 205 4746 Micbel
220 4693 329 4767 biquet.
344 4693 480 4750 botboine
492 4691 626 4762 bellense,
637 4693 704 4748 laun
720 4691 754 4746 de
768 4689 900 4758 Candida,
911 4689 977 4746 Jean
987 4689 1143 4758 Bricoonet,
1155 4688 1221 4744 leun
1234 4687 1362 4752 Licnens,
1372 4693 1433 4740 tous

118 4769 268 4839 Couseillers
283 4785 340 4839 eta
359 4781 511 4840 Guillaume
533 4781 664 4854 Bongier,
683 4779 833 4836 Secretaire
854 4779 892 4834 du
910 4779 983 4852 Ray,
1001 4779 1136 4834 touchant
1150 4794 1181 4832 ce
1202 4775 1282 4850 qu'ils
1303 4777 1436 4830 curante

119 4857 243 4938 besoguer
254 4872 287 4927 de
302 4889 350 4944 par
363 4871 441 4928 icelui
456 4871 592 4946 Seigneur
607 4888 703 4926 envers
720 4877 812 4926 nostre
829 4868 908 4924 Saint
922 4867 988 4924 Pare
1001 4867 1026 4923 le
1040 4869 1152 4940 Papa.»
1168 4865 1238 4939 Voy.
1251 4869 1267 4921 a
1281 4862 1436 4935 l‘dppend.,

119 4957 147 5001 ¹¹⁹
164 4955 204 5022 37,
220 4975 249 5015 ce
264 4959 408 5017 document
424 4959 563 5033 reproduit
582 4959 615 5014 ici
639 4963 656 5015 a
676 4976 758 5015 cause
779 4958 813 5014 de
832 4973 881 5013 son
905 4957 1084 5030 importence,
1098 4955 1160 5012 bien
1176 4954 1239 5028 qu'il
1259 4952 1297 5010 ait
1316 4950 1435 5022 dejecte

120 5039 201 5108 rubus
211 5063 257 5119 par
272 5049 417 5124 Godelroy,
430 5047 505 5106 Htst.
518 5051 554 5104 de
566 5049 686 5106 Cbcrtes
702 5049 784 5115 VIII,
796 5064 822 5119 p.
833 5047 896 5117 617,
909 5053 936 5102 et
945 5063 995 5118 per
1005 5047 1039 5102 de
1053 5045 1180 5102 Pastoret
1194 5043 1263 5100 dans
1275 5042 1314 5098 les
1328 5041 1439 5095 Ordon-

120 5142 216 5189 Mncea
228 5139 277 5192 des
291 5138 362 5194 Rota
375 5140 411 5194 de
425 5141 549 5206 Franco,
563 5145 584 5196 t.
600 5139 662 5202 xx,
679 5155 710 5212 p.
728 5137 791 5192 290.

248 5269 273 5308 τ.
294 5271 312 5308 r.
1261 5251 1298 5304 28
