<?xml version="1.0" encoding="UTF-8"?>
<!DOCTYPE html PUBLIC "-//W3C//DTD XHTML 1.0 Transitional//EN"
    "http://www.w3.org/TR/xhtml1/DTD/xhtml1-transitional.dtd">
<html xmlns="http://www.w3.org/1999/xhtml" xml:lang="en" lang="en">
 <head>
  <title>
</title>
<meta http-equiv="Content-Type" content="text/html;charset=utf-8" />
  <meta name='ocr-system' content='tesseract 3.04.00' />
  <meta name='ocr-capabilities' content='ocr_page ocr_carea ocr_par ocr_line ocrx_word'/>
</head>
<body>
  <div class='ocr_page' id='page_1' title='image "./johannisburchar02burcgoog/johannisburchar02burcgoog_0440.png"; bbox 0 0 3422 6034; ppageno 0'>
   <div class='ocr_carea' id='block_1_1' title="bbox 91 496 1431 575">
    <p class='ocr_par' dir='ltr' id='par_1_1' title="bbox 91 496 1431 575">
     <span class='ocr_line' id='line_1_1' title="bbox 91 496 1431 575; baseline -0.001 -17"><span class='ocrx_word' id='word_1_1' title='bbox 91 505 253 575; x_wconf 79' lang='lat' dir='ltr'>[Novembra</span> <span class='ocrx_word' id='word_1_2' title='bbox 266 505 336 568; x_wconf 70' lang='lat'>1491]</span> <span class='ocrx_word' id='word_1_3' title='bbox 420 500 546 557; x_wconf 83' lang='lat' dir='ltr'>RERUM</span> <span class='ocrx_word' id='word_1_4' title='bbox 573 497 801 555; x_wconf 77' lang='lat' dir='ltr'>uussxuauuu</span> <span class='ocrx_word' id='word_1_5' title='bbox 827 496 1090 554; x_wconf 84' lang='lat' dir='ltr'><strong>COMMENTARII.</strong></span> <span class='ocrx_word' id='word_1_6' title='bbox 1377 501 1431 556; x_wconf 74' lang='lat'>425</span> 
     </span>
    </p>
   </div>
   <div class='ocr_carea' id='block_1_2' title="bbox 83 651 1430 4383">
    <p class='ocr_par' dir='ltr' id='par_1_2' title="bbox 90 651 1430 866">
     <span class='ocr_line' id='line_1_2' title="bbox 90 651 1430 757; baseline -0.003 -25"><span class='ocrx_word' id='word_1_7' title='bbox 90 658 299 757; x_wconf 76' lang='lat' dir='ltr'>Aliprandis</span> <span class='ocrx_word' id='word_1_8' title='bbox 315 656 455 741; x_wconf 91' lang='lat' dir='ltr'>doctor,</span> <span class='ocrx_word' id='word_1_9' title='bbox 474 653 560 726; x_wconf 94' lang='lat' dir='ltr'>olim</span> <span class='ocrx_word' id='word_1_10' title='bbox 582 651 736 726; x_wconf 87' lang='lat' dir='ltr'>vicarius</span> <span class='ocrx_word' id='word_1_11' title='bbox 753 651 982 748; x_wconf 76' lang='lat' dir='ltr'>episcopatus</span> <span class='ocrx_word' id='word_1_12' title='bbox 997 651 1196 750; x_wconf 77' lang='lat' dir='ltr'>papiensis,</span> <span class='ocrx_word' id='word_1_13' title='bbox 1216 653 1346 727; x_wconf 88' lang='lat' dir='ltr'>Omnia</span> <span class='ocrx_word' id='word_1_14' title='bbox 1360 653 1430 728; x_wconf 89' lang='lat' dir='ltr'>alia</span> 
     </span>
     <span class='ocr_line' id='line_1_3' title="bbox 90 776 925 866; baseline -0.011 -9"><span class='ocrx_word' id='word_1_15' title='bbox 90 784 286 857; x_wconf 85' lang='lat' dir='ltr'>observata</span> <span class='ocrx_word' id='word_1_16' title='bbox 302 785 384 854; x_wconf 88' lang='lat' dir='ltr'>sunl</span> <span class='ocrx_word' id='word_1_17' title='bbox 401 801 504 851; x_wconf 89' lang='lat' dir='ltr'>more</span> <span class='ocrx_word' id='word_1_18' title='bbox 521 776 640 850; x_wconf 83' lang='lat' dir='ltr'>solito,</span> <span class='ocrx_word' id='word_1_19' title='bbox 922 859 925 866; x_wconf 23' lang='grc' dir='ltr'>Ι</span> 
     </span>
    </p>

    <p class='ocr_par' dir='ltr' id='par_1_3' title="bbox 84 901 1429 2241">
     <span class='ocr_line' id='line_1_4' title="bbox 137 901 1428 1000; baseline -0.004 -16"><span class='ocrx_word' id='word_1_20' title='bbox 137 909 278 984; x_wconf 87' lang='lat' dir='ltr'>Eadem</span> <span class='ocrx_word' id='word_1_21' title='bbox 294 907 366 996; x_wconf 89' lang='lat' dir='ltr'>die,</span> <span class='ocrx_word' id='word_1_22' title='bbox 384 906 483 979; x_wconf 92' lang='lat' dir='ltr'>circa</span> <span class='ocrx_word' id='word_1_23' title='bbox 501 904 630 976; x_wconf 88' lang='lat' dir='ltr'>horam</span> <span class='ocrx_word' id='word_1_24' title='bbox 644 926 704 975; x_wconf 83' lang='lat' dir='ltr'>xxi</span> <span class='ocrx_word' id='word_1_25' title='bbox 720 901 757 974; x_wconf 93' lang='lat' dir='ltr'>in</span> <span class='ocrx_word' id='word_1_26' title='bbox 771 901 910 998; x_wconf 90' lang='lat' dir='ltr'>capella</span> <span class='ocrx_word' id='word_1_27' title='bbox 931 903 1070 1000; x_wconf 90' lang='lat' dir='ltr'>majore</span> <span class='ocrx_word' id='word_1_28' title='bbox 1095 902 1313 1000; x_wconf 90' lang='lat' dir='ltr'>supradicta,</span> <span class='ocrx_word' id='word_1_29' title='bbox 1332 904 1428 979; x_wconf 87' lang='lat' dir='ltr'>dicte</span> 
     </span>
     <span class='ocr_line' id='line_1_5' title="bbox 89 1027 1425 1130; baseline -0.003 -21"><span class='ocrx_word' id='word_1_30' title='bbox 89 1043 176 1110; x_wconf 84' lang='lat' dir='ltr'>sunt</span> <span class='ocrx_word' id='word_1_31' title='bbox 211 1057 363 1130; x_wconf 88' lang='lat' dir='ltr'>vespere</span> <span class='ocrx_word' id='word_1_32' title='bbox 399 1038 435 1105; x_wconf 89' lang='lat' dir='ltr'>et</span> <span class='ocrx_word' id='word_1_33' title='bbox 461 1029 637 1103; x_wconf 73' lang='lat' dir='ltr'>matutine</span> <span class='ocrx_word' id='word_1_34' title='bbox 671 1027 940 1115; x_wconf 79' lang='lat' dir='ltr'>defunctorum,</span> <span class='ocrx_word' id='word_1_35' title='bbox 966 1032 1063 1126; x_wconf 89' lang='lat' dir='ltr'>Papa</span> <span class='ocrx_word' id='word_1_36' title='bbox 1098 1029 1261 1104; x_wconf 87' lang='lat' dir='ltr'>absente.</span> <span class='ocrx_word' id='word_1_37' title='bbox 1301 1035 1425 1105; x_wconf 86' lang='lat' dir='ltr'>Rmus.</span> 
     </span>
     <span class='ocr_line' id='line_1_6' title="bbox 89 1153 1428 1250; baseline -0.003 -15"><span class='ocrx_word' id='word_1_38' title='bbox 89 1167 132 1235; x_wconf 88' lang='lat' dir='ltr'>D.</span> <span class='ocrx_word' id='word_1_39' title='bbox 152 1159 349 1234; x_wconf 90' lang='lat' dir='ltr'>cardinalis</span> <span class='ocrx_word' id='word_1_40' title='bbox 374 1183 403 1230; x_wconf 90' lang='grc'>6.</span> <span class='ocrx_word' id='word_1_41' title='bbox 430 1155 526 1229; x_wconf 87' lang='lat' dir='ltr'>Petri</span> <span class='ocrx_word' id='word_1_42' title='bbox 555 1153 601 1226; x_wconf 91' lang='lat' dir='ltr'>ad</span> <span class='ocrx_word' id='word_1_43' title='bbox 629 1153 795 1240; x_wconf 79' lang='lat' dir='ltr'>Vincula,</span> <span class='ocrx_word' id='word_1_44' title='bbox 827 1153 945 1249; x_wconf 84' lang='lat' dir='ltr'>major</span> <span class='ocrx_word' id='word_1_45' title='bbox 973 1154 1263 1250; x_wconf 85' lang='lat' dir='ltr'>penitentiarius‚</span> <span class='ocrx_word' id='word_1_46' title='bbox 1282 1156 1428 1231; x_wconf 90' lang='lat' dir='ltr'>indutus</span> 
     </span>
     <span class='ocr_line' id='line_1_7' title="bbox 87 1277 1428 1376; baseline -0.001 -19"><span class='ocrx_word' id='word_1_47' title='bbox 87 1283 242 1372; x_wconf 81' lang='lat' dir='ltr'>amictu,</span> <span class='ocrx_word' id='word_1_48' title='bbox 272 1283 366 1372; x_wconf 86' lang='lat' dir='ltr'>alba,</span> <span class='ocrx_word' id='word_1_49' title='bbox 398 1279 556 1376; x_wconf 68' lang='lat' dir='ltr'>cingula</span> <span class='ocrx_word' id='word_1_50' title='bbox 582 1301 689 1350; x_wconf 88' lang='lat' dir='ltr'>cruce</span> <span class='ocrx_word' id='word_1_51' title='bbox 712 1277 900 1373; x_wconf 87' lang='lat' dir='ltr'>pectorali,</span> <span class='ocrx_word' id='word_1_52' title='bbox 926 1278 1017 1352; x_wconf 87' lang='lat' dir='ltr'>stola</span> <span class='ocrx_word' id='word_1_53' title='bbox 1032 1285 1067 1351; x_wconf 90' lang='lat' dir='ltr'>et</span> <span class='ocrx_word' id='word_1_54' title='bbox 1089 1279 1233 1374; x_wconf 90' lang='lat' dir='ltr'>pluviali</span> <span class='ocrx_word' id='word_1_55' title='bbox 1257 1280 1370 1376; x_wconf 85' lang='lat' dir='ltr'>nigris</span> <span class='ocrx_word' id='word_1_56' title='bbox 1386 1307 1428 1355; x_wconf 89' lang='lat' dir='ltr'>ac</span> 
     </span>
     <span class='ocr_line' id='line_1_8' title="bbox 87 1401 1427 1503; baseline 0.001 -23"><span class='ocrx_word' id='word_1_57' title='bbox 87 1410 202 1482; x_wconf 86' lang='lat' dir='ltr'>mitra</span> <span class='ocrx_word' id='word_1_58' title='bbox 229 1406 406 1503; x_wconf 82' lang='lat' dir='ltr'>simplice,</span> <span class='ocrx_word' id='word_1_59' title='bbox 438 1403 573 1499; x_wconf 87' lang='lat' dir='ltr'>absque</span> <span class='ocrx_word' id='word_1_60' title='bbox 603 1401 791 1498; x_wconf 90' lang='lat' dir='ltr'>pectorali,</span> <span class='ocrx_word' id='word_1_61' title='bbox 824 1401 861 1472; x_wconf 92' lang='lat' dir='ltr'>in</span> <span class='ocrx_word' id='word_1_62' title='bbox 877 1401 1076 1476; x_wconf 81' lang='lat' dir='ltr'>faldistorio</span> <span class='ocrx_word' id='word_1_63' title='bbox 1096 1404 1199 1502; x_wconf 88' lang='lat' dir='ltr'>juxta</span> <span class='ocrx_word' id='word_1_64' title='bbox 1213 1404 1325 1478; x_wconf 87' lang='lat' dir='ltr'>altare</span> <span class='ocrx_word' id='word_1_65' title='bbox 1344 1406 1427 1480; x_wconf 92' lang='lat' dir='ltr'>loco</span> 
     </span>
     <span class='ocr_line' id='line_1_9' title="bbox 86 1525 1427 1628; baseline 0.001 -24"><span class='ocrx_word' id='word_1_66' title='bbox 86 1539 268 1606; x_wconf 81' lang='lat' dir='ltr'>consueto</span> <span class='ocrx_word' id='word_1_67' title='bbox 284 1531 352 1604; x_wconf 93' lang='lat' dir='ltr'>sibi</span> <span class='ocrx_word' id='word_1_68' title='bbox 366 1535 505 1627; x_wconf 84' lang='lat' dir='ltr'>parata,</span> <span class='ocrx_word' id='word_1_69' title='bbox 523 1528 610 1601; x_wconf 86' lang='lat' dir='ltr'>lecit</span> <span class='ocrx_word' id='word_1_70' title='bbox 626 1525 787 1598; x_wconf 82' lang='lat' dir='ltr'>officium</span> <span class='ocrx_word' id='word_1_71' title='bbox 808 1549 910 1600; x_wconf 87' lang='lat' dir='ltr'>mora</span> <span class='ocrx_word' id='word_1_72' title='bbox 934 1527 1052 1601; x_wconf 89' lang='lat' dir='ltr'>solito.</span> <span class='ocrx_word' id='word_1_73' title='bbox 1077 1533 1176 1602; x_wconf 87' lang='lat' dir='ltr'>luter</span> <span class='ocrx_word' id='word_1_74' title='bbox 1196 1553 1366 1628; x_wconf 88' lang='lat' dir='ltr'>vesperas</span> <span class='ocrx_word' id='word_1_75' title='bbox 1390 1539 1427 1606; x_wconf 90' lang='grc'>61</span> 
     </span>
     <span class='ocr_line' id='line_1_10' title="bbox 86 1651 1427 1751; baseline 0 -21"><span class='ocrx_word' id='word_1_76' title='bbox 86 1657 288 1732; x_wconf 87' lang='lat' dir='ltr'>matutinas</span> <span class='ocrx_word' id='word_1_77' title='bbox 303 1662 469 1730; x_wconf 80' lang='lat' dir='ltr'>emtores</span> <span class='ocrx_word' id='word_1_78' title='bbox 485 1678 552 1751; x_wconf 92' lang='lat' dir='ltr'>per</span> <span class='ocrx_word' id='word_1_79' title='bbox 565 1677 631 1726; x_wconf 92' lang='lat' dir='ltr'>nos</span> <span class='ocrx_word' id='word_1_80' title='bbox 654 1651 778 1725; x_wconf 92' lang='lat' dir='ltr'>avisati</span> <span class='ocrx_word' id='word_1_81' title='bbox 794 1651 979 1748; x_wconf 89' lang='lat' dir='ltr'>paululum</span> <span class='ocrx_word' id='word_1_82' title='bbox 995 1663 1225 1750; x_wconf 83' lang='lat' dir='ltr'>gemuerunt,</span> <span class='ocrx_word' id='word_1_83' title='bbox 1243 1656 1427 1730; x_wconf 80' lang='lat' dir='ltr'>cardinale</span> 
     </span>
     <span class='ocr_line' id='line_1_11' title="bbox 84 1777 1428 1880; baseline -0.001 -23"><span class='ocrx_word' id='word_1_84' title='bbox 84 1781 256 1880; x_wconf 86' lang='lat' dir='ltr'>predicto</span> <span class='ocrx_word' id='word_1_85' title='bbox 271 1781 417 1855; x_wconf 91' lang='lat' dir='ltr'>interim</span> <span class='ocrx_word' id='word_1_86' title='bbox 441 1780 478 1852; x_wconf 93' lang='lat' dir='ltr'>in</span> <span class='ocrx_word' id='word_1_87' title='bbox 493 1779 590 1853; x_wconf 89' lang='lat' dir='ltr'>dicto</span> <span class='ocrx_word' id='word_1_88' title='bbox 605 1777 806 1850; x_wconf 84' lang='lat' dir='ltr'>faldistorio</span> <span class='ocrx_word' id='word_1_89' title='bbox 823 1777 991 1866; x_wconf 88' lang='lat' dir='ltr'>sedentc;</span> <span class='ocrx_word' id='word_1_90' title='bbox 1010 1803 1081 1875; x_wconf 95' lang='lat' dir='ltr'>quo</span> <span class='ocrx_word' id='word_1_91' title='bbox 1097 1789 1282 1878; x_wconf 85' lang='lat' dir='ltr'>surgente,</span> <span class='ocrx_word' id='word_1_92' title='bbox 1300 1807 1428 1879; x_wconf 88' lang='lat' dir='ltr'>quam-</span> 
     </span>
     <span class='ocr_line' id='line_1_12' title="bbox 84 1903 1426 2006; baseline 0.001 -26"><span class='ocrx_word' id='word_1_93' title='bbox 84 1907 248 2004; x_wconf 79' lang='lat' dir='ltr'>primum</span> <span class='ocrx_word' id='word_1_94' title='bbox 268 1907 413 1981; x_wconf 88' lang='lat' dir='ltr'>mitram</span> <span class='ocrx_word' id='word_1_95' title='bbox 436 1904 677 2002; x_wconf 81' lang='lat' dir='ltr'>deposuisset,</span> <span class='ocrx_word' id='word_1_96' title='bbox 701 1907 895 1998; x_wconf 89' lang='lat' dir='ltr'>antequam</span> <span class='ocrx_word' id='word_1_97' title='bbox 926 1903 1037 1976; x_wconf 83' lang='lat' dir='ltr'>Pater</span> <span class='ocrx_word' id='word_1_98' title='bbox 1059 1917 1176 1980; x_wconf 77' lang='lat' dir='ltr'>noster</span> <span class='ocrx_word' id='word_1_99' title='bbox 1191 1906 1341 1998; x_wconf 89' lang='lat' dir='ltr'>diceret,</span> <span class='ocrx_word' id='word_1_100' title='bbox 1360 1907 1426 2006; x_wconf 90' lang='lat' dir='ltr'>ipsi</span> 
     </span>
     <span class='ocr_line' id='line_1_13' title="bbox 84 2027 1429 2128; baseline 0.002 -23"><span class='ocrx_word' id='word_1_101' title='bbox 84 2039 259 2106; x_wconf 81' lang='lat' dir='ltr'>cantores</span> <span class='ocrx_word' id='word_1_102' title='bbox 287 2033 500 2128; x_wconf 87' lang='lat' dir='ltr'>inceperunt</span> <span class='ocrx_word' id='word_1_103' title='bbox 520 2027 783 2118; x_wconf 82' lang='lat' dir='ltr'>Iaoitotcrium,</span> <span class='ocrx_word' id='word_1_104' title='bbox 807 2050 927 2125; x_wconf 76' lang='lat' dir='ltr'>repom</span> <span class='ocrx_word' id='word_1_105' title='bbox 946 2039 1031 2118; x_wconf 85' lang='lat' dir='ltr'>etc.,·</span> <span class='ocrx_word' id='word_1_106' title='bbox 1045 2031 1116 2104; x_wconf 90' lang='lat' dir='ltr'>alia</span> <span class='ocrx_word' id='word_1_107' title='bbox 1135 2030 1326 2108; x_wconf 89' lang='lat' dir='ltr'>observata</span> <span class='ocrx_word' id='word_1_108' title='bbox 1344 2041 1429 2108; x_wconf 86' lang='lat' dir='ltr'>sunt</span> 
     </span>
     <span class='ocr_line' id='line_1_14' title="bbox 84 2157 330 2241; baseline 0 -11"><span class='ocrx_word' id='word_1_109' title='bbox 84 2181 194 2241; x_wconf 90' lang='lat' dir='ltr'>more</span> <span class='ocrx_word' id='word_1_110' title='bbox 210 2157 330 2232; x_wconf 92' lang='lat' dir='ltr'>solito.</span> 
     </span>
    </p>

    <p class='ocr_par' dir='ltr' id='par_1_4' title="bbox 83 2281 1426 3130">
     <span class='ocr_line' id='line_1_15' title="bbox 130 2281 1426 2378; baseline 0 -22"><span class='ocrx_word' id='word_1_111' title='bbox 130 2281 242 2356; x_wconf 85' lang='lat' dir='ltr'>Feria</span> <span class='ocrx_word' id='word_1_112' title='bbox 256 2288 395 2378; x_wconf 91' lang='lat' dir='ltr'>quarta,</span> <span class='ocrx_word' id='word_1_113' title='bbox 415 2281 672 2372; x_wconf 74' lang='lat' dir='ltr'>2novcmbriS‚</span> <span class='ocrx_word' id='word_1_114' title='bbox 691 2284 754 2355; x_wconf 90' lang='lat' dir='ltr'>SS.</span> <span class='ocrx_word' id='word_1_115' title='bbox 774 2285 817 2354; x_wconf 87' lang='lat' dir='ltr'>D.</span> <span class='ocrx_word' id='word_1_116' title='bbox 836 2285 879 2355; x_wconf 90' lang='lat' dir='ltr'>N.</span> <span class='ocrx_word' id='word_1_117' title='bbox 899 2287 1045 2378; x_wconf 87' lang='lat' dir='ltr'>paratus</span> <span class='ocrx_word' id='word_1_118' title='bbox 1062 2282 1210 2372; x_wconf 88' lang='lat' dir='ltr'>amictu,</span> <span class='ocrx_word' id='word_1_119' title='bbox 1229 2282 1322 2372; x_wconf 90' lang='lat' dir='ltr'>alba,</span> <span class='ocrx_word' id='word_1_120' title='bbox 1347 2285 1426 2356; x_wconf 93' lang='lat' dir='ltr'>cin-</span> 
     </span>
     <span class='ocr_line' id='line_1_16' title="bbox 84 2406 1426 2504; baseline 0.002 -24"><span class='ocrx_word' id='word_1_121' title='bbox 84 2408 189 2504; x_wconf 83' lang='lat' dir='ltr'>gulo,</span> <span class='ocrx_word' id='word_1_122' title='bbox 207 2407 300 2480; x_wconf 84' lang='lat' dir='ltr'>stola</span> <span class='ocrx_word' id='word_1_123' title='bbox 315 2406 487 2496; x_wconf 87' lang='lat' dir='ltr'>violacea,</span> <span class='ocrx_word' id='word_1_124' title='bbox 505 2407 650 2504; x_wconf 87' lang='lat' dir='ltr'>pluviali</span> <span class='ocrx_word' id='word_1_125' title='bbox 666 2407 780 2480; x_wconf 89' lang='lat' dir='ltr'>rubeo</span> <span class='ocrx_word' id='word_1_126' title='bbox 796 2407 952 2504; x_wconf 94' lang='lat' dir='ltr'>simplici</span> <span class='ocrx_word' id='word_1_127' title='bbox 968 2413 1004 2480; x_wconf 90' lang='lat' dir='ltr'>et</span> <span class='ocrx_word' id='word_1_128' title='bbox 1019 2407 1127 2479; x_wconf 89' lang='lat' dir='ltr'>mitra</span> <span class='ocrx_word' id='word_1_129' title='bbox 1142 2431 1186 2479; x_wconf 90' lang='lat' dir='ltr'>ex</span> <span class='ocrx_word' id='word_1_130' title='bbox 1201 2407 1311 2503; x_wconf 92' lang='lat' dir='ltr'>perlis</span> <span class='ocrx_word' id='word_1_131' title='bbox 1325 2409 1426 2484; x_wconf 88' lang='lat' dir='ltr'>venit</span> 
     </span>
     <span class='ocr_line' id='line_1_17' title="bbox 86 2531 1426 2631; baseline 0.001 -26"><span class='ocrx_word' id='word_1_132' title='bbox 86 2533 133 2605; x_wconf 91' lang='lat' dir='ltr'>ad</span> <span class='ocrx_word' id='word_1_133' title='bbox 149 2531 329 2631; x_wconf 86' lang='lat' dir='ltr'>capellam</span> <span class='ocrx_word' id='word_1_134' title='bbox 344 2532 545 2630; x_wconf 80' lang='lat' dir='ltr'>predictam</span> <span class='ocrx_word' id='word_1_135' title='bbox 562 2533 599 2604; x_wconf 95' lang='lat' dir='ltr'>in</span> <span class='ocrx_word' id='word_1_136' title='bbox 616 2556 687 2628; x_wconf 90' lang='lat' dir='ltr'>qua</span> <span class='ocrx_word' id='word_1_137' title='bbox 700 2531 885 2629; x_wconf 88' lang='lat' dir='ltr'>predictus</span> <span class='ocrx_word' id='word_1_138' title='bbox 906 2531 1099 2604; x_wconf 90' lang='lat' dir='ltr'>cardinalis</span> <span class='ocrx_word' id='word_1_139' title='bbox 1119 2532 1314 2608; x_wconf 84' lang='lat' dir='ltr'>celebravit</span> <span class='ocrx_word' id='word_1_140' title='bbox 1336 2535 1426 2607; x_wconf 92' lang='lat' dir='ltr'>mis-</span> 
     </span>
     <span class='ocr_line' id='line_1_18' title="bbox 85 2656 1424 2754; baseline -0.001 -23"><span class='ocrx_word' id='word_1_141' title='bbox 85 2682 167 2731; x_wconf 85' lang='lat' dir='ltr'>sam</span> <span class='ocrx_word' id='word_1_142' title='bbox 184 2657 380 2754; x_wconf 90' lang='lat' dir='ltr'>publicam.</span> <span class='ocrx_word' id='word_1_143' title='bbox 400 2661 478 2743; x_wconf 85' lang='lat' dir='ltr'>Qua</span> <span class='ocrx_word' id='word_1_144' title='bbox 493 2657 608 2749; x_wconf 85' lang='lat' dir='ltr'>linita,</span> <span class='ocrx_word' id='word_1_145' title='bbox 627 2659 692 2731; x_wconf 89' lang='lat' dir='ltr'>SS.</span> <span class='ocrx_word' id='word_1_146' title='bbox 710 2663 752 2732; x_wconf 90' lang='lat' dir='ltr'>D.</span> <span class='ocrx_word' id='word_1_147' title='bbox 765 2661 807 2731; x_wconf 87' lang='lat' dir='ltr'>N.</span> <span class='ocrx_word' id='word_1_148' title='bbox 819 2657 983 2747; x_wconf 88' lang='lat' dir='ltr'>absolvit,</span> <span class='ocrx_word' id='word_1_149' title='bbox 995 2656 1110 2731; x_wconf 84' lang='lat' dir='ltr'>etalio</span> <span class='ocrx_word' id='word_1_150' title='bbox 1120 2657 1303 2745; x_wconf 88' lang='lat' dir='ltr'>omnia,ut</span> <span class='ocrx_word' id='word_1_151' title='bbox 1313 2658 1424 2729; x_wconf 87' lang='lat' dir='ltr'>moris</span> 
     </span>
     <span class='ocr_line' id='line_1_19' title="bbox 86 2783 1425 2883; baseline 0 -27"><span class='ocrx_word' id='word_1_152' title='bbox 86 2791 160 2872; x_wconf 88' lang='lat' dir='ltr'>est,</span> <span class='ocrx_word' id='word_1_153' title='bbox 181 2791 264 2858; x_wconf 89' lang='lat' dir='ltr'>sunt</span> <span class='ocrx_word' id='word_1_154' title='bbox 279 2783 481 2858; x_wconf 88' lang='lat' dir='ltr'>observata.</span> <span class='ocrx_word' id='word_1_155' title='bbox 503 2787 582 2856; x_wconf 88' lang='lat' dir='ltr'>Duo</span> <span class='ocrx_word' id='word_1_156' title='bbox 602 2783 760 2883; x_wconf 78' lang='lat' dir='ltr'>acolythi</span> <span class='ocrx_word' id='word_1_157' title='bbox 780 2783 824 2856; x_wconf 91' lang='lat' dir='ltr'>de</span> <span class='ocrx_word' id='word_1_158' title='bbox 846 2783 1031 2858; x_wconf 89' lang='lat' dir='ltr'>thuribulo</span> <span class='ocrx_word' id='word_1_159' title='bbox 1048 2790 1084 2857; x_wconf 90' lang='lat' dir='ltr'>et</span> <span class='ocrx_word' id='word_1_160' title='bbox 1098 2806 1182 2856; x_wconf 90' lang='lat' dir='ltr'>vase</span> <span class='ocrx_word' id='word_1_161' title='bbox 1204 2783 1425 2880; x_wconf 73' lang='grc'><strong>666616666-</strong></span> 
     </span>
     <span class='ocr_line' id='line_1_20' title="bbox 86 2907 1423 3004; baseline 0.002 -25"><span class='ocrx_word' id='word_1_162' title='bbox 86 2907 188 2982; x_wconf 89' lang='lat' dir='ltr'>dicte</span> <span class='ocrx_word' id='word_1_163' title='bbox 204 2907 404 2981; x_wconf 89' lang='lat' dir='ltr'>servientes</span> <span class='ocrx_word' id='word_1_164' title='bbox 421 2907 684 3004; x_wconf 88' lang='lat' dir='ltr'>superpelliciis</span> <span class='ocrx_word' id='word_1_165' title='bbox 699 2907 815 2980; x_wconf 90' lang='lat' dir='ltr'>induti</span> <span class='ocrx_word' id='word_1_166' title='bbox 832 2913 946 2981; x_wconf 88' lang='lat' dir='ltr'>erant.</span> <span class='ocrx_word' id='word_1_167' title='bbox 965 2907 1034 2980; x_wconf 81' lang='lat' dir='ltr'>Alii</span> <span class='ocrx_word' id='word_1_168' title='bbox 1049 2931 1135 2981; x_wconf 89' lang='lat' dir='ltr'>vero</span> <span class='ocrx_word' id='word_1_169' title='bbox 1159 2908 1230 2980; x_wconf 94' lang='lat' dir='ltr'>duo</span> <span class='ocrx_word' id='word_1_170' title='bbox 1253 2909 1423 2982; x_wconf 89' lang='lat' dir='ltr'>candela-</span> 
     </span>
     <span class='ocr_line' id='line_1_21' title="bbox 83 3031 1420 3130; baseline 0.001 -25"><span class='ocrx_word' id='word_1_171' title='bbox 83 3033 168 3120; x_wconf 89' lang='lat' dir='ltr'>bra,</span> <span class='ocrx_word' id='word_1_172' title='bbox 181 3031 522 3128; x_wconf 88' lang='lat' dir='ltr'>Papaabsolutionis</span> <span class='ocrx_word' id='word_1_173' title='bbox 538 3033 740 3106; x_wconf 84' lang='lat' dir='ltr'>orationem</span> <span class='ocrx_word' id='word_1_174' title='bbox 757 3031 914 3122; x_wconf 88' lang='lat' dir='ltr'>dicente,</span> <span class='ocrx_word' id='word_1_175' title='bbox 933 3033 968 3104; x_wconf 96' lang='lat' dir='ltr'>in</span> <span class='ocrx_word' id='word_1_176' title='bbox 982 3033 1104 3130; x_wconf 91' lang='lat' dir='ltr'>cappis</span> <span class='ocrx_word' id='word_1_177' title='bbox 1122 3033 1195 3106; x_wconf 94' lang='lat' dir='ltr'>suis</span> <span class='ocrx_word' id='word_1_178' title='bbox 1211 3039 1420 3108; x_wconf 89' lang='lat' dir='ltr'>tenuerunt.</span> 
     </span>
    </p>

    <p class='ocr_par' dir='ltr' id='par_1_5' title="bbox 84 3156 1423 3983">
     <span class='ocr_line' id='line_1_22' title="bbox 129 3156 1422 3254; baseline -0.001 -22"><span class='ocrx_word' id='word_1_179' title='bbox 129 3157 239 3232; x_wconf 85' lang='lat' dir='ltr'>Faria</span> <span class='ocrx_word' id='word_1_180' title='bbox 267 3157 404 3254; x_wconf 86' lang='lat' dir='ltr'>quinta,</span> <span class='ocrx_word' id='word_1_181' title='bbox 430 3156 475 3230; x_wconf 91' lang='lat' dir='ltr'>de</span> <span class='ocrx_word' id='word_1_182' title='bbox 505 3157 762 3230; x_wconf 91' lang='lat' dir='ltr'>commissione</span> <span class='ocrx_word' id='word_1_183' title='bbox 785 3162 825 3231; x_wconf 88' lang='lat' dir='ltr'>R.</span> <span class='ocrx_word' id='word_1_184' title='bbox 849 3159 890 3230; x_wconf 87' lang='lat' dir='ltr'>P.</span> <span class='ocrx_word' id='word_1_185' title='bbox 915 3162 958 3231; x_wconf 89' lang='lat' dir='ltr'>D.</span> <span class='ocrx_word' id='word_1_186' title='bbox 991 3157 1156 3231; x_wconf 87' lang='lat' dir='ltr'>Falconis</span> <span class='ocrx_word' id='word_1_187' title='bbox 1180 3158 1224 3231; x_wconf 90' lang='lat' dir='ltr'>de</span> <span class='ocrx_word' id='word_1_188' title='bbox 1248 3158 1422 3231; x_wconf 91' lang='lat' dir='ltr'>Sinibaldi</span> 
     </span>
     <span class='ocr_line' id='line_1_23' title="bbox 84 3261 1423 3380; baseline 0.001 -25"><span class='ocrx_word' id='word_1_189' title='bbox 84 3261 151 3355; x_wconf 74' lang='lat' dir='ltr'>SS.</span> <span class='ocrx_word' id='word_1_190' title='bbox 172 3285 215 3354; x_wconf 88' lang='lat' dir='ltr'>D.</span> <span class='ocrx_word' id='word_1_191' title='bbox 234 3285 276 3355; x_wconf 92' lang='lat' dir='ltr'>N.</span> <span class='ocrx_word' id='word_1_192' title='bbox 294 3305 385 3380; x_wconf 91' lang='lat' dir='ltr'>pape</span> <span class='ocrx_word' id='word_1_193' title='bbox 394 3283 609 3357; x_wconf 88' lang='lat' dir='ltr'>thesaurarii</span> <span class='ocrx_word' id='word_1_194' title='bbox 626 3283 818 3380; x_wconf 84' lang='lat' dir='ltr'>generalis,</span> <span class='ocrx_word' id='word_1_195' title='bbox 837 3283 1075 3356; x_wconf 91' lang='lat' dir='ltr'>commissarii</span> <span class='ocrx_word' id='word_1_196' title='bbox 1092 3283 1325 3380; x_wconf 84' lang='lat' dir='ltr'>exequiarum</span> <span class='ocrx_word' id='word_1_197' title='bbox 1341 3307 1423 3357; x_wconf 89' lang='lat' dir='ltr'>car-</span> 
     </span>
     <span class='ocr_line' id='line_1_24' title="bbox 85 3405 1423 3504; baseline 0.004 -26"><span class='ocrx_word' id='word_1_198' title='bbox 85 3405 219 3480; x_wconf 86' lang='lat' dir='ltr'>dinalis</span> <span class='ocrx_word' id='word_1_199' title='bbox 245 3405 530 3504; x_wconf 81' lang='lat' dir='ltr'>Andagavcnsis,</span> <span class='ocrx_word' id='word_1_200' title='bbox 555 3407 638 3482; x_wconf 90' lang='lat' dir='ltr'>dedi</span> <span class='ocrx_word' id='word_1_201' title='bbox 663 3407 871 3480; x_wconf 88' lang='lat' dir='ltr'>cursoribus</span> <span class='ocrx_word' id='word_1_202' title='bbox 899 3407 1087 3482; x_wconf 85' lang='lat' dir='ltr'>Fernando</span> <span class='ocrx_word' id='word_1_203' title='bbox 1110 3408 1168 3484; x_wconf 92' lang='lat' dir='ltr'>del</span> <span class='ocrx_word' id='word_1_204' title='bbox 1198 3408 1423 3483; x_wconf 84' lang='grc' dir='ltr'><strong>Ρ6116616-</strong></span> 
     </span>
     <span class='ocr_line' id='line_1_25' title="bbox 85 3531 1419 3629; baseline 0 -23"><span class='ocrx_word' id='word_1_205' title='bbox 85 3533 211 3606; x_wconf 88' lang='lat' dir='ltr'>hanna</span> <span class='ocrx_word' id='word_1_206' title='bbox 226 3531 340 3606; x_wconf 76' lang='lat' dir='ltr'>Aublc</span> <span class='ocrx_word' id='word_1_207' title='bbox 369 3531 468 3605; x_wconf 90' lang='lat' dir='ltr'>illam</span> <span class='ocrx_word' id='word_1_208' title='bbox 490 3531 701 3629; x_wconf 86' lang='lat' dir='ltr'>recipiente,</span> <span class='ocrx_word' id='word_1_209' title='bbox 730 3532 940 3606; x_wconf 90' lang='lat' dir='ltr'>schedulam</span> <span class='ocrx_word' id='word_1_210' title='bbox 963 3533 1198 3629; x_wconf 87' lang='lat' dir='ltr'>exequiarum</span> <span class='ocrx_word' id='word_1_211' title='bbox 1228 3533 1419 3607; x_wconf 87' lang='lat' dir='ltr'>cardinalis</span> 
     </span>
     <span class='ocr_line' id='line_1_26' title="bbox 85 3657 1419 3755; baseline -0.001 -24"><span class='ocrx_word' id='word_1_212' title='bbox 85 3657 359 3755; x_wconf 64' lang='lat' dir='ltr'>andegavensis</span> <span class='ocrx_word' id='word_1_213' title='bbox 375 3657 565 3730; x_wconf 89' lang='lat' dir='ltr'>intimandi</span> <span class='ocrx_word' id='word_1_214' title='bbox 583 3657 725 3731; x_wconf 78' lang='lat' dir='ltr'>narnis.</span> <span class='ocrx_word' id='word_1_215' title='bbox 739 3661 814 3731; x_wconf 82' lang='lat' dir='ltr'>un.</span> <span class='ocrx_word' id='word_1_216' title='bbox 827 3657 1071 3732; x_wconf 90' lang='lat' dir='ltr'>cardinalibus</span> <span class='ocrx_word' id='word_1_217' title='bbox 1085 3657 1254 3732; x_wconf 87' lang='lat' dir='ltr'>videlicet</span> <span class='ocrx_word' id='word_1_218' title='bbox 1266 3657 1419 3731; x_wconf 88' lang='lat' dir='ltr'>inchoa·</span> 
     </span>
     <span class='ocr_line' id='line_1_27' title="bbox 87 3781 1418 3881; baseline -0.002 -25"><span class='ocrx_word' id='word_1_219' title='bbox 87 3785 229 3856; x_wconf 86' lang='lat' dir='ltr'>tionem</span> <span class='ocrx_word' id='word_1_220' title='bbox 245 3783 481 3880; x_wconf 85' lang='lat' dir='ltr'>exequiarum</span> <span class='ocrx_word' id='word_1_221' title='bbox 497 3783 591 3856; x_wconf 88' lang='lat' dir='ltr'>bone</span> <span class='ocrx_word' id='word_1_222' title='bbox 608 3783 786 3856; x_wconf 86' lang='lat' dir='ltr'>memorie</span> <span class='ocrx_word' id='word_1_223' title='bbox 802 3783 995 3857; x_wconf 89' lang='lat' dir='ltr'>cardinalis</span> <span class='ocrx_word' id='word_1_224' title='bbox 1010 3781 1295 3881; x_wconf 81' lang='lat' dir='ltr'>Andagavensis,</span> <span class='ocrx_word' id='word_1_225' title='bbox 1314 3783 1418 3880; x_wconf 89' lang='lat' dir='ltr'>cujus</span> 
     </span>
     <span class='ocr_line' id='line_1_28' title="bbox 86 3906 604 3983; baseline -0.002 -1"><span class='ocrx_word' id='word_1_226' title='bbox 86 3906 265 3982; x_wconf 81' lang='lat' dir='ltr'>schedula</span> <span class='ocrx_word' id='word_1_227' title='bbox 280 3913 387 3981; x_wconf 90' lang='lat' dir='ltr'>tenor</span> <span class='ocrx_word' id='word_1_228' title='bbox 403 3908 484 3981; x_wconf 83' lang='lat' dir='ltr'>talis</span> <span class='ocrx_word' id='word_1_229' title='bbox 500 3915 577 3983; x_wconf 90' lang='lat' dir='ltr'>erat</span> <span class='ocrx_word' id='word_1_230' title='bbox 596 3935 604 3981; x_wconf 93' lang='lat'><strong>:</strong></span> 
     </span>
    </p>

    <p class='ocr_par' dir='ltr' id='par_1_6' title="bbox 86 4032 1420 4383">
     <span class='ocr_line' id='line_1_29' title="bbox 137 4032 1419 4132; baseline -0.002 -24"><span class='ocrx_word' id='word_1_231' title='bbox 137 4038 191 4108; x_wconf 88' lang='lat' dir='ltr'>De</span> <span class='ocrx_word' id='word_1_232' title='bbox 204 4032 374 4108; x_wconf 90' lang='lat' dir='ltr'>mandato</span> <span class='ocrx_word' id='word_1_233' title='bbox 391 4035 452 4107; x_wconf 90' lang='lat' dir='ltr'>SS.</span> <span class='ocrx_word' id='word_1_234' title='bbox 472 4039 515 4107; x_wconf 83' lang='lat' dir='ltr'>l).</span> <span class='ocrx_word' id='word_1_235' title='bbox 534 4037 576 4108; x_wconf 97' lang='lat' dir='ltr'>N.</span> <span class='ocrx_word' id='word_1_236' title='bbox 594 4057 686 4132; x_wconf 91' lang='lat' dir='ltr'>pape</span> <span class='ocrx_word' id='word_1_237' title='bbox 702 4034 888 4108; x_wconf 85' lang='lat' dir='ltr'>intimetur</span> <span class='ocrx_word' id='word_1_238' title='bbox 903 4034 1071 4107; x_wconf 90' lang='lat' dir='ltr'>omnibus</span> <span class='ocrx_word' id='word_1_239' title='bbox 1087 4033 1230 4107; x_wconf 88' lang='lat' dir='ltr'>RRmis.</span> <span class='ocrx_word' id='word_1_240' title='bbox 1250 4035 1325 4106; x_wconf 82' lang='lat' dir='ltr'>uu.</span> <span class='ocrx_word' id='word_1_241' title='bbox 1344 4055 1419 4105; x_wconf 90' lang='lat' dir='ltr'>car·</span> 
     </span>
     <span class='ocr_line' id='line_1_30' title="bbox 86 4157 1417 4256; baseline -0.001 -25"><span class='ocrx_word' id='word_1_242' title='bbox 86 4157 283 4247; x_wconf 74' lang='lat' dir='ltr'>dinalibuS,</span> <span class='ocrx_word' id='word_1_243' title='bbox 314 4157 530 4248; x_wconf 85' lang='lat' dir='ltr'>oratoribus,</span> <span class='ocrx_word' id='word_1_244' title='bbox 559 4159 783 4234; x_wconf 89' lang='lat' dir='ltr'>auditoribus</span> <span class='ocrx_word' id='word_1_245' title='bbox 811 4167 891 4234; x_wconf 89' lang='lat' dir='ltr'>rote</span> <span class='ocrx_word' id='word_1_246' title='bbox 921 4183 963 4233; x_wconf 91' lang='lat' dir='ltr'>ac</span> <span class='ocrx_word' id='word_1_247' title='bbox 985 4160 1063 4232; x_wconf 90' lang='lat' dir='ltr'>aliis</span> <span class='ocrx_word' id='word_1_248' title='bbox 1092 4158 1240 4256; x_wconf 87' lang='lat' dir='ltr'>prelatis</span> <span class='ocrx_word' id='word_1_249' title='bbox 1269 4181 1417 4230; x_wconf 91' lang='lat' dir='ltr'>romane</span> 
     </span>
     <span class='ocr_line' id='line_1_31' title="bbox 86 4281 1420 4383; baseline -0.003 -25"><span class='ocrx_word' id='word_1_250' title='bbox 86 4283 685 4358; x_wconf 73' lang='grc'><strong>6661666166111686661116116666</strong></span> <span class='ocrx_word' id='word_1_251' title='bbox 702 4285 798 4383; x_wconf 93' lang='lat' dir='ltr'>quod</span> <span class='ocrx_word' id='word_1_252' title='bbox 814 4285 971 4359; x_wconf 87' lang='lat' dir='ltr'>crastina</span> <span class='ocrx_word' id='word_1_253' title='bbox 986 4283 1043 4358; x_wconf 88' lang='lat' dir='ltr'>dic</span> <span class='ocrx_word' id='word_1_254' title='bbox 1061 4283 1203 4380; x_wconf 77' lang='lat' dir='ltr'>lhujus</span> <span class='ocrx_word' id='word_1_255' title='bbox 1219 4282 1287 4356; x_wconf 91' lang='lat' dir='ltr'>erit</span> <span class='ocrx_word' id='word_1_256' title='bbox 1302 4281 1420 4378; x_wconf 91' lang='lat' dir='ltr'>prima</span> 
     </span>
    </p>
   </div>
   <div class='ocr_carea' id='block_1_3' title="bbox 86 4403 1418 4609">
    <p class='ocr_par' dir='ltr' id='par_1_7' title="bbox 86 4403 1418 4609">
     <span class='ocr_line' id='line_1_32' title="bbox 86 4403 1418 4506; baseline 0 -25"><span class='ocrx_word' id='word_1_257' title='bbox 86 4409 166 4484; x_wconf 91' lang='lat' dir='ltr'>dies</span> <span class='ocrx_word' id='word_1_258' title='bbox 181 4409 416 4504; x_wconf 86' lang='lat' dir='ltr'>exequiarum</span> <span class='ocrx_word' id='word_1_259' title='bbox 430 4409 525 4483; x_wconf 88' lang='lat' dir='ltr'>bone</span> <span class='ocrx_word' id='word_1_260' title='bbox 539 4403 715 4484; x_wconf 88' lang='lat' dir='ltr'>memorie</span> <span class='ocrx_word' id='word_1_261' title='bbox 730 4409 921 4484; x_wconf 87' lang='lat' dir='ltr'>cardinalis</span> <span class='ocrx_word' id='word_1_262' title='bbox 929 4409 1200 4506; x_wconf 70' lang='lat' dir='ltr'>audegavensis</span> <span class='ocrx_word' id='word_1_263' title='bbox 1213 4407 1250 4480; x_wconf 94' lang='lat' dir='ltr'>in</span> <span class='ocrx_word' id='word_1_264' title='bbox 1263 4406 1418 4481; x_wconf 86' lang='lat' dir='ltr'>ccclesia</span> 
     </span>
     <span class='ocr_line' id='line_1_33' title="bbox 86 4531 1418 4609; baseline -0.004 -2"><span class='ocrx_word' id='word_1_265' title='bbox 86 4559 116 4607; x_wconf 91' lang='lat' dir='ltr'>s.</span> <span class='ocrx_word' id='word_1_266' title='bbox 136 4533 308 4608; x_wconf 86' lang='lat' dir='ltr'>Praxcdis</span> <span class='ocrx_word' id='word_1_267' title='bbox 322 4535 415 4608; x_wconf 94' lang='lat' dir='ltr'>hora</span> <span class='ocrx_word' id='word_1_268' title='bbox 432 4557 476 4606; x_wconf 81' lang='lat' dir='ltr'>xv</span> <span class='ocrx_word' id='word_1_269' title='bbox 494 4535 551 4608; x_wconf 87' lang='lat' dir='ltr'>vel</span> <span class='ocrx_word' id='word_1_270' title='bbox 571 4535 668 4608; x_wconf 90' lang='lat' dir='ltr'>circa</span> <span class='ocrx_word' id='word_1_271' title='bbox 683 4559 691 4608; x_wconf 94' lang='lat'><strong>:</strong></span> <span class='ocrx_word' id='word_1_272' title='bbox 709 4535 857 4608; x_wconf 91' lang='lat' dir='ltr'>missam</span> <span class='ocrx_word' id='word_1_273' title='bbox 874 4533 1072 4609; x_wconf 87' lang='lat' dir='ltr'>celebrabit</span> <span class='ocrx_word' id='word_1_274' title='bbox 1095 4537 1218 4606; x_wconf 87' lang='lat' dir='ltr'>Rmus.</span> <span class='ocrx_word' id='word_1_275' title='bbox 1238 4536 1281 4606; x_wconf 84' lang='grc'>11.</span> <span class='ocrx_word' id='word_1_276' title='bbox 1300 4531 1418 4604; x_wconf 89' lang='lat' dir='ltr'>cardi-</span> 
     </span>
    </p>
   </div>
   <div class='ocr_carea' id='block_1_4' title="bbox 85 4657 1418 5263">
    <p class='ocr_par' dir='ltr' id='par_1_8' title="bbox 85 4657 1418 4858">
     <span class='ocr_line' id='line_1_34' title="bbox 85 4657 1418 4755; baseline -0.002 -25"><span class='ocrx_word' id='word_1_277' title='bbox 85 4657 180 4731; x_wconf 81' lang='lat' dir='ltr'>nalis</span> <span class='ocrx_word' id='word_1_278' title='bbox 196 4658 463 4748; x_wconf 84' lang='lat' dir='ltr'>Ulixbonensis,</span> <span class='ocrx_word' id='word_1_279' title='bbox 488 4659 690 4734; x_wconf 89' lang='lat' dir='ltr'>orationem</span> <span class='ocrx_word' id='word_1_280' title='bbox 716 4661 825 4735; x_wconf 89' lang='grc'><strong>166161</strong></span> <span class='ocrx_word' id='word_1_281' title='bbox 847 4663 890 4734; x_wconf 89' lang='lat' dir='ltr'>D.</span> <span class='ocrx_word' id='word_1_282' title='bbox 916 4659 1127 4734; x_wconf 88' lang='lat' dir='ltr'>Dominicus</span> <span class='ocrx_word' id='word_1_283' title='bbox 1149 4657 1308 4755; x_wconf 88' lang='lat' dir='ltr'>Crispus,</span> <span class='ocrx_word' id='word_1_284' title='bbox 1335 4679 1418 4729; x_wconf 93' lang='lat' dir='ltr'>scu-</span> 
     </span>
     <span class='ocr_line' id='line_1_35' title="bbox 87 4781 716 4858; baseline 0.003 -2"><span class='ocrx_word' id='word_1_285' title='bbox 87 4781 172 4856; x_wconf 80' lang='lat' dir='ltr'>tifer</span> <span class='ocrx_word' id='word_1_286' title='bbox 185 4785 280 4858; x_wconf 91' lang='lat' dir='ltr'>Rmi.</span> <span class='ocrx_word' id='word_1_287' title='bbox 299 4783 491 4857; x_wconf 89' lang='lat' dir='ltr'>cardinalis</span> <span class='ocrx_word' id='word_1_288' title='bbox 506 4784 716 4858; x_wconf 64' lang='lat' dir='ltr'>aleriensis,</span> 
     </span>
    </p>

    <p class='ocr_par' dir='ltr' id='par_1_9' title="bbox 86 4906 1418 5263">
     <span class='ocr_line' id='line_1_36' title="bbox 135 4906 1416 5006; baseline -0.003 -24"><span class='ocrx_word' id='word_1_289' title='bbox 135 4913 230 4984; x_wconf 89' lang='lat' dir='ltr'>Nota</span> <span class='ocrx_word' id='word_1_290' title='bbox 244 4909 340 5006; x_wconf 92' lang='lat' dir='ltr'>quod</span> <span class='ocrx_word' id='word_1_291' title='bbox 354 4909 562 5000; x_wconf 87' lang='lat' dir='ltr'>hisdiebus,</span> <span class='ocrx_word' id='word_1_292' title='bbox 575 4911 698 4984; x_wconf 87' lang='lat' dir='ltr'>RRmi.</span> <span class='ocrx_word' id='word_1_293' title='bbox 711 4909 1127 4998; x_wconf 87' lang='lat' dir='ltr'>DD.vicecanceNarius,</span> <span class='ocrx_word' id='word_1_294' title='bbox 1145 4906 1416 5004; x_wconf 88' lang='lat' dir='ltr'>Neapolitanus,</span> 
     </span>
     <span class='ocr_line' id='line_1_37' title="bbox 86 5031 1418 5132; baseline -0.002 -26"><span class='ocrx_word' id='word_1_295' title='bbox 86 5061 117 5108; x_wconf 89' lang='lat' dir='ltr'>s.</span> <span class='ocrx_word' id='word_1_296' title='bbox 136 5037 233 5109; x_wconf 86' lang='lat' dir='ltr'>Petri</span> <span class='ocrx_word' id='word_1_297' title='bbox 248 5036 294 5110; x_wconf 90' lang='lat' dir='ltr'>ad</span> <span class='ocrx_word' id='word_1_298' title='bbox 308 5037 474 5126; x_wconf 86' lang='lat' dir='ltr'>Vincula,</span> <span class='ocrx_word' id='word_1_299' title='bbox 494 5061 523 5109; x_wconf 95' lang='lat' dir='ltr'>s.</span> <span class='ocrx_word' id='word_1_300' title='bbox 542 5037 654 5112; x_wconf 88' lang='lat' dir='ltr'>Maria</span> <span class='ocrx_word' id='word_1_301' title='bbox 670 5037 707 5110; x_wconf 93' lang='lat' dir='ltr'>in</span> <span class='ocrx_word' id='word_1_302' title='bbox 723 5037 881 5125; x_wconf 85' lang='lat' dir='ltr'>Porticu,</span> <span class='ocrx_word' id='word_1_303' title='bbox 908 5061 937 5108; x_wconf 92' lang='grc'>6.</span> <span class='ocrx_word' id='word_1_304' title='bbox 962 5033 1091 5132; x_wconf 80' lang='lat' dir='ltr'>Angeli</span> <span class='ocrx_word' id='word_1_305' title='bbox 1107 5039 1143 5108; x_wconf 91' lang='grc'>61</span> <span class='ocrx_word' id='word_1_306' title='bbox 1163 5031 1418 5107; x_wconf 88' lang='lat' dir='ltr'>Ulixbonensis</span> 
     </span>
     <span class='ocr_line' id='line_1_38' title="bbox 86 5156 1414 5263; baseline -0.004 -30"><span class='ocrx_word' id='word_1_307' title='bbox 86 5159 250 5260; x_wconf 85' lang='lat' dir='ltr'>episcopi</span> <span class='ocrx_word' id='word_1_308' title='bbox 282 5161 484 5238; x_wconf 89' lang='lat' dir='ltr'>cardinales</span> <span class='ocrx_word' id='word_1_309' title='bbox 512 5162 634 5262; x_wconf 88' lang='lat' dir='ltr'>sapius</span> <span class='ocrx_word' id='word_1_310' title='bbox 661 5187 741 5263; x_wconf 65' lang='lat' dir='ltr'>per³</span> <span class='ocrx_word' id='word_1_311' title='bbox 756 5167 799 5237; x_wconf 85' lang='lat' dir='ltr'>D.</span> <span class='ocrx_word' id='word_1_312' title='bbox 831 5156 1414 5261; x_wconf 57' lang='lat' dir='ltr'>thesaurariumfcommissarium</span> 
     </span>
    </p>
   </div>
   <div class='ocr_carea' id='block_1_5' title="bbox 0 0 1716 6034">
    <p class='ocr_par' dir='ltr' id='par_1_10' title="bbox 0 0 1716 6034">
     <span class='ocr_line' id='line_1_39' title="bbox 0 0 1716 6034; baseline 0 2"><span class='ocrx_word' id='word_1_313' title='bbox 0 0 1716 6034; x_wconf 95' lang='lat' dir='ltr'> </span> 
     </span>
    </p>
   </div>
  </div>
 </body>
</html>
