3422 6034
67 492 206 562 [baillet]
403 490 530 576 RERUM
552 489 781 549 uessnnlnutu
805 489 1068 549 COMMENTAHH.
1346 491 1401 550 409

64 675 201 742 omnes,
226 651 356 726 ordine
371 647 533 747 predicto
552 646 636 722 dato
654 646 923 738 nonobstante,
942 649 1019 723 sina
1038 647 1166 722 ordine
1187 649 1396 748 equitarunt

67 799 206 851 omnes.

106 903 205 976 lovis
227 907 273 976 13
290 901 388 992 maii,
408 924 473 999 par
491 907 635 998 portem
654 898 825 974 Viriderii
841 903 1063 977 intraverunt
1078 901 1213 977 Urbem
1233 907 1398 976 oratores

64 1028 288 1104 serenissimi
310 1029 538 1126 imperatoris
555 1030 668 1104 nostri
692 1030 903 1105 Gnillelmus
924 1027 969 1101 de
984 1027 1092 1101 Bibra
1108 1027 1227 1118 miles,
1249 1035 1285 1103 at
1302 1029 1398 1102 Ebe-
1478 1101 1482 1110 ,

63 1154 184 1227 rardus
229 1153 277 1228 de
315 1155 509 1228 Rabastein
552 1155 747 1228 cononicus
791 1153 1088 1250 Bambargansis‚
1118 1152 1398 1250 christophorus

64 1279 234 1354 Saccbier
263 1279 505 1354 Blitterranch
533 1280 661 1354 doctor
681 1287 718 1354 et
740 1279 859 1369 milas,
890 1278 950 1376 qui
979 1277 1051 1352 duo
1073 1278 1203 1365 ultimi,
1227 1278 1313 1352 licet
1333 1299 1400 1375 per

61 1406 177 1503 pluras
203 1404 286 1479 dies
308 1404 451 1479 fuerant
474 1407 509 1478 in
530 1405 639 1496 Urbe,
663 1406 899 1479 nibilominus
927 1427 970 1477 ac
995 1403 1093 1476 side
1115 1426 1209 1479 novo
1230 1405 1397 1478 venirent

62 1528 205 1602 fuerunt
224 1528 410 1618 associati,
429 1527 494 1601 sad
509 1529 667 1604 intortio
690 1539 726 1632 et
748 1537 876 1628 quarto
891 1529 973 1602 loco
989 1528 1157 1603 associati
1174 1529 1392 1626 equitarunt,

64 1653 148 1726 alios
173 1652 270 1727 duos
298 1652 343 1726 de
370 1677 463 1728 novo
487 1655 674 1730 venientes
708 1656 745 1727 in
776 1655 847 1728 hoc
868 1654 1115 1742 honorantas3
1140 1661 1317 1728 venerunt
1344 1655 1396 1729 ais

63 1779 201 1853 obviam
220 1778 360 1852 lamilie
378 1783 475 1876 Papo
493 1786 530 1854 et
545 1783 764 1854 RRmornm.
785 1781 861 1854 DI).
882 1777 1120 1852 cardinalium
1136 1776 1172 1849 in
1188 1777 1283 1852 Urbe
1301 1778 1394 1852 exis-

64 1905 229 1990 tentium,
255 1911 292 1980 at
311 1911 474 1978 oratores
491 1928 618 2002 ragom
638 1911 675 1980 et
691 1904 908 2002 principum,
928 1902 1096 1976 videlicet
1116 1903 1212 2000 ragis
1227 1903 1393 1992 Francia,

63 2030 129 2104 duo
149 2035 317 2105 oratores
340 2030 438 2128 regis
464 2029 733 2128 Hispaniarum,
756 2032 918 2100 oratores
938 2033 1093 2122 quatuor
1114 2026 1209 2123 regis
1228 2026 1395 2124 Neapoli·
1505 2008 1513 2026 ’

63 2156 145 2244 tani,
170 2161 298 2229 orator
312 2179 406 2229 unos
425 2153 575 2228 dominii
592 2157 831 2243 Venetorum,
849 2151 951 2224 ducis
961 2149 1155 2225 Mediolani
1170 2175 1276 2240 unus,
1292 2151 1409 2225 ducis·

65 2280 221 2354 Ferraria
252 2286 376 2355 orator
393 2303 501 2370 unus,
525 2277 746 2352 marchionis
770 2280 916 2350 Mantua
943 2280 1064 2350 orator
1085 2299 1177 2349 unns
1202 2281 1238 2350 et
1256 2275 1394 2350 Albarti

65 2401 161 2478 ducis
174 2405 329 2479 Bavarie
343 2411 466 2478 orator
479 2427 584 2478 unua.

109 2526 1390 2626 Equitaruntentamhocordina:l).Goillalmnsdebibraintergubar-

66 2658 226 2727 notorem
250 2651 356 2727 Urbis
373 2677 395 2725 a
409 2653 582 2744 dexteris,
604 2661 640 2730 et
655 2655 969 2754 archiepiscopum
987 2655 1238 2730 Arelatensam
1254 2677 1275 2728 a
1290 2654 1395 2728 sinis-

68 2779 139 2870 tris,
156 2785 201 2854 D.
224 2779 432 2855 Eberardus
443 2779 538 2855 inter
550 2781 760 2879 episcopum
771 2778 1220 2876 Cortonensempralatum
1235 2778 1394 2874 palatiia

70 2905 242 3000 dexteriS,
274 2914 310 2983 et
339 2907 556 3005 episcopum·
581 2909 858 2981 Namurtensem
885 2911 1067 2979 oratorem
1096 2904 1394 3000 regisFranoiea

70 3031 232 3124 sinistris,
253 3036 296 3107 D.
316 3032 494 3107 Robertus
510 3033 605 3107 inter
622 3033 833 3130 episcopum
847 3029 1151 3104 Tornacensam’a
1167 3027 1339 3119 dexteris,
1358 3037 1395 3104 et

69 3156 275 3255 episcopum
291 3161 490 3232 Pacensem
505 3158 664 3255 primum
682 3163 863 3231 oratorem
884 3157 979 3254 ragis
997 3157 1168 3252 Hispania
1181 3179 1203 3229 a
1218 3155 1393 3234 sinistris:

58 3279 192 3358 ¹deinde
212 3307 306 3358 unus
330 3283 489 3382 prelatus
515 3283 639 3380 palatii
659 3307 681 3357 a
707 3282 865 3356 dexteris
885 3287 921 3356 at
938 3305 1029 3354 unus
1049 3287 1173 3354 orator
1188 3303 1318 3378 regum
1338 3281 1394 3355 vel

69 3408 268 3508 principum
280 3433 302 3482 a
315 3409 469 3485 sinistris
492 3431 606 3507 usque
622 3407 864 3483 adoratorem
880 3405 1100 3480 marchionis
1116 3405 1314 3496 Mantuani,
1333 3405 1393 3502 qui

70 3534 234 3628 equitavit
256 3559 277 3609 a
299 3533 457 3611 dexteris
478 3533 643 3634 ejusdem
659 3533 921 3632 archiepiscopi
940 3555 1014 3604 non
1029 3529 1190 3628 palatini,
1212 3536 1248 3604 et
1272 3537 1396 3604 orator

71 3655 162 3734 ducis
175 3663 315 3738 Alberti
329 3669 411 3761 post
429 3685 515 3736 eum
530 3685 551 3734 a
565 3659 724 3734 dexteris
744 3657 905 3756 episcopi
925 3653 1197 3745 Asculanensis,
1220 3654 1394 3752 quianon

72 3796 164 3864 erant
179 3789 308 3888 prelati
323 3789 494 3887 palatini3
517 3794 598 3885 post
617 3785 687 3860 hos
707 3785 913 3882 equitarunt
933 3781 993 3855 alii
1013 3779 1141 3879 prelati
1165 3778 1240 3852 bini
1262 3786 1298 3855 et
1317 3781 1393 3853 bini

72 3913 190 3990 ordine
214 3920 391 3990 consueto
417 3935 532 4010 usqua
556 3913 601 3985 ad
629 3911 776 3986 domum
797 3909 1081 3982 Alamannorum
1103 3913 1200 3982 retro
1223 3929 1392 4003 campum

73 4035 181 4131 Flore,
198 4041 235 4113 in
251 4065 323 4137 qua
336 4037 520 4137 predictus
531 4041 574 4110 D.
590 4036 802 4110 Guillelmus
813 4035 951 4132 primus
962 4039 1085 4107 orator
1097 4032 1300 4128 hospitatos
1315 4037 1391 4118 est3

75 4159 194 4240 dainda
210 4165 363 4262 quisque
379 4163 425 4237 ad
440 4162 590 4236 domum
607 4184 709 4235 suam
726 4166 970 4246 ostravarsus,
989 4163 1025 4231 et
1040 4157 1148 4230 male.
1159 4155 1268 4233 Venit
1284 4155 1394 4229 etiam

75 4307 156 4371 cum,
178 4289 351 4388 predictis
378 4287 580 4362 oratoribus
606 4291 648 4359 D.
676 4284 845 4358 Nicotaus
861 4281 1052 4370 Hesulues,
1076 4279 1272 4354 canonicus
1288 4279 1395 4352 Colo-

75 4410 199 4490 niensis
216 4420 257 4489 R.
277 4419 320 4488 D.
336 4411 601 4510 archiepiscopi
617 4409 841 4485 Coloniensis
856 4415 979 4483 orator
996 4431 1004 4482 :
1021 4406 1171 4481 sednon
1186 4404 1266 4495 luit,
1282 4403 1394 4478 otalii

76 4543 239 4632 oratores,
266 4541 481 4627 honoratus,
504 4537 582 4634 ipso
604 4558 677 4610 non
698 4541 860 4610 curante.

118 4665 211 4756 llari,
233 4665 412 4762 inhujus,
430 4663 479 4736 lui
499 4685 583 4736 cum
608 4665 712 4735 Rmo.
734 4665 777 4735 t).
801 4658 1034 4734 cardinales.
1059 4635 1172 4730 Marci
1194 4655 1239 4728 ad
1262 4651 1394 4728 intelli·

77 4789 221 4880 gendum
251 4815 273 4864 a
301 4795 343 4863 R.
372 4789 619 4864 dominatione
650 4813 715 4862 sua
747 4786 979 4874 sententiam,
1006 4807 1053 4856 an
1082 4787 1243 4856 oratores
1271 4779 1395 4876 scripti

77 4921 184 4989 essent
197 4913 324 4989 ordina
340 4921 514 4990 consueto
530 4913 728 5012 recipiendi
744 4917 781 4988 et
794 4908 997 4985 honorandi
1011 4933 1018 4980 :
1034 4906 1156 5008 retulit
1166 4905 1256 4978 mihi
1270 4903 1396 4979 Domi-

77 5039 163 5113 natio
177 5067 240 5117 sua
255 5067 332 5117 ram
348 5043 534 5120 sevidisse
550 5048 714 5139 ternpore
733 5038 850 5113 laticis
867 5031 1127 5110 recordationis
1149 5029 1286 5106 Nicolai
1301 5053 1394 5128 papa

79 5163 191 5261 quinti,
208 5191 291 5244 cum
307 5169 485 5247 Sanctitas
501 5193 566 5243 suu
579 5171 744 5242 vocasset
763 5169 925 5238 oratores
945 5159 1096 5236 dominii
1115 5162 1339 5236 Venetorum
1357 5161 1395 5232 at
1454 5182 1457 5188 ’
