3496 6056
53 471 271 540 [Septembrelltl]
358 471 486 530 RERUM
507 471 736 532 URBANARUM
759 473 1022 535 COMMENTARII.
1085 531 1087 545 ,
1322 483 1359 540 93

50 629 305 728 superpelicium
328 634 365 702 ct
387 627 555 727 pluviale,
579 609 781 730 presbyteri
801 633 975 706 amictum
998 637 1035 706 et
1055 633 1253 730 planetam,
1280 634 1358 708 dia-

50 757 117 832 coni
129 755 296 832 amictum
310 759 347 829 et
361 755 603 846 dalmaticam,
621 763 658 832 et
673 781 800 833 omnes
816 757 939 832 mitras
955 758 1067 852 albas,
1081 758 1258 832 officiales
1271 783 1357 834 vero

50 905 155 957 omnes
182 881 292 956 etiam
327 887 428 955 extra
461 881 676 979 cappellam,
710 879 880 955 videlicet
908 881 1134 972 subdiaconi,
1166 882 1358 957 tunicellas

48 1009 129 1081 albas
153 1029 259 1104 supra
283 1006 472 1098 roccheta3
498 1007 682 1082 exultimo
702 1011 824 1080 tamen
854 1010 898 1080 b.
928 1007 1031 1104 Hugo
1056 1007 1101 1080 de
1122 1007 1274 1098 Benziis,
1296 1007 1357 1104 qui

48 1133 213 1231 epistolam
239 1131 401 1207 dicturus
436 1139 527 1224 erat,
564 1133 705 1232 aceepit
729 1133 915 1226 amictum,
949 1133 1066 1207 albam
1096 1139 1132 1208 ct
1157 1133 1355 1231 cingulum,

48 1259 205 1334 auditores
240 1265 334 1349 rote,
373 1257 496 1333 clerici
532 1283 677 1335 camere
711 1265 748 1335 et
782 1258 934 1358 accolyti
966 1259 1217 1356 superpellicia
1250 1282 1359 1357 super

47 1386 197 1460 roccheta
217 1409 226 1459 ε
249 1383 435 1460 secretarii
458 1407 543 1459 vero
565 1391 603 1460 et
627 1385 786 1460 advocati
812 1383 978 1482 pluvialia
1004 1384 1085 1458 alba
1111 1409 1218 1482 supra
1240 1389 1357 1460 vestes

49 1536 118 1585 suas
137 1533 344 1586 communes
367 1507 605 1606 accipiebant,
631 1517 815 1610 aperturas
837 1509 1045 1609 pluvialium
1068 1532 1176 1607 super
1194 1509 1357 1584 humeris

46 1637 161 1712 dextris
174 1637 368 1726 habentes3
387 1635 612 1728 cubicularii,
637 1635 800 1714 scutiferi
823 1641 919 1735 Pape
942 1641 978 1710 et
998 1634 1058 1710 alii
1081 1635 1300 1712 incedebant
1318 1635 1356 1708 in

45 1763 153 1836 babitu
166 1787 228 1837 suo
244 1770 436 1839 consueto.

86 1889 245 1964 Omnibus
259 1889 410 1988 paratiS,
428 1887 655 1965 ministrante
675 1891 780 1964 nmo.
803 1894 847 1964 Ι).
864 1886 1176 1978 vicecancellario,
1195 1886 1357 1962 navicula

46 2017 125 2112 Papa
137 2015 304 2114 imposuit
318 2014 507 2090 incensum
522 2039 589 2114 pro
604 2017 853 2114 processione,
870 2021 909 2090 ut
924 2015 1034 2091 moris
1048 2021 1116 2089 est.

84 2145 164 2214 Tum
188 2145 314 2214 limus.
348 2139 514 2214 dominus
545 2140 735 2214 cardinalis
764 2140 935 2214 Senensis
967 2139 1065 2238 prior
1096 2139 1352 2230 diaconorum,

46 2271 173 2364 accepta
185 2264 304 2339 lerula
325 2263 398 2338 sivo
416 2264 544 2340 baculo
565 2265 647 2340 albo
661 2265 895 2363 longitudinis
910 2266 1113 2364 palmorum
1133 2271 1287 2362 quatuor
1300 2266 1356 2339 vel

49 2389 140 2482 circa,
156 2389 333 2465 ordinavit
346 2391 619 2486 processionem
634 2391 680 2466 de
695 2391 858 2490 cappella
872 2391 1034 2489 predicta
1044 2391 1089 2464 ad
1100 2391 1211 2465 altare
1223 2392 1355 2489 majus,

51 2541 107 2610 quo
119 2517 238 2592 ivimus
250 2539 322 2615 per
334 2539 462 2590 navem
482 2541 623 2592 sacram
643 2541 712 2615 quo
731 2517 907 2594 Vaticana
927 2516 1058 2590 dicitur
1074 2515 1174 2616 picta
1188 2515 1357 2618 {cappella

55 2649 82 2714 et
99 2665 171 2718 cum
190 2641 484 2742 pervenissemus
504 2642 550 2716 ad
571 2667 698 2719 navem
719 2643 1009 2734 transversalem,
1030 2642 1156 2716 ivimus
1176 2643 1222 2717 ad
1236 2642 1359 2718 dexte·

51 2789 112 2840 ram
144 2793 253 2866 usque
281 2790 408 2842 versus
435 2773 577 2865 portam
609 2769 845 2868 principalem
876 2793 946 2866 qua
979 2769 1026 2843 ad
1053 2771 1207 2843 chorum
1236 2766 1357 2841 altaris

50 2895 174 2990 majoris
188 2895 283 2971 dicte
299 2893 448 2969 basilice
462 2896 668 2970 ascenditur
682 2897 753 2971 boc
769 2895 906 2970 ordine.

89 3022 336 3095 Processerunt
370 3019 477 3118 primi
516 3019 673 3096 scutiferi
708 3026 818 3120 Papo,
852 3019 982 3095 deinde
1012 3019 1221 3094 cubicularii
1256 3024 1358 3094 extra

51 3166 219 3220 cumeram.
233 3189 283 3202 -
298 3150 468 3222 Oratores
482 3145 566 3220 laici
581 3153 618 3222 et
637 3169 710 3221 non
728 3146 870 3247 prelati.
889 3187 937 3202 -
958 3149 1131 3220 Berones.
1153 3187 1203 3200 ·-
1228 3147 1358 3218 Secre-

52 3271 114 3342 larii
131 3279 163 3346 et
179 3273 342 3348 advocati
361 3273 515 3362 mixtim,
544 3271 604 3369 qui
626 3279 648 3347 8
672 3274 780 3372 huius
806 3271 956 3362 maasia,
980 3272 1077 3368 quod
1101 3293 1209 3368 supra
1233 3267 1356 3342 dicere

50 3404 227 3496 pretermisi
244 3427 289 3479 ex
305 3401 497 3493 oblivione,
523 3423 646 3475 coram
667 3403 730 3474 SS.
757 3403 801 3472 D.
825 3401 868 3474 N.
892 3421 1001 3494 super
1018 3394 1251 3496 procedentia
1268 3418 1357 3468 con-

51 3528 221 3620 tendendo,
240 3527 509 3604 concordarunt
522 3525 594 3600 hoc
607 3524 729 3614 modo,
742 3522 935 3597 videlicet:

89 3655 170 3736 Quot
190 3653 451 3728 intervenerint
468 3651 668 3741 secretarii,
694 3655 747 3723 tot
767 3649 955 3746 capiantur
976 3647 1136 3722 advocati
1157 3645 1354 3744 digniores,

52 3773 106 3849 hoc
131 3784 180 3852 est
206 3779 325 3877 primo
355 3777 493 3875 recepti
522 3777 709 3874 utriusque
738 3775 861 3866 officii,
896 3775 1001 3848 simul
1030 3773 1267 3870 deindepost
1295 3795 1358 3846 eos

53 3905 179 4000 recepti,
194 3911 321 4003 postea
340 3903 401 3979 alli
422 3903 496 3977 bini
518 3909 554 3977 et
572 3902 646 3977 bini
667 3901 806 3976 mixtim
826 3898 1099 3996 antiquioribus,
1126 3897 1298 3970 advocato
1324 3901 1361 3970 et

53 4021 221 4105 secretarii)
247 4031 422 4129 demptis,
448 4028 507 4126 qui
539 4028 702 4102 ultimum
736 4032 773 4101 et
800 4025 1003 4124 digniorem
1030 4023 1150 4098 locum
1178 4022 1354 4112 habeant3

53 4159 80 4226 et
100 4155 130 4228 in
151 4157 315 4232 omnibus
341 4155 398 4228 his
417 4154 506 4228 locis
522 4159 596 4228 tam
622 4153 748 4228 ultimo
780 4175 888 4250 quam
916 4147 1207 4249 precedentibus,
1239 4147 1356 4245 primo

54 4283 178 4379 recepti,
196 4281 267 4357 sive
279 4279 465 4356 secretarii
481 4279 551 4354 sint
564 4277 827 4378 sive-advocati,
845 4275 1047 4374 digniorem
1056 4273 1178 4348 locum
1193 4271 1359 4346 videlicet

54 4401 155 4480 dextre
169 4432 294 4482 manus
313 4407 484 4481 habeant.
507 4405 678 4478 Advocati
693 4427 777 4478 vero
798 4402 859 4500 qui
880 4401 973 4474 ultra
986 4423 1179 4474 numerum
1199 4402 1358 4472 secreta-

55 4526 166 4605 riorum
180 4539 298 4624 erunt,
319 4529 511 4629 ibuntbini
532 4537 565 4604 el
587 4530 661 4604 bini
681 4527 887 4604 immediate
910 4533 992 4602 ante
1013 4525 1092 4599 illos
1111 4525 1215 4615 duos,
1238 4546 1359 4598 secre-

56 4653 160 4729 tarium
185 4666 221 4732 et
243 4657 456 4732 advocatum
479 4654 675 4752 digniores,
701 4655 904 4755 digniorem
925 4653 1045 4728 locum
1064 4651 1241 4724 babentes
1261 4674 1269 4724 :
1287 4649 1356 4724 hac

57 4781 153 4854 tumen
165 4783 368 4858 conditione
382 4789 418 4856 et
438 4803 504 4878 pro
526 4781 595 4856 hac
617 4782 694 4856 vice
717 4781 901 4855 dumtaxat
921 4778 990 4851 hec
1011 4775 1173 4848 ordinata
1199 4779 1295 4864 sunt,
1314 4781 1359 4848 nt

58 4903 113 4978 lum
135 4909 332 4985 secretariis
367 4932 475 5006 quam
509 4907 689 4982 advocatis
723 4905 862 4979 nullum
890 4904 951 5001 jus
982 4899 1153 4974 attribuat
1176 4904 1212 4972 et
1240 4897 1358 4972 neutri

58 5047 157 5106 eorum
173 5035 386 5134 prejudicet,
413 5035 458 5108 de
483 5058 664 5108 consensu
683 5029 826 5105 Cornati
846 5028 891 5102 de
912 5025 1084 5116 Planche,
1107 5023 1290 5098 Francisci
1311 5023 1355 5097 de

60 5153 153 5234 Pudua
166 5161 365 5236 etaliorum
380 5185 444 5236 sex
461 5160 718 5237 advocatorum
741 5179 865 5232 coram
892 5155 956 5228 SS.
978 5150 1125 5226 domino
1147 5154 1189 5228 Ν.
1209 5173 1360 5248 presen—
1482 5157 1484 5162 '
