3600 6094
196 488 284 554 [nont
295 489 363 552 ital]
534 485 660 541 RERUM
686 483 913 542 unssnnnncn
937 483 1198 542 COlllllENTARll.
1504 493 1535 546 ia

194 639 393 714 circuitum
424 637 578 713 ecclesie
607 663 714 736 supra
743 639 930 712 columnas
954 640 1134 713 intorticia
1162 663 1314 713 numero
1334 665 1453 731 ccxvi,
1479 643 1535 716 vel

196 767 313 854 circa,
336 771 374 838 ut
394 788 499 862 supra
519 763 687 849 diximus,
710 789 880 854 aecensa3
904 789 1010 862 supra
1034 773 1190 840 castrum
1211 765 1357 853 doloris,
1385 767 1533 840 candele

196 899 289 988 quot
305 899 399 966 stare
415 897 581 988 poterant
596 915 746 964 numero
762 894 950 979 ll.LXXX,
963 891 1017 964 rel
1034 891 1142 964 circa.
1161 891 1248 964 Aliis
1265 916 1327 964 sex
1343 891 1468 964 diebus
1484 891 1535 964 in-

197 1017 403 1103 termediis,
421 1017 556 1090 nullum
576 1017 733 1114 positum
753 1017 818 1090 luit
842 1017 1062 1090 intorticium
1088 1043 1196 1115 supra
1216 1017 1401 1090 columnas
1420 1018 1535 1114 prela-

196 1149 269 1230 tas,
284 1143 346 1216 sed
361 1149 498 1216 tautum
513 1165 643 1216 novem
660 1165 766 1240 supra
781 1149 938 1216 castrum
953 1143 1087 1216 doloris
1103 1149 1138 1216 et
1154 1143 1303 1217 candele
1318 1165 1383 1239 pro
1400 1143 1537 1218 medie·

197 1275 288 1347 tate,
310 1269 358 1342 ita
378 1268 472 1364 quod
493 1268 588 1341 inter
611 1267 769 1366 singulas
793 1267 881 1340 duas
906 1268 1074 1341 candelas
1097 1268 1198 1340 locus
1221 1291 1352 1341 vacuus
1376 1293 1441 1367 pro
1466 1269 1536 1343 alia

195 1393 348 1466 candele
372 1393 579 1466 haberetur.
606 1397 706 1466 Nona
729 1392 801 1483 dic,
828 1401 946 1472 castro
966 1393 1101 1466 doloris
1121 1418 1193 1466 non
1214 1417 1336 1466 sumus
1361 1395 1431 1480 usi3
1460 1392 1533 1466 sin-

193 1517 290 1614 gulis
318 1518 444 1591 diebus
473 1518 509 1590 in
544 1541 624 1591 sero
653 1519 792 1616 pulsate
826 1525 907 1592 sunt
938 1543 1111 1616 campane
1137 1519 1284 1592 basilice
1305 1521 1442 1616 prolate
1466 1545 1532 1618 pro
1627 1521 1631 1528 ’

193 1643 318 1716 officio
359 1649 583 1717 mortuorum
615 1644 671 1717 die
702 1643 858 1718 crastiua
885 1645 1072 1734 habende,
1098 1651 1203 1743 prout
1242 1651 1296 1718 est
1327 1643 1372 1717 de
1402 1663 1529 1732 morc;

192 1775 232 1842 et
261 1769 408 1865 singulis
432 1769 558 1842 diebus
583 1770 673 1842 lmra
702 1769 888 1868 primordii
919 1770 1067 1867 singulis
1092 1769 1332 1843 cardinalibus
1361 1791 1426 1866 per
1454 1792 1534 1842 cur·

192 1917 297 1968 sores
314 1895 535 1984 intimatum,
562 1894 640 1990 quis
665 1895 899 1968 cardinalium
922 1897 1078 1968 crastina
1107 1896 1164 1968 die
1190 1895 1350 1968 officium
1374 1893 1532 1966 tacturus

191 2025 287 2107 erat,
313 2020 408 2115 quod
432 2043 498 2116 per
526 2020 715 2093 sacristam
744 2027 906 2094 nostrum
933 2021 1018 2118 ipsis
1048 2021 1254 2095 cursoribus
1286 2019 1528 2092 intimabatur.

246 2143 497 2244 Superioribus
518 2145 644 2218 diebus
666 2148 789 2219 nami.
809 2149 884 2220 DD.
908 2147 1108 2220 cardinales
1124 2147 1284 2220 volentes
1300 2167 1365 2242 pro
1381 2150 1533 2239 quatuor

190 2273 365 2346 custodiis
402 2274 524 2373 palatii
562 2281 598 2348 et
631 2273 809 2350 conclavis
847 2297 948 2346 more
987 2273 1091 2346 solito
1125 2297 1298 2370 personas
1333 2275 1531 2371 condignas

190 2398 380 2495 deputare,
397 2401 613 2474 mandarunt
628 2401 716 2473 milri
732 2425 799 2498 per
813 2404 957 2472 Rmum.
975 2402 1017 2473 D.
1034 2399 1381 2485 vicecancellarium,
1400 2407 1437 2474 ut
1452 2425 1532 2498 pre-

188 2522 285 2596 latos
309 2524 468 2600 incuria
492 2526 700 2616 existentes,
727 2532 762 2600 et
787 2532 948 2599 oratores
970 2531 1181 2598 annotarem
1201 2549 1267 2622 per
1290 2525 1466 2612 nationes,
1494 2532 1531 2599 et

190 2648 261 2720 sibi
291 2657 551 2746 presentarem,
580 2657 618 2724 ut
643 2651 794 2740 facilius,
822 2651 988 2723 omnibus
1017 2651 1184 2748 cognitis,
1211 2657 1359 2748 possent
1387 2676 1430 2724 cx
1462 2651 1530 2723 illis

190 2797 283 2868 qnos
307 2775 437 2850 vellent
462 2777 506 2850 ad
531 2778 732 2850 custodiam
755 2777 961 2874 hujusmodi
987 2777 1171 2873 deputare,
1199 2777 1294 2871 quod
1318 2781 1353 2848 et
1378 2775 1460 2858 leci,
1487 2800 1529 2848 oc

189 2898 350 2994 prelatos
373 2906 477 2976 [lino.
496 2906 539 2976 D.
558 2902 855 2976 vicecancellario
875 2901 1091 2999 presentari,
1115 2902 1216 2998 cujus
1241 2907 1345 2973 tenor
1364 2900 1531 2997 registra-

192 3029 249 3095 tus
266 3031 320 3098 est
337 3025 440 3099 inira.
460 3030 617 3106 llueruut
634 3027 742 3124 igitur
756 3027 799 3099 ad
816 3033 968 3122 quatuor
981 3025 1185 3124 hujusmodi
1202 3050 1267 3122 por
1278 3029 1431 3099 RRmos.
1451 3031 1525 3099 Dl).

189 3152 394 3226 cardinales
410 3153 568 3250 deputati
587 3159 623 3226 et
639 3153 792 3226 ordinati
810 3153 1040 3248 infrascripti,
1058 3152 1223 3226 videlicet
1242 3177 1249 3224 :

242 3278 297 3350 Ad
316 3277 469 3374 primam
490 3279 704 3362 custodiam,
727 3279 864 3352 scilicet
883 3285 986 3376 porte
1006 3277 1128 3375 palatii
1152 3279 1211 3350 nbi
1237 3284 1314 3352 erat
1333 3277 1431 3376 prius
1452 3278 1528 3376 epi-

190 3428 323 3501 scopus
352 3404 572 3494 Cerciensis,
603 3405 793 3502 deputatus
822 3404 885 3476 luit
917 3409 957 3476 n.
995 3403 1032 3474 in
1061 3403 1203 3477 Christo
1232 3411 1335 3500 pater
1362 3404 1530 3477 dominus

188 3529 374 3602 lohannes
390 3553 433 3602 ex
450 3530 641 3602 comitibus
656 3529 851 3602 Arminiaci
874 3530 1064 3626 episcopus
1084 3527 1284 3601 Castrensis
1305 3529 1340 3600 in
1361 3529 1527 3620 Francia,

189 3653 252 3749 qui
268 3655 333 3727 sub
349 3679 387 3728 se
403 3655 527 3728 habuit
542 3657 697 3752 quinque
714 3655 865 3752 pedites,
884 3654 937 3726 vel
953 3655 1062 3726 circa.
1175 3681 1177 3686 ·

239 3779 293 3852 Ad
318 3779 513 3854 secundam
544 3781 764 3870 custodiam,
796 3779 962 3852 videlicet
995 3785 1096 3875 porte
1125 3778 1259 3875 palatii,
1287 3803 1356 3876 que
1386 3786 1462 3854 erat
1491 3781 1527 3853 in

190 3903 309 4000 capite
331 3903 525 3991 scalamm,
553 3929 623 4001 qua
648 3905 718 3977 itur
738 3905 782 3978 ad
807 3927 988 3977 cameram
1013 3903 1262 4000 apostolicam,
1285 3904 1357 3977 siue
1378 3905 1415 3976 in
1435 3906 1526 4002 pede

189 4027 388 4115 scalarum,
409 4029 569 4126 deputati
590 4029 731 4102 luerunt
752 4036 1024 4103 conservatores
1049 4054 1192 4105 camere
1214 4032 1332 4122 Urbis,
1355 4039 1390 4105 ct
1411 4032 1527 4128 capita

189 4153 398 4249 regionum,
421 4153 587 4226 uidelicet
607 4155 764 4250 qnalibet
784 4155 841 4228 die
867 4180 956 4227 unus
981 4161 1229 4246 conservator,
1256 4163 1291 4230 et
1316 4159 1384 4230 dno
1410 4157 1528 4254 capita

190 4278 383 4374 regionum
399 4303 481 4352 cnm
497 4285 650 4375 quatuor
664 4279 798 4352 civibus
816 4281 972 4353 romanis
988 4281 1167 4354 nobilibus
1180 4306 1245 4378 per
1259 4307 1321 4355 eos
1336 4281 1522 4377 eligendis.

241 4405 294 4478 Ad
318 4404 458 4478 tertiam
485 4405 703 4489 custodiam,
731 4429 800 4502 que
825 4413 901 4478 erat
931 4406 966 4478 in
995 4407 1086 4504 pede
1112 4406 1302 4487 scalarum,
1330 4403 1525 4500 quibusda

189 4553 336 4604 camera
364 4529 562 4628 apostolica
590 4529 798 4603 ascenditur
820 4532 864 4603 ad
889 4531 1077 4628 palatium,
1104 4531 1263 4627 deputati
1291 4532 1434 4602 luerunt
1452 4553 1460 4601 :
1480 4533 1522 4602 l).

189 4655 423 4750 llasquardus
442 4655 633 4729 Brisaclrer
652 4661 773 4728 orator
793 4655 1013 4729 serenissimi
1035 4654 1274 4751 imperatoris,
1293 4657 1336 4726 D.
1355 4653 1526 4728 bunellus

189 4786 314 4852 orator
329 4781 424 4876 regis
440 4780 676 4877 Neapolitani,
700 4784 742 4854 D.
767 4782 904 4854 Florius
925 4781 1109 4854 Rciverella
1134 4785 1255 4852 orator
1270 4779 1364 4876 regis
1381 4781 1526 4876 Ungha-

191 4905 260 4995 rie;
284 4913 446 4979 oratores
467 4913 540 4980 tres
564 4908 638 4996 alii,
661 4933 751 4980 iinns
776 4909 876 4982 ducis
903 4907 1113 4996 Mediolani,
1136 4908 1225 4980 alius
1251 4909 1325 4980 nn.
1350 4905 1526 4979 Florenti-

191 5052 335 5123 uorum,
354 5037 389 5104 et
406 5033 531 5105 tectius
547 5036 622 5106 Dl).
643 5033 869 5107 Senensium.

242 5159 283 5230 Et
312 5157 516 5231 ordinatum
545 5159 625 5250 luit,
656 5160 752 5255 quod
781 5160 817 5232 in
847 5159 994 5257 singulis
1024 5159 1194 5234 custodiis
1222 5157 1439 5257 hujusmodi,
1467 5157 1526 5230 ubi
