3422 6034
307 425 359 482 376
764 417 941 476 lOHllNNlS
960 415 1183 488 nunculiam,
1310 443 1312 448 ·
1403 415 1624 488 [Deccmbretlttl

309 579 519 656 assistentes
542 577 578 650 in
601 575 714 675 gradu
730 575 851 651 altaris
873 599 895 648 a
914 579 1012 649 retro
1032 597 1074 651 ac
1090 579 1187 651 retro
1203 573 1326 650 altare.
1342 573 1427 650 Alia
1448 573 1576 664 omnia,
1591 583 1624 652 dt

309 707 410 797 alias,
427 706 572 780 luerunt
586 705 751 780 ordinata
772 709 807 778 et
822 701 1023 777 observata.

359 831 547 907 Dominica
577 831 737 905 secunda
763 829 948 916 adventus,
980 829 1163 903 dmcnsis
1192 827 1416 917 decembris,
1444 827 1571 901 testum
1598 852 1623 902 s.

309 957 458 1048 Nicolai,
475 961 516 1030 R.
530 955 567 1030 in
579 955 721 1030 Christo
731 959 771 1030 P.
783 961 871 1032 etD.
884 957 1068 1034 lohannes
1083 954 1380 1052 archiepiscopus
1394 951 1624 1041 Atheniensis,

310 1083 481 1158 assistens
509 1085 618 1179 Papa,
649 1081 842 1158 celebrarit
869 1085 1018 1158 missam
1051 1081 1232 1179 publicam
1264 1080 1302 1153 in
1327 1077 1473 1176 capella
1506 1079 1627 1174 majore

309 1207 430 1306 palatii
460 1207 626 1304 predicti,
665 1211 762 1306 Papa
796 1217 967 1307 presente
996 1214 1032 1283 et
1062 1205 1317 1281 cardinalibus.
1353 1203 1454 1278 Dixit
1492 1207 1629 1300 quatuor

310 1333 492 1407 orationes
505 1339 544 1406 ut
558 1331 595 1406 in
609 1331 728 1430 prima
741 1333 943 1424 dominica3
961 1342 998 1408 et
1015 1333 1086 1408 alia
1101 1355 1202 1406 more
1213 1331 1320 1406 solito
1338 1334 1427 1403 sunt
1443 1327 1628 1401 observata.

311 1461 525 1534 Sermonem
553 1457 638 1531 iecit
659 1467 874 1556 procurator
903 1459 1038 1534 ordinis
1068 1457 1265 1532 minorum.
1296 1455 1425 1530 Nullus
1455 1451 1629 1527 cardinalis

311 1582 469 1656 interluit
484 1582 594 1654 misse
611 1581 647 1654 in
663 1583 817 1658 ecclesie
833 1611 863 1659 s.
877 1585 1015 1660 Nicolai
1030 1584 1066 1658 in
1083 1607 1228 1658 carcere
1243 1582 1426 1673 Tulliano,
1439 1579 1515 1654 imo
1530 1599 1629 1674 neque

312 1711 432 1781 Rmns.
447 1710 490 1780 D.
505 1707 696 1782 cardinalis
711 1709 756 1784 de
771 1711 924 1786 Sabellis
946 1711 1050 1808 cujus
1064 1715 1119 1786 est
1133 1709 1212 1807 ipsa
1226 1709 1380 1807 capella.

361 1832 550 1907 Dominica
575 1834 681 1908 tertia
701 1835 892 1930 adventus,
928 1841 970 1911 13
996 1837 1213 1926 decembris,
1233 1839 1358 1908 Rmns.
1385 1835 1432 1906 D.
1456 1830 1631 1906 cardinalis

312 1983 341 2031 s.
359 1957 552 2032 Clementis
568 1957 762 2034 celebravit
780 1961 929 2036 missam
950 1961 1133 2060 publicam
1149 1962 1186 2034 in
1201 1959 1341 2058 capella
1355 1957 1536 2057 predicta,
1553 1959 1632 2052 Papa

311 2093 481 2183 presente
507 2109 517 2158 ε
543 2084 630 2160 dixit
654 2095 807 2183 quatuor
831 2087 1031 2178 orationes,
1056 2087 1120 2161 sed
1142 2085 1248 2162 male.
1277 2085 1418 2158 Primos
1442 2083 1532 2157 duas
1554 2083 1632 2156 bene

312 2209 414 2300 dixit,
438 2209 581 2284 tertiam
605 2209 693 2284 dixit
716 2235 781 2308 pro
801 2211 974 2308 pontifice
1002 2217 1038 2286 et
1065 2217 1229 2308 quartam
1249 2209 1424 2302 Ecclesia,
1442 2231 1629 2310 quesumus,

311 2334 477 2425 Domine,
487 2358 611 2432 preces
618 2335 784 2432 placatur
799 2335 956 2428 admitte,
974 2348 1054 2428 etc,
1077 2335 1175 2432 quod
1194 2335 1280 2410 lecit
1295 2359 1340 2411 ex
1355 2336 1582 2412 ordinatione
1595 2337 1629 2406 D.

312 2461 457 2534 Andree
474 2459 566 2533 de...
586 2457 631 2558 (l)
648 2460 823 2557 capellani
840 2462 896 2534 sui
911 2461 1132 2552 desistentis,
1146 2469 1182 2535 et
1193 2463 1286 2536 male
1299 2491 1307 2552 ;
1320 2469 1518 2560 propterea
1530 2461 1631 2557 ipsum

316 2584 543 2681 capellanum
567 2585 783 2682 reprehendi
803 2612 811 2661 :
835 2587 904 2660 alia
932 2587 1055 2660 omnia
1080 2587 1270 2662 observata
1292 2593 1376 2661 suut
1402 2609 1509 2660 more
1529 2583 1629 2659 solito.

317 2713 530 2783 Sermonem
547 2707 633 2784 iecit
647 2693 860 2808 procurator
872 2713 1008 2787 ordinis
1024 2713 1257 2788 eremitarum
1271 2737 1302 2786 s.
1325 2711 1535 2810 Augustini.

363 2835 550 2908 Dominica
575 2843 703 2931 quarta
726 2837 913 2927 adrentus,
946 2843 992 2912 20
1019 2837 1103 2913 dicti
1129 2839 1266 2913 mensis
1291 2837 1511 2928 decembris,
1537 2839 1575 2908 ll.
1602 2833 1630 2904 in

315 2961 454 3035 Christo
471 2965 511 3034 P.
530 2963 572 3033 D.
591 2960 759 3034 Nicolaus
776 2961 968 3060 episcopus
982 2964 1201 3060 Agathensis
1222 2964 1382 3061 prelatus
1402 2961 1524 3061 palatii
1544 2979 1632 3057 apos

315 3087 432 3176 tolici,
467 3085 659 3160 celebrarit
693 3087 841 3162 missam
874 3089 1058 3185 publicam
1091 3089 1127 3162 in
1162 3090 1302 3187 capella
1333 3089 1517 3188 predicta,
1550 3088 1632 3180 Papa

313 3223 494 3314 presente.
511 3214 606 3287 Dixit
622 3219 776 3310 quatuor
790 3215 973 3290 orationes
985 3223 1195 3306 consuetas,
1210 3215 1323 3290 etalio
1335 3237 1438 3289 more
1449 3213 1631 3289 solitosunt

314 3342 514 3415 observata.
546 3341 762 3414 Sermonem
796 3338 884 3412 lecit
916 3347 1131 3437 procurator
1161 3339 1298 3414 ordinis
1329 3341 1435 3415 beate
1462 3338 1569 3414 Mario
1593 3333 1629 3408 de

314 3470 436 3540 Monte
458 3465 634 3539 Carmelo.
660 3463 776 3538 Finita
800 3464 924 3556 missa,
951 3473 1142 3563 postquam
1167 3467 1231 3540 SS.
1260 3469 1305 3540 D.
1329 3469 1462 3540 Noster
1484 3481 1628 3540 reversus

316 3597 371 3664 est
383 3591 428 3662 ad
448 3612 630 3663 cameram
649 3589 841 3686 papagalli,
865 3591 1079 3688 interrogati
1096 3591 1332 3666 Sanctitatem
1355 3614 1457 3664 suam
1472 3614 1518 3665 an
1532 3591 1627 3662 Sanc-

317 3714 398 3786 titas
421 3737 485 3786 sua
503 3713 713 3786 intendebat
732 3714 850 3807 venire
873 3716 919 3788 ad
944 3716 1139 3790 matutinas
1158 3717 1275 3791 noctis
1294 3715 1422 3790 natalis
1446 3713 1581 3790 Domini
1599 3717 1626 3784 ct

316 3862 362 3913 an
392 3861 518 3912 ensem
542 3838 628 3912 dare
655 3838 867 3914 intendebat
899 3840 1005 3914 alicui
1034 3841 1197 3916 incuria
1226 3841 1387 3940 presenti
1415 3847 1454 3916 ut
1478 3839 1571 3916 illum
1591 3835 1626 3908 de

315 3963 470 4038 lectione
490 3986 556 4060 per
575 3987 659 4038 eum
680 3963 835 4037 dicenda
855 3988 897 4038 ac
913 3965 991 4040 aliis
1006 3967 1223 4041 ceremoniis
1236 3968 1437 4065 potuissem
1456 3964 1622 4042 inservire.

316 4111 496 4185 quamque
522 4087 717 4162 lectionem
737 4089 774 4161 in
799 4089 962 4164 dicendis
982 4089 1198 4164 lectionibus
1223 4091 1434 4167 earumdem
1458 4090 1626 4166 matutina·

316 4237 397 4286 rum
412 4213 601 4287 mandaret
617 4213 812 4286 observari.
832 4213 1031 4310 Respondit
1044 4215 1220 4289 Sanctitas
1237 4239 1357 4290 suase
1373 4215 1420 4291 ad
1436 4215 1621 4290 matutinas.

316 4341 391 4411 Deo
407 4339 559 4429 favente,
580 4345 769 4412 venturum
781 4343 817 4411 et
833 4343 959 4412 en'sem
975 4347 1145 4435 presente
1161 4365 1234 4414 non
1249 4341 1418 4416 daturum
1434 4349 1470 4416 et
1482 4339 1621 4416 ordinem

314 4463 431 4560 ipsum
458 4465 494 4537 in
528 4464 689 4538 dicendis
718 4463 933 4538 lectionibus
960 4462 1051 4538 velle
1088 4465 1270 4542 observari
1301 4467 1364 4564 qui
1388 4491 1504 4564 usque
1535 4459 1621 4538 modo

317 4593 480 4686 tempore
504 4588 734 4686 pontificatus
761 4587 817 4662 sui
838 4594 935 4663 esset
962 4588 1185 4682 observatus,
1212 4592 1272 4689 qui
1295 4592 1470 4689 estquod
1493 4587 1621 4667 clericus

317 4715 605 4790 ceremoniarum
628 4715 806 4812 primam3
840 4717 1018 4817 acolytus,
1054 4717 1273 4806 secundam;
1309 4716 1455 4792 auditor
1481 4713 1618 4798 tertiam,

316 4838 414 4934 prior
427 4840 721 4938 presbyterorum
742 4839 981 4918 cardinalium
1004 4851 1191 4941 quartam;
1214 4842 1368 4917 clericus
1381 4865 1525 4918 camere
1538 4837 1620 4936 quin·

315 4969 410 5051 tam3
441 4963 683 5037 subdiacon-us
713 4973 866 5058 sextam,
899 4969 1073 5043 diaconus
1108 4993 1129 5042 a
1155 4967 1309 5042 sinistris
1340 4971 1436 5067 Papo
1472 4967 1618 5044 assistens

353 5115 379 5169 l.
395 5112 434 5169 En
450 5114 527 5171 blanc
542 5117 611 5173 dans
627 5123 687 5174 tous
703 5115 742 5174 les
758 5135 824 5174 mss.
