3424 6038
104 475 243 543 [uramara
258 475 326 538 ras}
413 473 542 550 acaum,
563 471 791 530 uanauuauu
815 471 1077 534 comusurlau.
1268 455 1271 462 ’
1364 481 1419 538 aas

101 630 200 706 exiret
214 629 290 702 sine
311 627 456 725 speciali
473 636 508 701 et
534 651 704 724 expressa
727 625 872 700 licentia
901 629 964 701 SS.
994 631 1036 702 D.
1062 631 1103 702 N.
1120 653 1225 727 pape,
1253 657 1322 728 que
1350 636 1416 708 sibi

100 754 315 854 postmodum
346 753 479 850 elapsis
506 759 659 849 quatuor
688 776 751 824 seu
786 751 945 847 quinque
970 751 1097 827 diebus
1127 756 1309 830 delatuit.
1343 763 1416 833 Hac

99 880 266 980 pontilicis
293 879 501 953 infirmitate
525 881 689 970 durante,
709 878 807 952 solus
828 877 1022 975 episcopus
1051 879 1241 954 Auriensis
1258 882 1417 958 datarius

98 1006 267 1080 introitum
291 1005 446 1078 liberum
470 1005 593 1078 babuit
610 1004 656 1078 ad
676 1003 885 1102 pontificem
899 989 923 1101 1
934 1009 1016 1100 post
1035 1005 1228 1079 Dominum
1246 1007 1420 1106 Hierony-

99 1153 185 1204 mum
210 1129 453 1226 Calagranumv
470 1135 506 1203 et
527 1133 570 1203 D.
589 1127 852 1204 Bernardinum
869 1129 1083 1202 Gambarum
1100 1137 1260 1204 secretos
1275 1131 1418 1207 cubicu-
1466 1139 1504 1262 p

97 1255 192 1330 brios
208 1277 249 1328 ac
266 1258 308 1330 D.
323 1254 554 1328 Gullielmum
566 1255 676 1328 etiam
692 1253 929 1350 Calagranum
944 1259 980 1327 et
994 1255 1169 1344 medicos,
1185 1256 1293 1330 etiam
1310 1260 1351 1330 D.
1370 1263 1413 1332 N.
1436 1321 1437 1326 ,

98 1379 274 1477 episcopus
290 1379 502 1470 Aleriensis,
520 1379 579 1474 qui
597 1401 677 1452 raro
693 1379 872 1454 veniebat.

139 1505 325 1579 Dominica
345 1505 506 1579 secunda
526 1505 712 1595 adventus,
739 1511 758 1577 7
779 1506 1008 1598 decembris,
1024 1511 1064 1582 R.
1090 1508 1126 1582 in
1152 1509 1291 1584 Christo
1312 1515 1351 1585 P.
1371 1516 1414 1584 D.

96 1631 267 1706 lohannes
285 1631 476 1728 episcopus
486 1629 739 1720 Tornacensis,
751 1631 1063 1726 magisterdomus
1078 1657 1185 1731 pape,
1201 1634 1286 1730 quia
1298 1636 1417 1710 nullus

95 1756 330 1830 assistentium
369 1755 554 1830 celebrare
588 1755 709 1846 voluit,
749 1755 943 1831 celebravit
978 1758 1251 1864 solemnitepin
1280 1762 1418 1858 capella

94 1883 218 1978 majore
234 1879 400 1977 predicta
418 1881 567 1954 missam
586 1879 782 1977 publicam,
804 1885 899 1978 Papa
922 1883 1086 1974 absente,
1104 1883 1311 1980 quindecim
1337 1910 1418 1961 car·

95 2005 263 2080 dinalibus
276 2003 523 2102 presentibus;
550 2028 580 2078 s.
595 1994 698 2080 Petri
715 2006 761 2078 ad
777 2005 943 2098 Vincula,
961 2031 991 2080 s.
1013 2009 1155 2105 Angeli,
1174 2034 1204 2082 s.
1223 2011 1417 2086 Clementis

94 2129 328 2204 cardinalibus
351 2129 570 2204 absentibus.
594 2130 690 2204 Dixit
713 2137 869 2226 quatuor
893 2132 1075 2210 orationes
1100 2141 1322 2210 consuetas:
1347 2139 1418 2235 pri-

92 2277 190 2347 mam,
208 2255 253 2330 de
277 2255 482 2344 dominica;
505 2258 717 2347 secundam,
736 2258 832 2331 Deus
849 2260 911 2356 qui
925 2260 967 2333 de
987 2261 1082 2334 deute
1100 2261 1243 2352 Morie;
1258 2265 1414 2356 tertiam,

92 2387 208 2454 contra
221 2404 405 2479 pagan0s;
424 2390 604 2478 quartam,
622 2408 688 2483 pro
708 2389 817 2483 Papa.
847 2383 926 2458 Alia
948 2383 1069 2457 omnia
1084 2408 1186 2460 more
1212 2386 1317 2462 solito
1334 2395 1417 2464 sunt

93 2505 280 2582 observata.
300 2510 516 2582 Sermonem
531 2508 618 2584 lecit
632 2515 844 2606 procurator
860 2509 995 2584 ordinis
1011 2511 1205 2586 minorum.

135 2631 266 2706 Eadem
282 2632 360 2722 die,
372 2632 469 2708 circa
491 2635 619 2710 borum
632 2659 691 2710 xxr
708 2635 848 2709 intravit
865 2636 999 2708 Urbem
1015 2660 1080 2732 per
1094 2645 1236 2733 portam
1249 2637 1417 2714 Viridarii

93 2755 143 2828 lll.
163 2760 202 2830 D.
220 2757 406 2854 Philippus
431 2783 476 2832 ex
496 2759 646 2834 ducibus
676 2759 1082 2836 Clivensibus'ecclesie
1106 2763 1304 2858 Argentin'e
1333 2788 1416 2838 cum

92 2884 184 2978 equis
199 2885 347 2960 circiter
352 2937 422 2960 .....
442 2910 486 2961 ex
507 2883 593 2976 suis,
613 2885 671 2958 cui
693 2884 832 2958 obviam
848 2884 926 2958 reni
947 2907 1015 2979 ego
1032 2890 1067 2960 et
1082 2885 1174 2958 ultra
1189 2893 1335 2962 centum
1357 2912 1418 2962 cu-

93 3009 188 3084 rialcs
200 3011 407 3102 Alamanni,
421 3011 612 3109 episcopus
626 3010 808 3082 alatrinus
822 3008 969 3082 nomine
982 3009 1227 3086 cardinalisde
1241 3013 1413 3102 Sabellis;
1496 3034 1503 3048 ·

48 3161 52 3172 ·
94 3135 210 3210 deinde
227 3160 343 3234 nepos
360 3145 393 3212 et
411 3137 515 3235 pauci
532 3159 576 3208 ex
590 3134 727 3208 familia
741 3134 906 3231 ejusdem
926 3133 1117 3208 cardinalis
1132 3137 1281 3212 nomine
1302 3139 1413 3236 ipsius

91 3271 256 3336 venerunt
278 3263 389 3336 etiam
412 3263 530 3336 eidem
560 3257 705 3333 obviam
728 3264 765 3332 et
793 3259 911 3356 ipsum
939 3258 1117 3353 usquead
1140 3259 1290 3334 domum
1319 3262 1417 3336 circa

92 3387 285 3463 Ponthecas
316 3387 490 3462 obscuras
514 3408 623 3484 quam
643 3406 709 3482 pro
734 3407 799 3458 sua
821 3383 1042 3458 habitatione
1066 3384 1300 3476 conduxerat,
1319 3410 1417 3461 asse

92 3508 229 3586 cierunt.
697 3533 699 3538 ·

134 3639 235 3712 Feria
246 3639 419 3726 secunda,
440 3636 613 3711 8mensis
638 3634 856 3725 decembris,
884 3639 925 3708 R.
951 3635 989 3708 in
1009 3635 1151 3710 Christo
1168 3639 1207 3709 P.
1233 3643 1268 3710 et
1289 3641 1332 3711 D.
1355 3637 1417 3711 do·

90 3763 198 3838 minus
215 3765 347 3840 Paulus
363 3763 596 3838 miseratione
621 3761 740 3834 divina
762 3760 901 3834 titulis.
919 3759 1107 3854 Anastasia
1131 3762 1321 3860 presbyter
1336 3787 1415 3837 car-

91 3886 221 3979 dinalis,
241 3890 443 3964 Genueusis
459 3887 652 3985 vulgariter
668 3893 913 3983 nuncupatus,
931 3883 1030 3958 venit
1046 3885 1091 3958 ad
1108 3886 1241 3960 Urbem
1257 3911 1322 3984 per
1334 3911 1415 3985 por-

93 4019 155 4086 tam
180 4013 287 4090 beate
311 4013 421 4088 llarie
447 4014 492 4086 de
513 4012 663 4109 Populo.
693 4011 818 4084 RRmi.
843 4013 910 4083 PP.
940 4013 1015 4082 DD.
1046 4011 1304 4108 Neapolitanus
1324 4021 1360 4086 et
1381 4037 1411 4087 s.

97 4139 182 4213 Petri
216 4141 262 4214 ad
300 4137 463 4230 Vincula,
501 4139 682 4236 episcopi;
726 4135 995 4222 ulixbonensis,
1032 4136 1332 4229 Reohanalensis,
1370 4140 1414 4213 de

93 4265 294 4356 Comitibus,
314 4265 537 4363 presbyteri;
562 4265 607 4338 de
630 4261 781 4336 Sabellis
797 4269 832 4334 et
849 4259 893 4334 de
911 4260 1107 4348 Columna3
1130 4261 1271 4336 diaconi
1293 4264 1411 4338 cardi-

94 4389 195 4481 nales,
222 4393 397 4466 venerunt
423 4390 456 4464 ei
481 4390 622 4463 obviam
644 4394 744 4462 extra
771 4391 913 4483 portam
941 4408 1008 4481 per
1038 4387 1332 4462 unummilliare
1357 4389 1413 4462 rel

96 4511 202 4604 circa;
229 4515 325 4589 iutra
350 4521 491 4613 portam
520 4515 616 4588 venit
644 4519 771 4588 amus·
796 4514 839 4584 D.
867 4509 1060 4584 cardinalis
1084 4536 1114 4584 s.
1148 4512 1357 4602 Clementis,
1380 4521 1416 4588 et

96 4639 181 4714 circa
198 4642 391 4716 ecclesiam
415 4647 586 4714 venerunt
607 4639 735 4712 llllmi.¹
758 4639 835 4712 DD.
858 4635 1059 4710 cardinales
1083 4637 1412 4730 vicecancellarius,

98 4764 303 4857 Parmensis,
330 4792 359 4842 s.
390 4765 534 4862 Georgii
564 4772 599 4839 et
624 4763 811 4839 Ascanius.
840 4761 976 4857 Singuli
1002 4784 1084 4854 curn
1114 4763 1231 4859 ipsum
1256 4763 1416 4839 riderent

95 4890 201 4984 capite
216 4892 449 4985 denudatum,
469 4899 506 4966 et
517 4891 584 4989 ipsi
600 4889 838 4987 discoopertis
853 4887 1028 4985 capitibus
1058 4911 1097 4962 se
1119 4889 1415 4986 mutuorecipie-

96 5010 183 5088 bant.
212 5017 418 5091 Assoclatus
440 5016 507 5090 luit
528 5016 573 5090 ab
599 5015 766 5090 omnibus
784 5012 954 5110 predictis
978 5013 1219 5088 cardinalibus
1235 5039 1349 5112 usque
1371 5016 1417 5088 ad

96 5133 233 5214 domum
250 5142 484 5239 principalem
497 5143 600 5240 juxta
616 5141 800 5216 basilicam
822 5136 1012 5239 duodecim
1035 5139 1281 5238 apostolorum
1308 5165 1415 5239 quam
