3422 6034
321 453 374 510 410
774 448 948 506 ιΙΟΗΑΝΝΙΞ
972 447 1195 517 abacelam,
1507 455 1570 520 [itai
1583 454 1645 518 aaa]
1703 391 1704 450 i

322 606 424 682 ducis
438 603 717 678 Mediolanensis
733 603 779 676 ad
794 602 1021 678 tractandum
1032 603 1127 676 inter
1144 625 1207 678 eos
1218 629 1283 702 pro
1294 628 1398 703 pace,
1410 605 1558 678 misisse
1569 605 1647 701 ipsis

322 729 525 807 oratoribus
542 727 684 801 obviam
707 751 809 801 suam
830 735 866 804 et
886 733 1105 802 thmorum.
1136 732 1211 802 Ill).
1238 728 1479 804 cardinalium
1502 729 1649 802 familias

324 864 425 935 extra
442 857 575 932 Urbem
588 878 690 930 more
701 861 876 930 consueto
888 879 896 944 ;
910 853 1170 927 similitercum
1183 853 1649 952 predictuspontilexltico
1703 839 1704 864 ¹

222 1072 227 1082 ,
321 985 399 1058 laus
421 985 567 1079 quintus
587 980 727 1056 iniisset
751 980 855 1054 ledus
884 1003 967 1052 cum
989 979 1177 1076 Alphonso
1206 979 1327 1054 Sicilie
1350 1002 1438 1076 rege
1461 978 1648 1052 addacem

322 1108 599 1197 annos,vocavit
613 1105 790 1181 Sanctitas
799 1127 863 1178 sua
876 1105 1412 1201 oratorespotcutatuumltalie
1432 1129 1503 1201 pro
1515 1104 1651 1200 quibus·
1703 1109 1704 1162 3

321 1234 404 1308 dam
422 1233 561 1318 causis;
584 1231 714 1328 quibus
733 1229 1003 1304 advenientibus
1019 1230 1117 1304 misit
1135 1230 1277 1304 obviam
1297 1229 1474 1303 familiam
1498 1237 1648 1302 suamet

322 1358 577 1446 cardinalium3
600 1357 644 1432 do
659 1357 737 1430 aliis
755 1355 977 1452 temporibus
993 1356 1083 1430 dixit
1098 1381 1136 1430 se
1152 1381 1226 1430 non
1242 1356 1446 1444 recordari3
1467 1355 1583 1430 videri
1592 1356 1649 1452 igi·
1703 1355 1704 1358 ’

322 1489 380 1556 tur
395 1482 475 1572 sibi,
494 1481 604 1578 quod,
622 1503 706 1556 cum
723 1479 887 1578 pontifex
903 1480 954 1552 sic
969 1481 1116 1556 lecisset
1131 1505 1196 1576 pro
1213 1480 1418 1556 oratoribus
1434 1478 1649 1576 supradictis

322 1615 357 1682 et
373 1607 466 1697 aliis,
484 1629 566 1680 cum
583 1605 620 1678 id
631 1605 862 1703 equiparetur
879 1585 1099 1696 obedientie,
1119 1605 1244 1680 deberi
1264 1605 1352 1702 ipsis
1369 1603 1518 1678 obviam
1539 1602 1648 1680 mitti:
1703 1687 1704 1690 Ἴ

322 1736 357 1808 in
378 1735 457 1808 aliis
477 1739 600 1806 autem
615 1731 771 1820 casibus,
789 1731 858 1804 nisi
878 1753 945 1828 pra
965 1730 1184 1820 obedientia,
1207 1729 1436 1804 venientibus
1463 1728 1561 1802 mitti
1587 1751 1650 1800 non
1703 1713 1704 1794 Ϊ

321 1858 466 1948 deberi3
485 1879 529 1930 ev
545 1880 616 1953 quo
628 1857 830 1931 ordinatum
843 1862 899 1932 est
914 1855 1011 1952 quod
1024 1857 1274 1953 reciperentur
1287 1855 1415 1929 ordine
1429 1853 1648 1950 supradicto.

371 1983 475 2058 Faria
499 1989 639 2078 quarta,
667 1987 709 2056 19
738 1981 838 2070 maii,
868 1981 988 2078 vigilia
1013 1981 1236 2057 ascensionis
1266 1985 1307 2054 ll.
1331 1983 1373 2054 N.
1404 1985 1495 2056 lesu
1511 1980 1647 2062 Christi,
1703 1965 1704 2050 Ϊ

328 2109 471 2182 suerunt
491 2129 642 2204 vespere
668 2106 815 2202 papales
836 2107 871 2178 in
892 2107 1032 2204 capella
1051 2108 1189 2203 majore
1209 2107 1333 2202 palatii
1353 2106 1550 2203 apostolici
1566 2105 1650 2203 apud

326 2241 492 2308 sanctum
523 2236 683 2322 Petrum,
714 2235 811 2328 Papa
839 2239 1009 2327 presente
1039 2239 1075 2304 et
1105 2231 1268 2304 osticium
1298 2237 1450 2328 agente,
1484 2230 1545 2303 cui
1576 2253 1649 2302 cum
1703 2269 1704 2280 .

325 2359 526 2434 cardinales
543 2381 586 2431 ex
606 2381 707 2430 more
727 2357 965 2430 reverentiam
984 2357 1159 2447 lacerent,
1179 2356 1275 2430 lacta
1290 2363 1345 2428 est
1360 2356 1553 2430 eontentio
1567 2354 1651 2428 inter
1703 2401 1704 2404 =

325 2492 488 2560 oratores
499 2506 625 2580 regum
641 2483 865 2579 Neapolitani
877 2491 913 2556 et
927 2482 1142 2572 Scotiavum,
1158 2487 1395 2572 Venetorum,
1409 2481 1605 2556 Mediolani
1620 2489 1647 2552 et
1703 2469 1704 2528 ἒ

328 2609 479 2684 dominii
514 2607 712 2682 Florentini
737 2607 796 2702 qui
829 2607 998 2680 dicebant
1024 2631 1062 2682 se
1089 2608 1134 2680 ab
1159 2614 1301 2682 oratore
1331 2607 1432 2680 ducis
1462 2604 1648 2682 Mediolani

327 2735 434 2810 dividi
467 2735 523 2808 vel
560 2733 721 2830 separari
753 2755 827 2806 non
860 2732 1007 2824 debere,
1039 2741 1076 2808 et
1110 2740 1273 2808 oratores
1312 2733 1480 2822 Othonia,
1518 2729 1648 2804 Alberti

325 2869 362 2936 et
384 2859 528 2957 Georgii
551 2859 698 2933 Bavarie
728 2858 874 2950 ducum,
899 2859 959 2954 qui
984 2883 1022 2932 se
1044 2883 1152 2955 supra
1179 2865 1342 2934 oratores
1367 2865 1533 2934 Venetos
1562 2859 1649 2930 loca·

325 2993 473 3074 veruut;
501 3009 545 3060 ex
571 2999 644 3083 quo
670 2985 844 3082 indignati
865 2984 996 3062 Veneti
1016 2986 1184 3060 adstatim
1206 2992 1242 3060 et
1266 2983 1465 3058 Florentini
1490 2991 1648 3056 oratores

328 3119 570 3187 recessemnt.
594 3111 808 3186 Ferdinandi
832 3111 1000 3208 Neapolis
1025 3118 1060 3185 et
1081 3112 1202 3185 Scotie
1232 3133 1359 3207 regum
1375 3109 1594 3196 oratoribus
1615 3109 1645 3179 in
1703 3091 1704 3168 l

324 3237 558 3312 contentione
591 3235 878 3333 persistentibus,
908 3259 953 3310 ex
981 3237 1129 3332 speciali
1161 3235 1333 3310 mandato
1368 3239 1465 3332 Pape
1487 3233 1642 3310 mandavi

326 3361 424 3456 quod
449 3363 556 3436 ambo
585 3360 761 3458 capellam
790 3361 944 3452 exirent,
976 3360 1072 3457 quod
1101 3362 1209 3434 etiam
1238 3361 1316 3434 sine
1340 3383 1445 3434 mora
1472 3359 1642 3435 lecerunt.

326 3483 451 3558 Finitis
480 3484 653 3581 vesperis,
690 3485 868 3558 Sanctitas
896 3509 961 3558 sua
988 3485 1115 3559 habuit
1145 3486 1296 3560 verbum
1325 3487 1362 3558 in
1391 3487 1490 3560 dicta
1520 3484 1648 3584 capella

327 3633 411 3682 cum
426 3608 666 3682 cardinalibus
683 3609 908 3684 in‘circulum
928 3610 972 3683 ad
993 3634 1032 3684 se
1048 3611 1182 3684 vocatis
1201 3633 1312 3710 super
1325 3613 1561 3709 precedentis
1575 3633 1646 3708 pre·
1703 3679 1704 3702 ,

327 3730 507 3805 dictorum
531 3754 539 3802 :
565 3737 641 3804 tum
672 3731 854 3806 mandavit
883 3731 973 3805 mihi
1000 3733 1096 3828 quod
1120 3735 1323 3810 oratoribus
1350 3738 1446 3834 regis
1476 3737 1594 3812 Scotia
1616 3741 1645 3808 et

327 3853 476 3930 Bavarie
498 3853 704 3928 intimarem
731 3854 828 3951 quod
850 3855 907 3930 die
928 3858 1085 3932 crastina
1108 3881 1182 3932 uon
1206 3859 1370 3935 venirent
1394 3863 1441 3937 ad
1465 3853 1643 3962 capellam,
1703 3879 1704 3938 t

327 3986 362 4054 et
376 3979 473 4075 quod
488 3979 546 4052 die
561 3981 702 4056 veneris
722 3980 886 4077 proxima
906 3983 1084 4056 Sanctitas
1105 4007 1171 4056 sua
1185 3985 1324 4060 lactura
1343 3991 1439 4064 esset
1458 3987 1642 4065 verbumin
1703 3987 1704 4036 ⁷

327 4104 540 4180 consistorio
566 4129 674 4203 super
699 4105 909 4203 hujusmodi
940 4109 1187 4204 procedentia,
1221 4111 1318 4207 quod
1346 4120 1382 4188 et
1410 4115 1541 4192 ecdem
1575 4135 1642 4189 sero
1703 4139 1704 4188 3

327 4230 435 4318 lecit,
459 4238 496 4306 et
518 4231 615 4327 quod
640 4231 677 4304 in
704 4234 918 4305 Pentecoste
939 4233 1062 4306 venire
1085 4233 1236 4309 deberet
1263 4243 1386 4312 orator
1409 4239 1506 4336 regis
1523 4237 1639 4314 Scotie.

327 4355 435 4431 etiam
451 4355 518 4430 sibi
534 4357 578 4430 de
592 4356 739 4454 speciali
756 4356 1012 4432 commissione
1028 4362 1124 4456 Papa
1135 4360 1309 4435 intimavi.

374 4480 479 4555 Faria
494 4481 629 4576 quinta,
648 4485 694 4554 ΞΟ
709 4482 807 4571 maii,
825 4482 957 4557 lestum
973 4486 1196 4560 ascensionis
1211 4491 1254 4560 D.
1271 4492 1313 4562 N.
1325 4492 1354 4564 J.
1369 4489 1517 4580 Christi,
1532 4494 1636 4563 Rmus.

327 4609 371 4678 D.
391 4606 583 4680 cardinalis
603 4611 879 4684 Beneventanus
906 4611 1099 4686 celebravit
1121 4611 1269 4688 missam
1295 4615 1500 4691 solemnem
1515 4617 1550 4690 in
1563 4612 1639 4688 basi·
1703 4675 1704 4712 ,

326 4730 398 4806 lica
421 4757 452 4805 s.
471 4732 580 4822 Petri,
600 4735 697 4826 Papa
721 4739 901 4828 presente.
925 4729 1091 4808 Non'suit
1111 4759 1261 4810 sermo:
1281 4737 1400 4811 vultus
1424 4737 1564 4812 Domini
1585 4733 1638 4808 luit

331 4863 499 4930 ostensus
529 4863 611 4954 post
638 4855 875 4932 elevationem
905 4861 1122 4936 sacramenti
1151 4885 1196 4936 ex
1223 4863 1372 4960 speciali
1400 4862 1637 4937 commissione

333 4984 429 5078 Pape
452 4990 488 5056 et
514 4990 596 5080 post
625 4981 794 5071 missam;
818 4983 949 5060 deinde
978 4990 1076 5082 Papa
1103 4989 1268 5063 ascendit
1292 4989 1337 5062 ad
1364 4989 1485 5064 locum
1514 4984 1636 5087 publice

328 5104 592 5182 benedictionis
610 5107 686 5200 ubi,
703 5109 787 5184 data
806 5110 1059 5188 benedictione
1079 5117 1247 5206 solemni,
1272 5141 1302 5190 s.
1322 5115 1468 5215 Georgii
1487 5113 1523 5188 in
1544 5110 1634 5186 latino
