3600 6094
403 445 438 498 30
851 428 1030 504 :susannis
1055 411 1274 492 eunonium,
1443 499 1449 506 Ι
1567 422 1644 486 [sou
1659 425 1712 472 sarr

402 590 653 688 apostolicum,
672 584 955 658 Balthassarrem
970 580 1014 653 de
1032 577 1234 666 Blandrate,
1249 573 1482 648 Franciseum
1498 575 1715 659 Bertellauur,

401 721 436 789 et
452 739 509 788 me
533 713 734 786 Iohannem
755 707 1006 781 Burchardum
1021 703 1065 777 ad
1081 702 1327 800 recipiendum
1344 699 1466 775 omnia
1480 701 1576 772 bona
1589 699 1625 772 iu
1640 723 1719 772 con-

400 839 497 912 clave
532 835 722 910 existentia
749 833 858 907 futuri
887 830 1017 906 summi
1041 827 1239 926 pontificis,
1273 826 1402 921 illaque
1432 825 1588 900 fideliter
1612 825 1720 897 distri-

400 964 583 1036 buendum
606 962 700 1034 inter
721 957 954 1031 conclavistas
976 955 1169 1053 predictos
1190 956 1442 1026 Convenerunt
1460 975 1603 1047 quoque
1619 950 1720 1022 iidem

400 1087 630 1178 conclaviste,
654 1085 749 1182 quod
772 1081 987 1156 conc-laviste
1011 1079 1150 1153 romani
1179 1077 1360 1176 pontificis
1380 1077 1503 1166 loturi,
1529 1045 1652 1149 etalii
1684 1101 1720 1148 ex

401 1211 628 1310 supradictis,
653 1209 713 1304 qui
740 1205 1004 1280 cathedralibus
1031 1202 1195 1277 ecclesiis
1227 1201 1299 1275 sire
1327 1200 1601 1298 metropoliticis
1623 1201 1724 1297 prefi-

401 1335 542 1410 cieutur
557 1335 591 1406 in
607 1333 798 1430 episcopos
821 1337 856 1404 et
878 1337 1054 1428 pastoreS,
1080 1353 1123 1401 ex
1146 1325 1386 1424 promissione
1407 1325 1554 1399 indicto
1571 1325 1723 1399 conclaui

401 1464 453 1538 eis
476 1461 597 1535 forsan
620 1458 803 1548 facienda,
829 1456 885 1528 vel
910 1457 1003 1528 intra
1027 1477 1190 1527 mensem
1214 1458 1296 1550 post
1320 1451 1592 1525 coronationem
1621 1450 1725 1524 loturi

401 1585 593 1688 pontificis,
628 1589 709 1657 ante
742 1590 861 1656 tamen
889 1581 1102 1654 divisionem
1136 1580 1315 1652 bonorum
1348 1577 1612 1676 predictorum,
1643 1576 1726 1650 nibil

400 1713 534 1786 habere
557 1711 712 1783 debeant
731 1709 774 1782 de
796 1707 919 1806 spoliis
942 1705 1169 1804 supradictis,
1195 1704 1259 1777 sed
1282 1703 1340 1776 illa
1365 1704 1458 1776 inter
1480 1703 1569 1776 alios
1593 1708 1727 1776 tautum

399 1835 519 1908 dividi.
545 1833 682 1907 Deinde
706 1855 846 1920 omneS,
876 1837 911 1904 et
939 1829 1068 1926 singuli
1092 1827 1351 1926 quinquaginta
1370 1828 1587 1904 conclavista
1608 1853 1727 1928 supra-

399 1959 485 2034 dicti
507 1958 718 2033 eorumdem
739 1961 955 2030 llllmorum.
979 1958 1054 2029 DD.
1078 1953 1313 2028 cardinalium
1336 1953 1371 2025 iu
1393 1954 1552 2028 conclavi
1575 1956 1727 2030 existen-

401 2085 503 2175 tium,
522 2083 626 2158 tactis
651 2082 837 2180 scripturis
862 2079 1101 2154 sacrosanctis
1126 2079 1160 2151 iu
1186 2079 1351 2152 manibus
1371 2079 1498 2176 prelati
1523 2083 1567 2153 D.
1594 2083 1728 2154 abbatis

401 2209 564 2302 sacriste,
598 2209 642 2282 ad
666 2215 790 2282 sancta
814 2207 879 2280 Dei
904 2205 1088 2302 evangelia
1113 2205 1335 2302 juraverunt,
1367 2210 1403 2278 et
1433 2205 1582 2302 quilibet
1606 2231 1729 2281 eorum

397 2333 541 2436 juravit,
560 2333 656 2430 quod
676 2333 705 2405 si
727 2332 896 2405 domiuus
923 2355 1008 2404 suus
1034 2330 1194 2426 pontiles
1223 2329 1388 2426 eligetur,
1410 2331 1455 2404 de
1476 2331 1631 2405 tideliter
1650 2359 1729 2430 pre·

402 2460 576 2536 sentando
597 2458 718 2532 omnia
740 2464 775 2531 et
796 2456 935 2554 singula
949 2456 1044 2528 bono
1066 2479 1143 2544 sua,
1165 2456 1236 2528 hoc
1253 2461 1308 2527 est
1331 2455 1494 2552 ejusdem
1510 2457 1645 2531 domini
1661 2461 1728 2535 sui.

401 2609 471 2684 que
497 2584 533 2657 in
557 2584 715 2658 conclavi
739 2583 861 2673 habet,
884 2605 1006 2668 aurea,
1029 2586 1213 2678 argentea,
1231 2579 1368 2676 lapides
1391 2581 1568 2677 pretiosos
1588 2591 1623 2656 et
1643 2609 1731 2680 qua-

400 2711 604 2807 liacumque
628 2708 730 2808 [bona
759 2713 860 2796 sunt,
893 2708 1005 2780 nihilo
1039 2708 1199 2804 dempto,
1224 2707 1371 2804 prelatis
1405 2714 1544 2805 septem
1577 2711 1731 2784 dominis

400 2833 592 2934 deputatis
610 2833 665 2906 vel
680 2833 782 2906 alteri
799 2859 842 2906 ex
858 2833 957 2930 ipsis.
976 2833 1080 2906 Aliud
1103 2833 1196 2906 inter
1217 2859 1282 2906 nos
1299 2836 1433 2908 lactum
1449 2861 1521 2910 uon
1537 2844 1592 2910 est
1607 2837 1728 2910 hodie.

447 2959 562 3034 Finita
577 2959 870 3056 congregatione,
889 2958 996 3054 aliqui
1017 2983 1061 3031 ex
1080 2934 1166 3054 ipsis
1190 2959 1373 3034 redierunt
1396 2961 1431 3052 in
1449 2987 1610 3036 cameras
1626 2989 1729 3054 suas,

400 3087 459 3162 alii
484 3111 566 3160 cum
590 3084 667 3158 aliis
691 3085 776 3157 hinc
801 3083 883 3156 inde
908 3083 1179 3157 deambulantes
1203 3086 1537 3176 confabulabantur,
1564 3088 1622 3161 alii
1647 3089 1733 3161 diri-

399 3237 486 3286 uum
502 3211 660 3285 officium
677 3210 939 3307 persolvebant.

448 3337 582 3410 Eodem
604 3334 675 3426 die,
695 3335 791 3408 cirea
811 3335 939 3408 horam
963 3358 1040 3408 xxu
1067 3335 1250 3410 redierunt
1277 3337 1468 3412 scrutares
1497 3338 1733 3414 cardinalium

400 3464 444 3538 ad
465 3461 597 3535 ostium
618 3461 797 3533 conclavis
827 3483 909 3533 cum
929 3460 1072 3533 cibariis
1095 3467 1131 3533 et
1152 3469 1238 3558 potu
1264 3487 1329 3560 pro
1350 3487 1452 3555 cena,
1476 3465 1605 3560 quibus
1626 3467 1733 3539 resti-

401 3589 594 3662 tuebantur
620 3610 704 3658 rasa
732 3591 916 3683 argentea,
947 3610 1016 3681 que
1046 3610 1111 3684 pro
1140 3587 1290 3683 prandio
1319 3595 1613 3686 apportaverant,
1649 3590 1733 3664 dedi

402 3718 483 3786 tunc
499 3712 626 3786 horam
642 3709 803 3808 singulis,
822 3711 931 3806 quod,
955 3711 1124 3784 conclave
1146 3712 1353 3808 hujusmodi
1377 3715 1540 3805 durante,
1559 3715 1733 3812 deinceps

400 3835 547 3934 singulis
567 3835 694 3910 diebus
716 3836 812 3910 circa
835 3836 962 3909 horam
989 3861 1067 3908 xun
1092 3860 1174 3909 cunr
1201 3839 1352 3934 prandio
1379 3846 1414 3912 et
1429 3841 1527 3914 circa
1545 3865 1625 3914 xxn
1647 3866 1732 3914 curn

400 3985 490 4036 cena
505 3961 738 4038 cardinalium
753 3962 974 4036 advenirent.

447 4088 551 4162 Faria
576 4093 675 4162 sexta
697 4087 832 4160 mensis
856 4088 998 4185 augusti
1015 4113 1157 4163 summo
1186 4115 1290 4165 ruane
1319 4097 1443 4166 Rmus.
1472 4098 1515 4167 ll.
1538 4095 1733 4168 cardinalis

400 4213 513 4288 sancti
530 4214 639 4287 Marci
659 4213 693 4285 in
709 4212 819 4286 altare
836 4213 963 4310 majori
983 4237 1089 4311 parve
1110 4217 1260 4313 capelle,
1286 4219 1480 4292 celebrarit
1500 4220 1647 4293 missam
1663 4246 1732 4317 pro

399 4340 587 4416 devotione
605 4363 681 4430 sua,
700 4337 924 4412 ministrante
941 4339 1007 4412 sibi
1026 4365 1096 4414 uno
1113 4365 1156 4415 ex
1177 4343 1250 4415 suis
1271 4344 1510 4417 conclusistis.
1529 4346 1628 4418 ldem
1643 4347 1732 4419 lecit

399 4473 478 4566 post
494 4491 578 4542 eum
598 4462 789 4540 cardinalis
808 4463 992 4561 Agrionsis
1015 4472 1050 4539 et
1072 4467 1359 4558 Matisconensis,
1385 4475 1420 4542 et
1440 4470 1585 4566 quidam
1607 4471 1680 4559 alii,
1702 4473 1731 4544 si

399 4591 490 4666 bene
512 4591 672 4666 memini.
704 4590 839 4664 Deinde
862 4591 959 4664 circa
984 4591 1111 4664 horam
1141 4600 1302 4667 octar-arn
1325 4595 1435 4668 abbas
1457 4597 1571 4669 sancti
1597 4597 1732 4670 Sebas-

400 4714 485 4787 tiaui
502 4718 651 4790 sacrista
665 4723 801 4808 noster,
820 4717 924 4788 nobis
940 4716 1007 4788 sibi
1023 4717 1321 4811 ministrantibus
1344 4721 1433 4792 dixit
1452 4721 1600 4795 missam
1614 4723 1733 4818 publi-

398 4864 491 4930 cnm,
523 4841 558 4912 in
587 4843 804 4940 paramentis
834 4849 954 4916 tarnen
984 4846 1266 4920 sacerdotalibus
1295 4853 1446 4921 tontum.
1483 4848 1731 4922 luterluerunt

397 4989 524 5038 omnes
544 4968 743 5042 cardinales
763 4969 876 5043 induti
901 4992 1010 5067 super
1033 4971 1221 5044 rochetum
1246 4973 1362 5071 parvis
1383 4974 1603 5071 cappucciiS,
1627 4974 1729 5047 colo-

397 5089 446 5164 ris
470 5089 556 5188 ipsis
583 5093 822 5169 cardinalibus
846 5095 960 5193 magis
982 5095 1169 5194 placentiS,
1196 5105 1230 5172 et
1252 5099 1409 5198 desuper
1434 5099 1564 5173 crociis
1592 5100 1726 5174 coloris
