3436 6038
294 439 347 518 iao
750 458 925 516 lunanum
950 456 1171 527 benennam,
1461 459 1606 528 [simiae

292 610 608 686 vicecancellarius
625 609 727 708 juxta
749 615 884 709 Papam
905 611 1077 702 existens,
1097 610 1159 708 qui
1180 609 1374 684 celebravit
1395 609 1443 684 ad
1459 611 1562 687 altare
1579 623 1610 688 et

292 737 391 812 dedit
410 739 505 834 Pape
528 759 650 810 coram
665 736 776 812 altare
793 737 984 834 genuflexo
1006 737 1158 812 calicem
1171 760 1255 812 cum
1268 743 1495 812 sacramento
1516 763 1608 835 quam

292 867 389 960 Papa
404 885 556 958 surgens
576 861 691 960 capite
716 861 874 952 detecto,
898 867 934 936 et
954 861 1052 936 circa
1071 862 1206 936 collum
1226 863 1422 960 quamdam
1445 863 1608 938 tobaleam

291 989 443 1064 sericam
459 987 646 1086 pulchram
662 969 726 1086 per
746 989 947 1063 cardinales
969 989 1141 1066 diaconos
1165 988 1377 1063 assistentes
1391 989 1493 1086 juxta
1511 989 1608 1066 altare

291 1114 359 1189 sibi
383 1113 585 1211 appositam
605 1113 758 1204 habens,
779 1115 931 1212 portavit
955 1113 1135 1213 usquead
1159 1114 1335 1213 capellam
1358 1112 1535 1188 minorem
1556 1113 1609 1186 sub

289 1239 507 1315 baldachino
529 1239 575 1312 ab
599 1245 700 1314 extra
720 1240 921 1316 cancellum
945 1240 1082 1339 capelle
1105 1239 1254 1338 majoris
1279 1261 1394 1336 usque
1419 1239 1465 1313 ad
1493 1237 1610 1312 ostium

291 1363 442 1438 minoris
465 1365 620 1462 capelle.
642 1363 902 1440 Baldachinum
922 1371 1111 1464 portarunt
1128 1373 1211 1440 octo
1235 1363 1398 1462 episcopi
1423 1369 1460 1438 et
1488 1363 1612 1438 archia

289 1489 442 1588 piscopi,
470 1489 636 1566 videlicet
660 1490 828 1588 quinque
847 1490 1057 1568 assistentes
1081 1497 1117 1566 et
1131 1496 1206 1566 tres
1221 1496 1385 1566 oratores
1408 1489 1610 1588 prelatinon

289 1615 515 1707 assistentes,
544 1615 629 1712 quia
656 1616 903 1691 assistentium
931 1618 1053 1714 plures
1078 1623 1280 1692 nouerant
1303 1615 1463 1690 :delecti
1499 1637 1612 1688 omnes

290 1764 374 1814 cum
389 1739 512 1815 biretis
529 1747 565 1814 et
579 1740 695 1814 mitris
712 1741 748 1814 in
763 1743 944 1834 mambae,
961 1765 1088 1818 omnes
1109 1743 1219 1818 etiam
1232 1741 1291 1816 alii
1311 1739 1439 1839 prelati
1455 1747 1492 1816 et
1507 1737 1612 1814 cardi-

288 1865 390 1941 nales
405 1874 661 1965 precesserunt
676 1877 944 1942 sacramentum
961 1868 1038 1942 sine
1055 1867 1183 1942 mitris.

340 1997 486 2066 Portata
506 1992 649 2066 luerunt
670 1999 753 2066 ante
777 2000 1042 2070 sacramentum
1058 1991 1240 2068 sexdecim
1259 1991 1442 2066 intorticia
1461 1991 1553 2080 alba,
1569 1989 1612 2062 vi-

291 2117 423 2192 delicet
460 2117 653 2192 duodecim
683 2119 791 2194 trium
814 2121 986 2195 librarum
1011 2119 1209 2216 quodlibet,
1239 2125 1275 2194 et
1297 2127 1453 2217 quatuor
1478 2141 1610 2216 magua,

290 2244 418 2340 quibus
434 2245 569 2319 utimur
583 2268 648 2344 pro
665 2245 865 2320 elevatione
882 2245 1098 2319 sacramenti
1114 2243 1152 2318 in
1176 2243 1314 2342 capella
1331 2267 1475 2341 magna,
1493 2242 1611 2316 deinde

291 2367 361 2442 duo
377 2368 592 2442 candelabra
608 2393 737 2466 magna
760 2392 843 2444 cum
862 2367 1112 2460 luminaribus,
1130 2391 1199 2464 que
1220 2367 1342 2442 omnia
1355 2372 1541 2466 portamnt
1559 2390 1612 2440 ca-

291 2492 424 2590 pellani
447 2493 638 2568 cardinalis
663 2494 879 2568 celebrantis
908 2518 989 2568 oum
1014 2493 1161 2569 contris.
1188 2497 1276 2568 Cum
1301 2498 1398 2592 Papa
1421 2499 1518 2568 esset
1539 2498 1612 2566 ante

293 2618 518 2714 superiorem
554 2621 703 2718 gradum
741 2621 877 2719 capelle
910 2645 1031 2719 parve,
1060 2620 1194 2694 ibidem
1218 2619 1415 2718 genuflexit
1438 2624 1474 2692 et
1498 2622 1610 2692 Rmus.

293 2747 337 2816 D.
352 2744 542 2818 cardinalis
557 2723 870 2821 vicecancellarius
884 2743 1044 2845 prelatus
1060 2745 1200 2843 accepit
1213 2744 1259 2818 de
1273 2743 1439 2818 manibus
1454 2741 1526 2817 suis
1540 2741 1615 2816 cali-

285 2891 374 2942 cem
390 2893 474 2944 cum
490 2877 717 2946 sacramento
740 2877 776 2946 et
795 2870 956 2968 reposuit
979 2870 1097 2967 ipsum
1112 2869 1149 2940 in
1173 2890 1281 2964 capsa
1301 2890 1410 2964 super
1428 2866 1537 2940 altare
1549 2863 1613 2936 ibi-

290 2995 373 3068 dem
397 3002 544 3093 parata;
571 3003 647 3070 tum
678 2989 789 3094 Papa,¹
813 2996 1039 3070 ministrante
1070 2993 1208 3092 pretato
1238 2997 1343 3068 Rmo.
1372 2995 1415 3064 D.
1448 2989 1612 3066 Mediola-

290 3119 395 3194 nensi
409 3121 621 3213 naviculam,
634 3120 807 3219 imposuit
821 3121 1009 3196 incensum
1020 3119 1058 3192 in
1073 3141 1145 3190 uno
1163 3115 1342 3190 thuribulo
1359 3121 1395 3190 et
1410 3116 1612 3213 genuflexus

290 3243 487 3320 incensavit
509 3251 775 3320 sacramentum
792 3250 955 3344 utsupra
973 3271 980 3319 :
1000 3269 1070 3341 quo
1093 3243 1294 3332 incensato,
1318 3240 1439 3315 statim
1460 3240 1613 3316 vicecan-

291 3369 469 3461 cellarius,
487 3371 676 3468 adjuvante
694 3371 811 3468 ipsum
828 3371 990 3461 sacrista,
1008 3369 1135 3446 clausit
1154 3389 1301 3466 capsam
1317 3372 1353 3440 et
1373 3365 1472 3440 dedit
1486 3367 1610 3441 clavem

291 3493 454 3586 sacriste,
472 3501 547 3568 turn
564 3495 718 3569 surrexit
734 3499 829 3592 Papa
844 3501 894 3586 et,
907 3493 1074 3593 imposita
1089 3494 1155 3567 sibi
1170 3493 1290 3581 mitra,
1303 3490 1365 3564 ivit
1374 3491 1612 3589 processiona-

291 3618 500 3716 literaeque
516 3621 693 3696 adlocum
708 3621 981 3710 benedictionis,
999 3619 1274 3718 precedentibus
1289 3613 1437 3714 prelatis
1454 3625 1490 3691 et
1504 3614 1611 3692 cardi-

291 3744 447 3834 nalibus,
478 3768 579 3820 more
610 3753 799 3821 consueto.
833 3745 1092 3820 Baldachinum
1126 3747 1316 3842 portarunt
1346 3765 1456 3838 super
1490 3747 1610 3840 Papam
1646 3797 1654 3808 .

290 3869 473 3966 digniores
505 3879 666 3946 oratores
696 3877 732 3944 et
764 3870 823 3944 alii
857 3871 941 3944 laici
970 3871 1103 3947 ibidem
1131 3872 1338 3948 existentes.
1368 3875 1542 3948 Pervento
1572 3865 1610 3940 ad

289 3993 409 4068 locum
421 3995 697 4086 benedictionis,
713 3996 912 4072 cardinales
928 4020 1055 4071 omnes
1070 3998 1233 4074 lecerunt
1253 3998 1491 4074 reverentiam
1508 4000 1607 4091 Papa,

289 4121 371 4216 quia
387 4121 424 4194 in
439 4121 550 4197 missa
562 4123 801 4198 reverentiam
812 4147 885 4196 non
901 4121 1083 4214 lecerunt3
1098 4150 1168 4222 qua
1179 4125 1285 4216 lacta,
1297 4129 1394 4223 Papa
1404 4123 1508 4198 vertit
1520 4145 1555 4194 se
1569 4115 1607 4189 ad

289 4246 463 4344 populum
480 4256 514 4322 et
529 4248 596 4322 luit
609 4248 705 4322 lecta
720 4254 756 4324 et
773 4248 1010 4347 pronunciata
1029 4249 1125 4326 bulla
1145 4251 1386 4326 anathematis
1402 4242 1608 4324 videlicelin

290 4369 402 4444 latino
426 4395 492 4468 per
513 4375 557 4444 D.
576 4371 835 4472 Hieronymum
850 4376 1086 4473 Calagranum
1108 4377 1368 4452 subdiaconum
1388 4371 1607 4475 apostolicum

150 4505 153 4511 “
292 4497 435 4572 detecto
461 4498 577 4597 capite
615 4505 769 4573 stantem
795 4525 907 4598 usque
933 4502 979 4575 ad
1006 4502 1130 4594 finem,
1155 4509 1191 4578 et
1221 4503 1393 4576 idiomate
1417 4500 1532 4575 italico
1552 4513 1608 4592 per

294 4627 436 4698 Rmum.
467 4627 511 4696 D.
537 4624 742 4698 lohannem
770 4627 990 4700 cardinalem
1016 4628 1061 4704 de
1082 4629 1267 4702 Columna.
1296 4627 1443 4702 Interim
1468 4631 1556 4722 Papa
1577 4621 1607 4689 el

165 4819 167 4826 s
294 4771 419 4822 ornnes
435 4748 635 4824 cardinales
651 4752 823 4824 tenebant
833 4759 869 4826 et
883 4753 1011 4850 prelati
1025 4779 1108 4828 suas
1123 4754 1292 4830 candelas
1304 4754 1474 4828 ardentes
1488 4751 1524 4824 in
1539 4768 1606 4822 ma-

215 4921 216 4928 1
292 4873 410 4964 nibus,
427 4879 474 4963 et,
489 4873 590 4948 linita
603 4875 759 4950 lectione
776 4877 884 4970 bulle,
904 4902 1030 4953 omnes
1046 4881 1280 4978 projecerunt
1294 4903 1356 4954 eas
1373 4878 1517 4977 populo.
1530 4877 1606 4948 mn

290 4998 454 5094 deposito
478 5024 543 5096 per
561 5000 733 5076 lorrerios
760 5009 843 5079 ante
869 5008 1005 5102 Papam
1029 5031 1149 5104 panno
1175 5031 1238 5082 sen
1260 5007 1331 5080 tela
1348 5005 1453 5102 nigra
1477 5001 1607 5103 pallium

290 5125 537 5222 cooperiente,
563 5131 659 5226 Papa
683 5153 727 5203 ox
751 5129 844 5205 libro
868 5130 955 5228 legit
979 5133 1271 5208 benedictionem
1295 5131 1497 5206 solemnem
1519 5146 1607 5201 more
