3496 6056
61 443 201 508 .·l'⁰t⁰fflh¹’0
218 441 286 506 1⁴⁸5]
371 441 497 500 RERUM
523 443 749 502 oussannuun
774 443 1036 503 COMMENTARH.
1320 445 1370 501 159

56 599 233 698 publicam.
258 606 473 678 Sermonem
489 603 574 678 fecit
588 603 698 678 frater
710 607 866 676 loannes
882 601 927 675 de
943 601 1118 690 Ferraria,
1141 601 1276 674 ordinis
1291 625 1370 697 pre-

57 727 254 801 dicatorum.
272 732 350 814 Quo
363 729 480 820 finito,
499 754 570 803 una
590 753 673 803 cum
689 729 896 802 celebrante
912 727 1142 801 absolverunt
1158 727 1370 800 defunctum

57 851 163 923 anmi.
198 857 276 927 DI).
313 855 581 952 Neapolitanus,
610 881 639 928 s.
670 856 796 946 blanci,
827 854 1003 950 episcopi;
1031 852 1309 927 blediolanensis
1337 857 1373 925 et

59 976 298 1084 [bubonensis
323 980 525 1079 presbyteri
549 981 750 1054 cardinales
780 1006 787 1054 :
818 981 910 1070 ultra
938 1004 1042 1076 quos,
1070 979 1189 1053 officio
1212 979 1372 1076 predicto

54 1101 282 1177 interfuerunt
303 1107 427 1179 llllmi.
455 1111 529 1181 DI).
550 1107 832 1206 Andagavensis,
854 1105 897 1180 de
919 1105 1129 1195 Comitibus,
1153 1103 1370 1193 Parmensis,

55 1228 205 1320 Sabellis,
222 1232 413 1323 Columna,
435 1233 610 1308 Ascanius
629 1233 842 1322 cardinales,
866 1237 1027 1304 oratores
1046 1229 1139 1327 regis
1158 1229 1373 1304 Fcrdinandi

53 1363 82 1426 et
101 1355 377 1431 llediolauensis
404 1383 445 1434 ac
468 1360 705 1435 Ferrariensis
724 1361 858 1433 ducum
876 1381 918 1432 ac
939 1357 1243 1447 Florentinorum,
1268 1355 1373 1453 lugn-

54 1479 163 1553 bribus
178 1483 339 1556 uestibus
355 1485 467 1558 induti
478 1509 562 1584 cum
578 1487 655 1560 aliis
672 1486 822 1561 funestis
846 1484 1012 1557 sedentes
1028 1482 1184 1580 primum
1202 1480 1373 1554 intereos

53 1601 162 1676 locum
172 1605 382 1680 babuerunt
398 1609 469 1684 duo
483 1611 527 1684 ab
544 1635 616 1685 uno
630 1635 805 1700 scammo,
822 1609 881 1682 alii
897 1609 967 1683 duo
981 1609 1026 1682 ab
1041 1586 1128 1698 alio;
1147 1607 1373 1681 funestorum

54 1731 204 1804 omnium
223 1732 371 1807 fuerunt
386 1742 533 1810 centum
548 1737 671 1833 viginti
686 1737 740 1810 vel
755 1736 872 1826 circa;
896 1743 930 1809 et
946 1731 1029 1829 quia
1044 1735 1173 1805 llmus.
1197 1735 1240 1803 D.
1257 1730 1374 1804 cardi-

56 1855 133 1926 nalis
152 1858 410 1954 Neapolitanus
431 1884 554 1935 curam
579 1862 810 1958 exequiarum
831 1859 1074 1957 predictarum
1095 1855 1161 1930 sibi
1181 1856 1375 1954 assumpsit

54 1987 82 2052 et
94 1980 177 2054 mibi
191 1985 375 2057 commisit
387 1993 426 2059 ut
438 1987 684 2061 honoriticeet
697 1986 816 2060 debito
833 1985 958 2060 ordine
974 1983 1096 2056 omnia
1114 1981 1257 2074 fierent,
1274 1981 1376 2072 sche-

54 2105 162 2180 dulam
177 2133 245 2208 pro
260 2112 368 2184 rebus
384 2113 596 2210 opportunis
616 2111 849 2210 disponendis
870 2107 1010 2183 confeci
1030 2107 1243 2204 hujusmodi
1259 2106 1375 2180 couti-

55 2234 189 2309 nentia:

98 2361 279 2437 l'estiatur
294 2365 428 2438 familia
443 2365 526 2438 dicti
540 2363 700 2438 defuncti
716 2387 817 2438 more
840 2363 958 2454 solito,

98 2487 131 2556 tn
144 2489 301 2564 ecclesia
320 2498 492 2587 parentur
510 2492 646 2566 circum
667 2491 764 2564 circa
779 2492 878 2587 ligna
897 2513 962 2587 pro
982 2486 1172 2563 intorticiis
1191 2492 1227 2562 et
1249 2488 1374 2560 subtus

57 2607 107 2682 illa
121 2611 189 2686 tele
208 2614 310 2711 nigre
328 2640 412 2690 cum
426 2618 535 2692 armis
547 2617 720 2708 defuncti,
740 2617 845 2688 nullis
856 2616 1011 2712 demptis
1029 2639 1036 2704 ;
1051 2614 1215 2688 similiter
1225 2613 1378 2688 circum-

57 2735 142 2808 circa
155 2739 344 2816 columnas
362 2742 482 2818 altaris
498 2743 535 2814 in
552 2742 726 2838 superiori
740 2747 840 2837 parte
857 2740 901 2814 ab
917 2747 1029 2830 extra,

97 2865 259 2940 Castrum
276 2867 409 2942 doloris
421 2868 613 2965 pareturin
632 2866 751 2940 medio
769 2865 922 2939 ecclesie
938 2865 974 2937 in
989 2863 1206 2957 summitate,
1223 2866 1268 2939 ab
1279 2865 1374 2938 intus

57 2987 118 3060 tela
131 2991 236 3088 nigra
253 2993 470 3066 subductum
486 3017 632 3068 crucem
648 2991 765 3066 albam
783 3015 952 3088 magnam
967 3014 1032 3087 per
1049 2991 1208 3063 modium
1223 2991 1375 3080 habens,

100 3117 197 3190 Circa
212 3125 372 3192 castrum
388 3119 520 3192 doloris
531 3125 712 3216 ponantur
729 3141 877 3190 scamna
892 3139 956 3211 pro
968 3115 1173 3211 quindecim
1190 3115 1378 3188 intorticiis

57 3263 114 3335 pro
128 3243 289 3338 quolibet
307 3245 433 3337 latere,
457 3269 605 3320 scamna
623 3267 689 3341 pro
713 3242 862 3316 funestis
881 3267 902 3315 a
927 3242 1039 3314 tribus
1062 3239 1233 3314 lateribus
1256 3240 1376 3332 castri,

60 3389 117 3459 pro
132 3391 284 3444 numero
301 3369 527 3443 funestorum
541 3369 670 3442 lectica
692 3368 758 3441 sub
778 3372 895 3440 castro
915 3365 1063 3454 doloris,

103 3495 356 3593 Saccuspaleis
367 3496 495 3593 plenus
507 3519 573 3592 per
583 3493 869 3591 magnitudinem
879 3491 972 3566 dicte
988 3489 1115 3565 lectica
1126 3512 1210 3564 cum
1221 3489 1379 3586 capizolo

61 3617 158 3692 ctiam
173 3621 286 3718 paleis
307 3622 458 3718 repleto,

103 3745 249 3818 Pullium
263 3771 415 3822 aureum
431 3769 513 3819 cum
530 3746 638 3820 armis
657 3745 848 3819 cardinalis
874 3743 1048 3834 defuncti,

103 3873 177 3945 Duo
203 3872 338 3947 cussini
358 3872 403 3948 de
427 3872 562 3946 falletta
585 3872 688 3970 nigra
709 3871 820 3968 paleis
843 3871 941 3967 pleni
961 3891 1044 3942 cum
1060 3867 1169 3942 armis
1190 3865 1381 3943 cardinalis

64 3995 228 4088 defuncti,

103 4125 180 4198 ouo
204 4125 350 4223 tapetia,
381 4147 495 4198 unum
520 4147 693 4221 magnum
724 4147 790 4221 pro
817 4121 934 4212 altari,
973 4119 1070 4195 aliud
1102 4119 1285 4196 mediocre
1316 4144 1380 4218 pro

67 4249 266 4342 faldistorio,

105 4379 179 4452 Duo
193 4375 322 4474 capelli
338 4377 439 4453 rubei
455 4379 698 4454 cardinalares
713 4378 759 4452 ad
774 4377 885 4476 pedes
902 4397 1010 4472 supra
1024 4373 1192 4448 lecticam
1207 4371 1378 4471 ponendi.

106 4504 178 4574 buo
192 4503 336 4578 flabella
351 4529 396 4579 ex
410 4506 533 4580 tatfeta
550 4506 652 4602 nigro
671 4529 755 4579 cum
776 4505 887 4578 armis
906 4500 1098 4579 cardinalis
1119 4499 1277 4575 defuncti
1298 4499 1382 4572 binc

66 4627 186 4704 atinde
202 4627 366 4726 depictis,

108 4753 350 4853 [depingantur
377 4779 478 4829 arma
510 4755 701 4829 cardinalis
727 4754 888 4828 defuncti
912 4755 948 4826 in
974 4753 1068 4827 foliis
1084 4752 1233 4849 integris
1258 4750 1383 4850 papyri

69 4897 292 4979 numeroque
313 4899 378 4980 per
399 4881 587 4956 columnas
608 4881 744 4956 circum
765 4880 861 4954 circa
880 4881 917 4953 in
940 4878 1093 4954 ecclesia
1119 4886 1154 4953 et
1179 4885 1280 4952 extra
1304 4899 1384 4951 eam

67 4997 159 5090 juxta
172 5003 462 5079 illiusinfroitum
483 5005 689 5103 affigantur.

111 5132 260 5206 Scamna
281 5155 347 5229 pro
362 5131 616 5223 cardinalibus,
633 5131 778 5230 prelatis
793 5139 829 5206 et
842 5131 1059 5222 oratoribus,
1160 5215 1164 5222 ,
