<?xml version="1.0" encoding="UTF-8"?>
<!DOCTYPE html PUBLIC "-//W3C//DTD XHTML 1.0 Transitional//EN"
    "http://www.w3.org/TR/xhtml1/DTD/xhtml1-transitional.dtd">
<html xmlns="http://www.w3.org/1999/xhtml" xml:lang="en" lang="en">
 <head>
  <title>
</title>
<meta http-equiv="Content-Type" content="text/html;charset=utf-8" />
  <meta name='ocr-system' content='tesseract 3.04.00' />
  <meta name='ocr-capabilities' content='ocr_page ocr_carea ocr_par ocr_line ocrx_word'/>
</head>
<body>
  <div class='ocr_page' id='page_1' title='image "./johannisburchar02burcgoog/johannisburchar02burcgoog_0273.png"; bbox 0 0 3424 6038; ppageno 0'>
   <div class='ocr_carea' id='block_1_1' title="bbox 321 465 1637 536">
    <p class='ocr_par' dir='ltr' id='par_1_1' title="bbox 321 465 1637 536">
     <span class='ocr_line' id='line_1_1' title="bbox 321 465 1637 536; baseline -0.004 -13"><span class='ocrx_word' id='word_1_1' title='bbox 321 468 377 523; x_wconf 79' lang='lat' dir='ltr'><strong>aso</strong></span> <span class='ocrx_word' id='word_1_2' title='bbox 777 465 952 522; x_wconf 77' lang='lat' dir='ltr'><strong>sonamus</strong></span> <span class='ocrx_word' id='word_1_3' title='bbox 977 465 1199 536; x_wconf 73' lang='lat' dir='ltr'><strong>abacelam,</strong></span> <span class='ocrx_word' id='word_1_4' title='bbox 1509 467 1565 532; x_wconf 67' lang='lat' dir='ltr'><strong>[uir</strong></span> <span class='ocrx_word' id='word_1_5' title='bbox 1582 471 1637 532; x_wconf 75' lang='lat' dir='ltr'><strong>usu</strong></span> 
     </span>
    </p>
   </div>
   <div class='ocr_carea' id='block_1_2' title="bbox 186 619 1703 5235">
    <p class='ocr_par' dir='ltr' id='par_1_2' title="bbox 316 619 1645 2220">
     <span class='ocr_line' id='line_1_2' title="bbox 325 619 1642 720; baseline 0.001 -23"><span class='ocrx_word' id='word_1_6' title='bbox 325 626 389 697; x_wconf 90' lang='grc'><strong>88.</strong></span> <span class='ocrx_word' id='word_1_7' title='bbox 410 627 457 696; x_wconf 76' lang='lat' dir='ltr'><strong>D:</strong></span> <span class='ocrx_word' id='word_1_8' title='bbox 471 625 514 695; x_wconf 90' lang='lat' dir='ltr'><strong>N.</strong></span> <span class='ocrx_word' id='word_1_9' title='bbox 542 622 700 696; x_wconf 90' lang='lat' dir='ltr'><strong>scribere</strong></span> <span class='ocrx_word' id='word_1_10' title='bbox 730 622 835 696; x_wconf 90' lang='lat' dir='ltr'><strong>vellet</strong></span> <span class='ocrx_word' id='word_1_11' title='bbox 860 621 1082 720; x_wconf 90' lang='lat' dir='ltr'><strong>principibus</strong></span> <span class='ocrx_word' id='word_1_12' title='bbox 1107 619 1298 696; x_wconf 87' lang='lat' dir='ltr'><strong>Germania</strong></span> <span class='ocrx_word' id='word_1_13' title='bbox 1319 621 1417 717; x_wconf 91' lang='lat' dir='ltr'><strong>quod</strong></span> <span class='ocrx_word' id='word_1_14' title='bbox 1439 621 1558 718; x_wconf 92' lang='lat' dir='ltr'><strong>ipsum</strong></span> <span class='ocrx_word' id='word_1_15' title='bbox 1573 624 1642 720; x_wconf 79' lang='lat' dir='ltr'><strong>jura</strong></span> 
     </span>
     <span class='ocr_line' id='line_1_3' title="bbox 328 746 1642 845; baseline 0.001 -25"><span class='ocrx_word' id='word_1_16' title='bbox 328 770 394 822; x_wconf 92' lang='lat' dir='ltr'><strong>suo</strong></span> <span class='ocrx_word' id='word_1_17' title='bbox 422 772 493 822; x_wconf 93' lang='lat' dir='ltr'><strong>non</strong></span> <span class='ocrx_word' id='word_1_18' title='bbox 518 748 658 845; x_wconf 82' lang='lat' dir='ltr'><strong>privent</strong></span> <span class='ocrx_word' id='word_1_19' title='bbox 681 747 746 822; x_wconf 90' lang='lat' dir='ltr'><strong>sed</strong></span> <span class='ocrx_word' id='word_1_20' title='bbox 773 747 975 822; x_wconf 87' lang='lat' dir='ltr'><strong>admittant.</strong></span> <span class='ocrx_word' id='word_1_21' title='bbox 1001 752 1044 821; x_wconf 87' lang='lat' dir='ltr'><strong>Et</strong></span> <span class='ocrx_word' id='word_1_22' title='bbox 1070 747 1154 844; x_wconf 91' lang='lat' dir='ltr'><strong>quia</strong></span> <span class='ocrx_word' id='word_1_23' title='bbox 1177 751 1357 822; x_wconf 84' lang='lat' dir='ltr'><strong>erraverat</strong></span> <span class='ocrx_word' id='word_1_24' title='bbox 1385 746 1422 818; x_wconf 92' lang='lat' dir='ltr'><strong>in</strong></span> <span class='ocrx_word' id='word_1_25' title='bbox 1449 747 1642 845; x_wconf 89' lang='lat' dir='ltr'><strong>hujusmodi</strong></span> 
     </span>
     <span class='ocr_line' id='line_1_4' title="bbox 330 871 1644 971; baseline 0.002 -26"><span class='ocrx_word' id='word_1_26' title='bbox 330 896 394 947; x_wconf 89' lang='lat' dir='ltr'><strong>sua</strong></span> <span class='ocrx_word' id='word_1_27' title='bbox 412 873 671 970; x_wconf 75' lang='lat' dir='ltr'><strong>propositione,</strong></span> <span class='ocrx_word' id='word_1_28' title='bbox 695 873 767 946; x_wconf 83' lang='lat' dir='ltr'><strong>dixi</strong></span> <span class='ocrx_word' id='word_1_29' title='bbox 786 873 905 970; x_wconf 93' lang='lat' dir='ltr'><strong>ipsum</strong></span> <span class='ocrx_word' id='word_1_30' title='bbox 925 897 1064 948; x_wconf 87' lang='lat' dir='ltr'><strong>errasse</strong></span> <span class='ocrx_word' id='word_1_31' title='bbox 1085 873 1121 946; x_wconf 95' lang='lat' dir='ltr'><strong>in</strong></span> <span class='ocrx_word' id='word_1_32' title='bbox 1142 871 1319 970; x_wconf 90' lang='lat' dir='ltr'><strong>predicto,</strong></span> <span class='ocrx_word' id='word_1_33' title='bbox 1344 877 1543 970; x_wconf 90' lang='lat' dir='ltr'><strong>propterea</strong></span> <span class='ocrx_word' id='word_1_34' title='bbox 1563 875 1644 971; x_wconf 90' lang='lat' dir='ltr'><strong>quod</strong></span> 
     </span>
     <span class='ocr_line' id='line_1_5' title="bbox 330 997 1645 1096; baseline -0.002 -22"><span class='ocrx_word' id='word_1_35' title='bbox 330 1022 491 1074; x_wconf 87' lang='lat' dir='ltr'><strong>errorem</strong></span> <span class='ocrx_word' id='word_1_36' title='bbox 508 1022 612 1072; x_wconf 92' lang='lat' dir='ltr'><strong>suum</strong></span> <span class='ocrx_word' id='word_1_37' title='bbox 627 998 848 1096; x_wconf 79' lang='lat' dir='ltr'><strong>corrigeret3</strong></span> <span class='ocrx_word' id='word_1_38' title='bbox 867 1023 912 1074; x_wconf 86' lang='lat' dir='ltr'><strong>ex</strong></span> <span class='ocrx_word' id='word_1_39' title='bbox 932 1007 1016 1072; x_wconf 90' lang='lat' dir='ltr'><strong>tunc</strong></span> <span class='ocrx_word' id='word_1_40' title='bbox 1037 999 1133 1074; x_wconf 94' lang='lat' dir='ltr'><strong>idem</strong></span> <span class='ocrx_word' id='word_1_41' title='bbox 1161 1001 1204 1072; x_wconf 86' lang='lat' dir='ltr'><strong>D.</strong></span> <span class='ocrx_word' id='word_1_42' title='bbox 1233 1004 1355 1072; x_wconf 87' lang='lat' dir='ltr'><strong>orator</strong></span> <span class='ocrx_word' id='word_1_43' title='bbox 1380 997 1552 1072; x_wconf 87' lang='lat' dir='ltr'><strong>adstatim</strong></span> <span class='ocrx_word' id='word_1_44' title='bbox 1573 1022 1645 1074; x_wconf 91' lang='lat' dir='ltr'><strong>con-</strong></span> 
     </span>
     <span class='ocr_line' id='line_1_6' title="bbox 329 1123 1643 1221; baseline 0.001 -24"><span class='ocrx_word' id='word_1_45' title='bbox 329 1125 445 1199; x_wconf 79' lang='lat' dir='ltr'><strong>fessus</strong></span> <span class='ocrx_word' id='word_1_46' title='bbox 466 1130 522 1199; x_wconf 88' lang='lat' dir='ltr'><strong>est</strong></span> <span class='ocrx_word' id='word_1_47' title='bbox 546 1130 582 1199; x_wconf 91' lang='lat' dir='ltr'><strong>et</strong></span> <span class='ocrx_word' id='word_1_48' title='bbox 605 1125 692 1198; x_wconf 83' lang='lat' dir='ltr'><strong>dixit</strong></span> <span class='ocrx_word' id='word_1_49' title='bbox 712 1149 750 1199; x_wconf 90' lang='lat' dir='ltr'><strong>se</strong></span> <span class='ocrx_word' id='word_1_50' title='bbox 776 1149 918 1202; x_wconf 90' lang='lat' dir='ltr'><strong>errasse</strong></span> <span class='ocrx_word' id='word_1_51' title='bbox 933 1125 1087 1202; x_wconf 90' lang='lat' dir='ltr'><strong>dicendo</strong></span> <span class='ocrx_word' id='word_1_52' title='bbox 1103 1123 1200 1221; x_wconf 93' lang='lat' dir='ltr'><strong>quod</strong></span> <span class='ocrx_word' id='word_1_53' title='bbox 1215 1146 1278 1198; x_wconf 87' lang='lat' dir='ltr'><strong>rex</strong></span> <span class='ocrx_word' id='word_1_54' title='bbox 1299 1123 1477 1198; x_wconf 89' lang='lat' dir='ltr'><strong>Bohemie</strong></span> <span class='ocrx_word' id='word_1_55' title='bbox 1495 1123 1643 1198; x_wconf 89' lang='lat' dir='ltr'><strong>electioni</strong></span> 
     </span>
     <span class='ocr_line' id='line_1_7' title="bbox 322 1248 1644 1348; baseline 0.002 -26"><span class='ocrx_word' id='word_1_56' title='bbox 322 1251 463 1324; x_wconf 88' lang='lat' dir='ltr'><strong>romani</strong></span> <span class='ocrx_word' id='word_1_57' title='bbox 487 1249 668 1348; x_wconf 85' lang='lat' dir='ltr'><strong>pontificis</strong></span> <span class='ocrx_word' id='word_1_58' title='bbox 696 1251 871 1326; x_wconf 89' lang='lat' dir='ltr'><strong>interesse</strong></span> <span class='ocrx_word' id='word_1_59' title='bbox 902 1251 1065 1340; x_wconf 87' lang='lat' dir='ltr'><strong>deberet,</strong></span> <span class='ocrx_word' id='word_1_60' title='bbox 1100 1251 1164 1324; x_wconf 90' lang='lat' dir='ltr'><strong>sed</strong></span> <span class='ocrx_word' id='word_1_61' title='bbox 1200 1248 1358 1323; x_wconf 88' lang='lat' dir='ltr'><strong>voluisse</strong></span> <span class='ocrx_word' id='word_1_62' title='bbox 1395 1249 1522 1324; x_wconf 89' lang='lat' dir='ltr'><strong>dicere</strong></span> <span class='ocrx_word' id='word_1_63' title='bbox 1562 1251 1644 1346; x_wconf 90' lang='lat' dir='ltr'><strong>quod</strong></span> 
     </span>
     <span class='ocr_line' id='line_1_8' title="bbox 323 1374 1642 1473; baseline -0.002 -24"><span class='ocrx_word' id='word_1_64' title='bbox 323 1374 490 1450; x_wconf 92' lang='lat' dir='ltr'><strong>electioni</strong></span> <span class='ocrx_word' id='word_1_65' title='bbox 524 1380 769 1450; x_wconf 88' lang='lat' dir='ltr'><strong>Romanorum</strong></span> <span class='ocrx_word' id='word_1_66' title='bbox 804 1376 1060 1473; x_wconf 88' lang='lat' dir='ltr'><strong>imperatoris;</strong></span> <span class='ocrx_word' id='word_1_67' title='bbox 1096 1382 1318 1472; x_wconf 88' lang='lat' dir='ltr'><strong>quapropter</strong></span> <span class='ocrx_word' id='word_1_68' title='bbox 1354 1397 1523 1448; x_wconf 87' lang='lat' dir='ltr'><strong>errorem</strong></span> <span class='ocrx_word' id='word_1_69' title='bbox 1553 1399 1642 1448; x_wconf 88' lang='lat' dir='ltr'><strong>suum</strong></span> 
     </span>
     <span class='ocr_line' id='line_1_9' title="bbox 322 1499 1643 1598; baseline -0.002 -22"><span class='ocrx_word' id='word_1_70' title='bbox 322 1499 551 1576; x_wconf 80' lang='lat' dir='ltr'><strong>emendabat.</strong></span> <span class='ocrx_word' id='word_1_71' title='bbox 582 1501 639 1575; x_wconf 79' lang='lat' dir='ltr'><strong>Ad</strong></span> <span class='ocrx_word' id='word_1_72' title='bbox 666 1525 737 1598; x_wconf 90' lang='lat' dir='ltr'><strong>que</strong></span> <span class='ocrx_word' id='word_1_73' title='bbox 767 1504 829 1576; x_wconf 88' lang='grc'><strong>88.</strong></span> <span class='ocrx_word' id='word_1_74' title='bbox 850 1505 893 1575; x_wconf 85' lang='lat' dir='ltr'><strong>D.</strong></span> <span class='ocrx_word' id='word_1_75' title='bbox 919 1505 961 1576; x_wconf 93' lang='lat' dir='ltr'><strong>N.</strong></span> <span class='ocrx_word' id='word_1_76' title='bbox 990 1501 1080 1574; x_wconf 90' lang='lat' dir='ltr'><strong>nibil</strong></span> <span class='ocrx_word' id='word_1_77' title='bbox 1113 1499 1316 1598; x_wconf 90' lang='lat' dir='ltr'><strong>respondit,</strong></span> <span class='ocrx_word' id='word_1_78' title='bbox 1348 1501 1414 1575; x_wconf 90' lang='lat' dir='ltr'><strong>sed</strong></span> <span class='ocrx_word' id='word_1_79' title='bbox 1441 1507 1643 1598; x_wconf 85' lang='lat' dir='ltr'><strong>procurator</strong></span> 
     </span>
     <span class='ocr_line' id='line_1_10' title="bbox 326 1625 1644 1724; baseline 0 -27"><span class='ocrx_word' id='word_1_80' title='bbox 326 1625 476 1710; x_wconf 85' lang='lat' dir='ltr'><strong>fiscalis,</strong></span> <span class='ocrx_word' id='word_1_81' title='bbox 510 1625 570 1721; x_wconf 90' lang='lat' dir='ltr'><strong>qui</strong></span> <span class='ocrx_word' id='word_1_82' title='bbox 600 1626 701 1723; x_wconf 90' lang='lat' dir='ltr'><strong>jussu</strong></span> <span class='ocrx_word' id='word_1_83' title='bbox 735 1649 817 1700; x_wconf 91' lang='lat' dir='ltr'><strong>meo</strong></span> <span class='ocrx_word' id='word_1_84' title='bbox 847 1625 987 1724; x_wconf 84' lang='lat' dir='ltr'><strong>jamdiu</strong></span> <span class='ocrx_word' id='word_1_85' title='bbox 1023 1629 1210 1723; x_wconf 75' lang='lat' dir='ltr'><strong>rogaverat</strong></span> <span class='ocrx_word' id='word_1_86' title='bbox 1241 1625 1516 1722; x_wconf 86' lang='lat' dir='ltr'><strong>protonotarios</strong></span> <span class='ocrx_word' id='word_1_87' title='bbox 1550 1649 1644 1722; x_wconf 89' lang='lat' dir='ltr'><strong>super</strong></span> 
     </span>
     <span class='ocr_line' id='line_1_11' title="bbox 325 1749 1642 1848; baseline 0.001 -25"><span class='ocrx_word' id='word_1_88' title='bbox 325 1751 544 1838; x_wconf 89' lang='lat' dir='ltr'><strong>obedientia,</strong></span> <span class='ocrx_word' id='word_1_89' title='bbox 573 1756 612 1824; x_wconf 94' lang='lat' dir='ltr'><strong>ut</strong></span> <span class='ocrx_word' id='word_1_90' title='bbox 635 1750 876 1826; x_wconf 90' lang='lat' dir='ltr'><strong>instrumenta</strong></span> <span class='ocrx_word' id='word_1_91' title='bbox 895 1751 1130 1840; x_wconf 84' lang='lat' dir='ltr'><strong>conficerent,</strong></span> <span class='ocrx_word' id='word_1_92' title='bbox 1158 1749 1257 1822; x_wconf 88' lang='lat' dir='ltr'><strong>linita</strong></span> <span class='ocrx_word' id='word_1_93' title='bbox 1279 1751 1548 1848; x_wconf 85' lang='lat' dir='ltr'><strong>protestatione</strong></span> <span class='ocrx_word' id='word_1_94' title='bbox 1572 1775 1642 1847; x_wconf 89' lang='lat' dir='ltr'><strong>pre-</strong></span> 
     </span>
     <span class='ocr_line' id='line_1_12' title="bbox 317 1873 1640 1972; baseline 0.002 -26"><span class='ocrx_word' id='word_1_95' title='bbox 317 1874 426 1963; x_wconf 91' lang='lat' dir='ltr'><strong>dicta,</strong></span> <span class='ocrx_word' id='word_1_96' title='bbox 445 1873 524 1948; x_wconf 89' lang='lat' dir='ltr'><strong>illos</strong></span> <span class='ocrx_word' id='word_1_97' title='bbox 553 1897 655 1950; x_wconf 91' lang='lat' dir='ltr'><strong>more</strong></span> <span class='ocrx_word' id='word_1_98' title='bbox 682 1875 788 1951; x_wconf 90' lang='lat' dir='ltr'><strong>solito</strong></span> <span class='ocrx_word' id='word_1_99' title='bbox 813 1876 1008 1972; x_wconf 84' lang='lat' dir='ltr'><strong>requisivit.</strong></span> <span class='ocrx_word' id='word_1_100' title='bbox 1033 1877 1177 1950; x_wconf 89' lang='lat' dir='ltr'><strong>Primus</strong></span> <span class='ocrx_word' id='word_1_101' title='bbox 1198 1881 1381 1950; x_wconf 90' lang='lat' dir='ltr'><strong>oratorum</strong></span> <span class='ocrx_word' id='word_1_102' title='bbox 1406 1876 1640 1972; x_wconf 89' lang='lat' dir='ltr'><strong>predictomm</strong></span> 
     </span>
     <span class='ocr_line' id='line_1_13' title="bbox 316 1999 1641 2100; baseline 0 -26"><span class='ocrx_word' id='word_1_103' title='bbox 316 1999 469 2097; x_wconf 91' lang='lat' dir='ltr'><strong>portavit</strong></span> <span class='ocrx_word' id='word_1_104' title='bbox 503 2000 655 2075; x_wconf 92' lang='lat' dir='ltr'><strong>caudam</strong></span> <span class='ocrx_word' id='word_1_105' title='bbox 693 2001 855 2098; x_wconf 90' lang='lat' dir='ltr'><strong>pluvialis</strong></span> <span class='ocrx_word' id='word_1_106' title='bbox 885 2001 1065 2099; x_wconf 88' lang='lat' dir='ltr'><strong>pontilicis</strong></span> <span class='ocrx_word' id='word_1_107' title='bbox 1097 2025 1211 2099; x_wconf 89' lang='lat' dir='ltr'><strong>usque</strong></span> <span class='ocrx_word' id='word_1_108' title='bbox 1243 2001 1289 2076; x_wconf 90' lang='lat' dir='ltr'><strong>ad</strong></span> <span class='ocrx_word' id='word_1_109' title='bbox 1322 2025 1510 2078; x_wconf 88' lang='lat' dir='ltr'><strong>cameram</strong></span> <span class='ocrx_word' id='word_1_110' title='bbox 1546 2027 1641 2100; x_wconf 85' lang='lat' dir='ltr'><strong>papa-</strong></span> 
     </span>
     <span class='ocr_line' id='line_1_14' title="bbox 317 2125 414 2220; baseline -0.021 -21"><span class='ocrx_word' id='word_1_111' title='bbox 317 2125 414 2220; x_wconf 84' lang='lat' dir='ltr'><strong>galli.</strong></span> 
     </span>
    </p>

    <p class='ocr_par' dir='ltr' id='par_1_3' title="bbox 314 2252 1638 2604">
     <span class='ocr_line' id='line_1_15' title="bbox 365 2252 1638 2353; baseline 0.001 -29"><span class='ocrx_word' id='word_1_112' title='bbox 365 2253 430 2324; x_wconf 90' lang='grc'><strong>88.</strong></span> <span class='ocrx_word' id='word_1_113' title='bbox 458 2255 500 2324; x_wconf 89' lang='lat' dir='ltr'><strong>D.</strong></span> <span class='ocrx_word' id='word_1_114' title='bbox 523 2255 566 2325; x_wconf 90' lang='lat' dir='ltr'><strong>N.</strong></span> <span class='ocrx_word' id='word_1_115' title='bbox 593 2252 800 2350; x_wconf 82' lang='lat' dir='ltr'><strong>intelligens</strong></span> <span class='ocrx_word' id='word_1_116' title='bbox 821 2254 873 2328; x_wconf 94' lang='lat' dir='ltr'><strong>lll.</strong></span> <span class='ocrx_word' id='word_1_117' title='bbox 893 2254 1096 2353; x_wconf 90' lang='lat' dir='ltr'><strong>principem</strong></span> <span class='ocrx_word' id='word_1_118' title='bbox 1123 2253 1316 2328; x_wconf 89' lang='lat' dir='ltr'><strong>Herculem</strong></span> <span class='ocrx_word' id='word_1_119' title='bbox 1336 2253 1503 2329; x_wconf 89' lang='lat' dir='ltr'><strong>Ferrarie</strong></span> <span class='ocrx_word' id='word_1_120' title='bbox 1524 2255 1638 2328; x_wconf 87' lang='lat' dir='ltr'><strong>ducem</strong></span> 
     </span>
     <span class='ocr_line' id='line_1_16' title="bbox 315 2377 1636 2478; baseline 0.001 -29"><span class='ocrx_word' id='word_1_121' title='bbox 315 2385 380 2472; x_wconf 80' lang='lat' dir='ltr'><strong>pr&#39;o</strong></span> <span class='ocrx_word' id='word_1_122' title='bbox 409 2377 626 2475; x_wconf 89' lang='lat' dir='ltr'><strong>complendo</strong></span> <span class='ocrx_word' id='word_1_123' title='bbox 655 2385 739 2454; x_wconf 87' lang='lat' dir='ltr'><strong>voto</strong></span> <span class='ocrx_word' id='word_1_124' title='bbox 769 2405 836 2477; x_wconf 92' lang='lat' dir='ltr'><strong>per</strong></span> <span class='ocrx_word' id='word_1_125' title='bbox 870 2403 953 2455; x_wconf 94' lang='lat' dir='ltr'><strong>eum</strong></span> <span class='ocrx_word' id='word_1_126' title='bbox 987 2380 1135 2471; x_wconf 89' lang='lat' dir='ltr'><strong>emisso,</strong></span> <span class='ocrx_word' id='word_1_127' title='bbox 1166 2379 1211 2454; x_wconf 88' lang='lat' dir='ltr'><strong>de</strong></span> <span class='ocrx_word' id='word_1_128' title='bbox 1240 2379 1415 2454; x_wconf 89' lang='lat' dir='ltr'><strong>visitando</strong></span> <span class='ocrx_word' id='word_1_129' title='bbox 1444 2380 1636 2478; x_wconf 88' lang='lat' dir='ltr'><strong>sepulcrum</strong></span> 
     </span>
     <span class='ocr_line' id='line_1_17' title="bbox 314 2499 1636 2604; baseline 0.002 -33"><span class='ocrx_word' id='word_1_130' title='bbox 314 2499 512 2574; x_wconf 86' lang='lat' dir='ltr'><strong>beatissimi</strong></span> <span class='ocrx_word' id='word_1_131' title='bbox 529 2504 681 2599; x_wconf 89' lang='lat' dir='ltr'><strong>apostoli</strong></span> <span class='ocrx_word' id='word_1_132' title='bbox 697 2506 822 2578; x_wconf 88' lang='lat' dir='ltr'><strong>Jacobi</strong></span> <span class='ocrx_word' id='word_1_133' title='bbox 838 2506 875 2580; x_wconf 93' lang='lat' dir='ltr'><strong>in</strong></span> <span class='ocrx_word' id='word_1_134' title='bbox 891 2505 1146 2604; x_wconf 83' lang='lat' dir='ltr'><strong>Campostella,</strong></span> <span class='ocrx_word' id='word_1_135' title='bbox 1163 2503 1234 2578; x_wconf 90' lang='lat' dir='ltr'><strong>iter</strong></span> <span class='ocrx_word' id='word_1_136' title='bbox 1248 2504 1456 2602; x_wconf 87' lang='lat' dir='ltr'><strong>arripuisse,</strong></span> <span class='ocrx_word' id='word_1_137' title='bbox 1470 2503 1636 2579; x_wconf 86' lang='lat' dir='ltr'><strong>commisit</strong></span> 
     </span>
    </p>

    <p class='ocr_par' dir='ltr' id='par_1_4' title="bbox 286 2623 1636 2729">
     <span class='ocr_line' id='line_1_18' title="bbox 286 2623 1636 2729; baseline 0.004 -33"><span class='ocrx_word' id='word_1_138' title='bbox 286 2677 291 2686; x_wconf 85' lang='grc'><strong>-</strong></span> <span class='ocrx_word' id='word_1_139' title='bbox 313 2623 366 2697; x_wconf 94' lang='lat' dir='ltr'><strong>lll.</strong></span> <span class='ocrx_word' id='word_1_140' title='bbox 385 2625 466 2699; x_wconf 90' lang='lat' dir='ltr'><strong>duci</strong></span> <span class='ocrx_word' id='word_1_141' title='bbox 482 2627 677 2702; x_wconf 87' lang='lat' dir='ltr'><strong>Mediolani</strong></span> <span class='ocrx_word' id='word_1_142' title='bbox 698 2655 763 2726; x_wconf 88' lang='lat' dir='ltr'><strong>per</strong></span> <span class='ocrx_word' id='word_1_143' title='bbox 781 2632 885 2729; x_wconf 89' lang='lat' dir='ltr'><strong>cujus</strong></span> <span class='ocrx_word' id='word_1_144' title='bbox 908 2631 1110 2705; x_wconf 88' lang='lat' dir='ltr'><strong>dominium</strong></span> <span class='ocrx_word' id='word_1_145' title='bbox 1131 2630 1344 2704; x_wconf 90' lang='lat' dir='ltr'><strong>transiturus</strong></span> <span class='ocrx_word' id='word_1_146' title='bbox 1372 2636 1461 2705; x_wconf 78' lang='lat' dir='ltr'><strong>erat&#39;</strong></span> <span class='ocrx_word' id='word_1_147' title='bbox 1474 2631 1548 2705; x_wconf 85' lang='lat' dir='ltr'><strong>dux</strong></span> <span class='ocrx_word' id='word_1_148' title='bbox 1565 2651 1636 2726; x_wconf 88' lang='lat' dir='ltr'><strong>pre-</strong></span> 
     </span>
    </p>

    <p class='ocr_par' dir='ltr' id='par_1_5' title="bbox 186 2745 1703 4978">
     <span class='ocr_line' id='line_1_19' title="bbox 186 2745 1633 2856; baseline 0.002 -33"><span class='ocrx_word' id='word_1_149' title='bbox 186 2745 188 2752; x_wconf 75' lang='grc'><em>’</em></span> <span class='ocrx_word' id='word_1_150' title='bbox 312 2749 441 2840; x_wconf 90' lang='lat' dir='ltr'><strong>dictus,</strong></span> <span class='ocrx_word' id='word_1_151' title='bbox 461 2758 499 2826; x_wconf 92' lang='lat' dir='ltr'><strong>ut</strong></span> <span class='ocrx_word' id='word_1_152' title='bbox 514 2752 547 2826; x_wconf 92' lang='lat' dir='ltr'><strong>ei</strong></span> <span class='ocrx_word' id='word_1_153' title='bbox 563 2755 752 2828; x_wconf 86' lang='lat' dir='ltr'><strong>transitum</strong></span> <span class='ocrx_word' id='word_1_154' title='bbox 769 2757 917 2830; x_wconf 90' lang='lat' dir='ltr'><strong>omnino</strong></span> <span class='ocrx_word' id='word_1_155' title='bbox 930 2759 1162 2856; x_wconf 88' lang='lat' dir='ltr'><strong>prohiberet;</strong></span> <span class='ocrx_word' id='word_1_156' title='bbox 1180 2755 1291 2853; x_wconf 84' lang='lat' dir='ltr'><strong>igitur</strong></span> <span class='ocrx_word' id='word_1_157' title='bbox 1305 2779 1389 2830; x_wconf 92' lang='lat' dir='ltr'><strong>cum</strong></span> <span class='ocrx_word' id='word_1_158' title='bbox 1404 2757 1565 2854; x_wconf 87' lang='lat' dir='ltr'><strong>prelatus</strong></span> <span class='ocrx_word' id='word_1_159' title='bbox 1575 2755 1633 2828; x_wconf 81' lang='lat' dir='ltr'><strong>dur</strong></span> 
     </span>
     <span class='ocr_line' id='line_1_20' title="bbox 312 2877 1633 2981; baseline 0.002 -33"><span class='ocrx_word' id='word_1_160' title='bbox 312 2877 484 2952; x_wconf 89' lang='lat' dir='ltr'><strong>Hercules</strong></span> <span class='ocrx_word' id='word_1_161' title='bbox 508 2879 751 2956; x_wconf 89' lang='lat' dir='ltr'><strong>Mediolanum</strong></span> <span class='ocrx_word' id='word_1_162' title='bbox 777 2884 1013 2981; x_wconf 88' lang='lat' dir='ltr'><strong>pervenisset,</strong></span> <span class='ocrx_word' id='word_1_163' title='bbox 1038 2883 1180 2981; x_wconf 87' lang='lat' dir='ltr'><strong>aceepit</strong></span> <span class='ocrx_word' id='word_1_164' title='bbox 1200 2883 1308 2957; x_wconf 89' lang='lat' dir='ltr'><strong>breve</strong></span> <span class='ocrx_word' id='word_1_165' title='bbox 1328 2883 1633 2980; x_wconf 87' lang='lat' dir='ltr'><strong>apostolicumper</strong></span> 
     </span>
     <span class='ocr_line' id='line_1_21' title="bbox 310 3001 1631 3108; baseline 0.003 -34"><span class='ocrx_word' id='word_1_166' title='bbox 310 3001 408 3096; x_wconf 93' lang='lat' dir='ltr'><strong>quod</strong></span> <span class='ocrx_word' id='word_1_167' title='bbox 428 3007 492 3078; x_wconf 88' lang='grc'><strong>88.</strong></span> <span class='ocrx_word' id='word_1_168' title='bbox 522 3009 566 3078; x_wconf 90' lang='grc' dir='ltr'><strong>Ι).</strong></span> <span class='ocrx_word' id='word_1_169' title='bbox 598 3009 641 3080; x_wconf 93' lang='lat' dir='ltr'><strong>N.</strong></span> <span class='ocrx_word' id='word_1_170' title='bbox 671 3013 794 3082; x_wconf 92' lang='lat' dir='ltr'><strong>votum</strong></span> <span class='ocrx_word' id='word_1_171' title='bbox 824 3011 1070 3108; x_wconf 89' lang='lat' dir='ltr'><strong>supradictum</strong></span> <span class='ocrx_word' id='word_1_172' title='bbox 1098 3009 1348 3099; x_wconf 85' lang='lat' dir='ltr'><strong>commutavit,</strong></span> <span class='ocrx_word' id='word_1_173' title='bbox 1377 3014 1416 3082; x_wconf 94' lang='lat' dir='ltr'><strong>ut</strong></span> <span class='ocrx_word' id='word_1_174' title='bbox 1444 3009 1540 3084; x_wconf 90' lang='lat' dir='ltr'><strong>illius</strong></span> <span class='ocrx_word' id='word_1_175' title='bbox 1564 3008 1631 3082; x_wconf 89' lang='lat' dir='ltr'><strong>loco</strong></span> 
     </span>
     <span class='ocr_line' id='line_1_22' title="bbox 308 3125 1627 3228; baseline 0.011 -30"><span class='ocrx_word' id='word_1_176' title='bbox 308 3125 433 3200; x_wconf 89' lang='lat' dir='ltr'><strong>limina</strong></span> <span class='ocrx_word' id='word_1_177' title='bbox 448 3130 695 3226; x_wconf 90' lang='lat' dir='ltr'><strong>apostolorum</strong></span> <span class='ocrx_word' id='word_1_178' title='bbox 714 3133 885 3224; x_wconf 87' lang='lat' dir='ltr'><strong>visitaret,</strong></span> <span class='ocrx_word' id='word_1_179' title='bbox 912 3134 1053 3228; x_wconf 90' lang='lat' dir='ltr'><strong>volens,</strong></span> <span class='ocrx_word' id='word_1_180' title='bbox 1081 3159 1126 3210; x_wconf 83' lang='lat' dir='ltr'><strong>ex</strong></span> <span class='ocrx_word' id='word_1_181' title='bbox 1150 3135 1320 3210; x_wconf 88' lang='lat' dir='ltr'><strong>mandato</strong></span> <span class='ocrx_word' id='word_1_182' title='bbox 1337 3137 1548 3210; x_wconf 77' lang='lat' dir='ltr'><strong>sanctitatis</strong></span> <span class='ocrx_word' id='word_1_183' title='bbox 1563 3157 1627 3212; x_wconf 85' lang='lat' dir='ltr'><strong>sue.</strong></span> 
     </span>
     <span class='ocr_line' id='line_1_23' title="bbox 308 3247 1702 3358; baseline 0.007 -37"><span class='ocrx_word' id='word_1_184' title='bbox 308 3247 425 3346; x_wconf 90' lang='lat' dir='ltr'><strong>ipsum</strong></span> <span class='ocrx_word' id='word_1_185' title='bbox 449 3251 580 3327; x_wconf 90' lang='lat' dir='ltr'><strong>ducem</strong></span> <span class='ocrx_word' id='word_1_186' title='bbox 602 3256 749 3330; x_wconf 88' lang='lat' dir='ltr'><strong>omniuo</strong></span> <span class='ocrx_word' id='word_1_187' title='bbox 775 3259 1004 3334; x_wconf 87' lang='lat' dir='ltr'><strong>retrocedere</strong></span> <span class='ocrx_word' id='word_1_188' title='bbox 1035 3260 1183 3353; x_wconf 84' lang='lat' dir='ltr'><strong>debere,</strong></span> <span class='ocrx_word' id='word_1_189' title='bbox 1212 3260 1272 3358; x_wconf 90' lang='lat' dir='ltr'><strong>qui</strong></span> <span class='ocrx_word' id='word_1_190' title='bbox 1299 3284 1384 3335; x_wconf 90' lang='lat' dir='ltr'><strong>cum</strong></span> <span class='ocrx_word' id='word_1_191' title='bbox 1409 3262 1553 3336; x_wconf 85' lang='lat' dir='ltr'><strong>circiter</strong></span> <span class='ocrx_word' id='word_1_192' title='bbox 1577 3279 1628 3331; x_wconf 81' lang='lat' dir='ltr'><strong>cco</strong></span> <span class='ocrx_word' id='word_1_193' title='bbox 1699 3328 1702 3351; x_wconf 78' lang='grc'>,</span> 
     </span>
     <span class='ocr_line' id='line_1_24' title="bbox 308 3354 1703 3486; baseline 0.009 -43"><span class='ocrx_word' id='word_1_194' title='bbox 308 3373 487 3467; x_wconf 89' lang='lat' dir='ltr'><strong>equitibus</strong></span> <span class='ocrx_word' id='word_1_195' title='bbox 508 3382 543 3450; x_wconf 91' lang='lat' dir='ltr'><strong>et</strong></span> <span class='ocrx_word' id='word_1_196' title='bbox 567 3377 828 3477; x_wconf 79' lang='lat' dir='ltr'><strong>quinquaginta</strong></span> <span class='ocrx_word' id='word_1_197' title='bbox 852 3383 959 3458; x_wconf 92' lang='lat' dir='ltr'><strong>mulis</strong></span> <span class='ocrx_word' id='word_1_198' title='bbox 988 3385 1160 3476; x_wconf 79' lang='lat' dir='ltr'><strong>oneratiS,</strong></span> <span class='ocrx_word' id='word_1_199' title='bbox 1187 3409 1253 3483; x_wconf 87' lang='lat' dir='ltr'><strong>pro</strong></span> <span class='ocrx_word' id='word_1_200' title='bbox 1276 3385 1405 3461; x_wconf 89' lang='lat' dir='ltr'><strong>itinere</strong></span> <span class='ocrx_word' id='word_1_201' title='bbox 1432 3381 1624 3486; x_wconf 89' lang='lat' dir='ltr'><strong>hujusmodi</strong></span> <span class='ocrx_word' id='word_1_202' title='bbox 1697 3354 1703 3479; x_wconf 76' lang='lat' dir='ltr'><strong>l</strong></span> 
     </span>
     <span class='ocr_line' id='line_1_25' title="bbox 306 3497 1623 3608; baseline 0.008 -40"><span class='ocrx_word' id='word_1_203' title='bbox 306 3497 523 3594; x_wconf 91' lang='lat' dir='ltr'><strong>complendo</strong></span> <span class='ocrx_word' id='word_1_204' title='bbox 542 3524 667 3576; x_wconf 90' lang='lat' dir='ltr'><strong>secum</strong></span> <span class='ocrx_word' id='word_1_205' title='bbox 691 3507 898 3604; x_wconf 63' lang='lat' dir='ltr'><strong>assumptis</strong></span> <span class='ocrx_word' id='word_1_206' title='bbox 924 3508 1008 3583; x_wconf 93' lang='lat' dir='ltr'><strong>illuc</strong></span> <span class='ocrx_word' id='word_1_207' title='bbox 1034 3516 1200 3600; x_wconf 88' lang='lat' dir='ltr'><strong>venerat;</strong></span> <span class='ocrx_word' id='word_1_208' title='bbox 1222 3512 1327 3608; x_wconf 86' lang='lat' dir='ltr'><strong>cujus</strong></span> <span class='ocrx_word' id='word_1_209' title='bbox 1353 3510 1524 3584; x_wconf 88' lang='lat' dir='ltr'><strong>mandato</strong></span> <span class='ocrx_word' id='word_1_210' title='bbox 1542 3509 1623 3583; x_wconf 90' lang='lat' dir='ltr'><strong>idem</strong></span> 
     </span>
     <span class='ocr_line' id='line_1_26' title="bbox 305 3621 1621 3724; baseline 0.009 -32"><span class='ocrx_word' id='word_1_211' title='bbox 305 3621 378 3694; x_wconf 86' lang='lat' dir='ltr'><strong>dux</strong></span> <span class='ocrx_word' id='word_1_212' title='bbox 400 3646 529 3718; x_wconf 87' lang='lat' dir='ltr'><strong>parere</strong></span> <span class='ocrx_word' id='word_1_213' title='bbox 548 3627 671 3701; x_wconf 88' lang='lat' dir='ltr'><strong>volens</strong></span> <span class='ocrx_word' id='word_1_214' title='bbox 692 3633 912 3724; x_wconf 86' lang='lat' dir='ltr'><strong>retrocessit,</strong></span> <span class='ocrx_word' id='word_1_215' title='bbox 942 3642 976 3710; x_wconf 90' lang='lat' dir='ltr'><strong>et</strong></span> <span class='ocrx_word' id='word_1_216' title='bbox 999 3635 1127 3709; x_wconf 89' lang='lat' dir='ltr'><strong>eodem</strong></span> <span class='ocrx_word' id='word_1_217' title='bbox 1153 3635 1280 3710; x_wconf 90' lang='lat' dir='ltr'><strong>ordine</strong></span> <span class='ocrx_word' id='word_1_218' title='bbox 1307 3643 1408 3712; x_wconf 85' lang='lat' dir='ltr'><strong>recta</strong></span> <span class='ocrx_word' id='word_1_219' title='bbox 1436 3636 1492 3708; x_wconf 93' lang='lat' dir='ltr'><strong>via</strong></span> <span class='ocrx_word' id='word_1_220' title='bbox 1516 3656 1621 3710; x_wconf 87' lang='lat' dir='ltr'><strong>versus</strong></span> 
     </span>
     <span class='ocr_line' id='line_1_27' title="bbox 305 3745 1619 3853; baseline 0.008 -35"><span class='ocrx_word' id='word_1_221' title='bbox 305 3745 439 3820; x_wconf 91' lang='lat' dir='ltr'><strong>Urbem</strong></span> <span class='ocrx_word' id='word_1_222' title='bbox 453 3749 564 3839; x_wconf 91' lang='lat' dir='ltr'><strong>venit;</strong></span> <span class='ocrx_word' id='word_1_223' title='bbox 585 3775 657 3849; x_wconf 91' lang='lat' dir='ltr'><strong>quo</strong></span> <span class='ocrx_word' id='word_1_224' title='bbox 684 3778 751 3851; x_wconf 91' lang='lat' dir='ltr'><strong>per</strong></span> <span class='ocrx_word' id='word_1_225' title='bbox 774 3759 837 3831; x_wconf 91' lang='grc'><strong>88.</strong></span> <span class='ocrx_word' id='word_1_226' title='bbox 871 3761 914 3831; x_wconf 86' lang='lat' dir='ltr'><strong>D.</strong></span> <span class='ocrx_word' id='word_1_227' title='bbox 939 3763 980 3834; x_wconf 92' lang='lat' dir='ltr'><strong>N.</strong></span> <span class='ocrx_word' id='word_1_228' title='bbox 1007 3761 1142 3853; x_wconf 87' lang='lat' dir='ltr'><strong>audito,</strong></span> <span class='ocrx_word' id='word_1_229' title='bbox 1173 3760 1350 3834; x_wconf 88' lang='lat' dir='ltr'><strong>ordinavit</strong></span> <span class='ocrx_word' id='word_1_230' title='bbox 1374 3763 1549 3837; x_wconf 85' lang='lat' dir='ltr'><strong>Sanctitas</strong></span> <span class='ocrx_word' id='word_1_231' title='bbox 1568 3780 1619 3832; x_wconf 87' lang='lat' dir='ltr'><strong>sua</strong></span> 
     </span>
     <span class='ocr_line' id='line_1_28' title="bbox 303 3867 1617 3985; baseline 0.008 -43"><span class='ocrx_word' id='word_1_232' title='bbox 303 3867 443 3965; x_wconf 87' lang='lat' dir='ltr'><strong>aliquos</strong></span> <span class='ocrx_word' id='word_1_233' title='bbox 471 3871 539 3946; x_wconf 90' lang='lat' dir='ltr'><strong>sibi</strong></span> <span class='ocrx_word' id='word_1_234' title='bbox 565 3873 706 3950; x_wconf 91' lang='lat' dir='ltr'><strong>obviam</strong></span> <span class='ocrx_word' id='word_1_235' title='bbox 733 3879 877 3955; x_wconf 92' lang='lat' dir='ltr'><strong>mittere</strong></span> <span class='ocrx_word' id='word_1_236' title='bbox 908 3907 1021 3980; x_wconf 87' lang='lat' dir='ltr'><strong>usque</strong></span> <span class='ocrx_word' id='word_1_237' title='bbox 1050 3886 1097 3959; x_wconf 90' lang='lat' dir='ltr'><strong>ad</strong></span> <span class='ocrx_word' id='word_1_238' title='bbox 1123 3886 1502 3984; x_wconf 86' lang='lat' dir='ltr'><strong>Aquampendentem,</strong></span> <span class='ocrx_word' id='word_1_239' title='bbox 1527 3887 1617 3985; x_wconf 85' lang='lat' dir='ltr'><strong>prout</strong></span> 
     </span>
     <span class='ocr_line' id='line_1_29' title="bbox 302 3994 1698 4127; baseline 0.016 -61"><span class='ocrx_word' id='word_1_240' title='bbox 302 3994 399 4068; x_wconf 92' lang='lat' dir='ltr'><strong>misit</strong></span> <span class='ocrx_word' id='word_1_241' title='bbox 420 4001 574 4093; x_wconf 89' lang='lat' dir='ltr'><strong>quatuor</strong></span> <span class='ocrx_word' id='word_1_242' title='bbox 594 4024 638 4076; x_wconf 84' lang='lat' dir='ltr'><strong>ex</strong></span> <span class='ocrx_word' id='word_1_243' title='bbox 663 4003 737 4076; x_wconf 89' lang='lat' dir='ltr'><strong>suis</strong></span> <span class='ocrx_word' id='word_1_244' title='bbox 766 4006 945 4082; x_wconf 84' lang='lat' dir='ltr'><strong>scutiferis</strong></span> <span class='ocrx_word' id='word_1_245' title='bbox 974 4017 1010 4083; x_wconf 90' lang='lat' dir='ltr'><strong>et</strong></span> <span class='ocrx_word' id='word_1_246' title='bbox 1037 4014 1079 4084; x_wconf 89' lang='lat' dir='ltr'><strong>R.</strong></span> <span class='ocrx_word' id='word_1_247' title='bbox 1116 4015 1155 4084; x_wconf 91' lang='lat' dir='ltr'><strong>P.</strong></span> <span class='ocrx_word' id='word_1_248' title='bbox 1186 4015 1229 4084; x_wconf 86' lang='lat' dir='ltr'><strong>D.</strong></span> <span class='ocrx_word' id='word_1_249' title='bbox 1263 4011 1557 4088; x_wconf 89' lang='lat' dir='ltr'><strong>Bartholomenm</strong></span> <span class='ocrx_word' id='word_1_250' title='bbox 1583 4009 1617 4079; x_wconf 80' lang='lat' dir='ltr'><strong>dt</strong></span> <span class='ocrx_word' id='word_1_251' title='bbox 1692 4080 1698 4127; x_wconf 49' lang='grc' dir='ltr'><strong>ἱ</strong></span> 
     </span>
     <span class='ocr_line' id='line_1_30' title="bbox 300 4120 1697 4236; baseline 0.017 -45"><span class='ocrx_word' id='word_1_252' title='bbox 300 4120 458 4194; x_wconf 87' lang='lat' dir='ltr'><strong>ltlorenis</strong></span> <span class='ocrx_word' id='word_1_253' title='bbox 487 4123 800 4226; x_wconf 89' lang='lat' dir='ltr'><strong>archiepiscopum</strong></span> <span class='ocrx_word' id='word_1_254' title='bbox 828 4131 872 4206; x_wconf 93' lang='lat' dir='ltr'><strong>de</strong></span> <span class='ocrx_word' id='word_1_255' title='bbox 903 4133 1058 4231; x_wconf 86' lang='lat' dir='ltr'><strong>Vignola</strong></span> <span class='ocrx_word' id='word_1_256' title='bbox 1076 4135 1338 4212; x_wconf 90' lang='lat' dir='ltr'><strong>cubicularium</strong></span> <span class='ocrx_word' id='word_1_257' title='bbox 1366 4161 1473 4212; x_wconf 91' lang='lat' dir='ltr'><strong>suum</strong></span> <span class='ocrx_word' id='word_1_258' title='bbox 1499 4137 1614 4236; x_wconf 73' lang='lat' dir='ltr'><strong>primm</strong></span> <span class='ocrx_word' id='word_1_259' title='bbox 1692 4134 1697 4145; x_wconf 82' lang='lat'>&#39;</span> 
     </span>
     <span class='ocr_line' id='line_1_31' title="bbox 300 4241 1697 4383; baseline 0.014 -69"><span class='ocrx_word' id='word_1_260' title='bbox 300 4241 431 4319; x_wconf 92' lang='lat' dir='ltr'><strong>deinde</strong></span> <span class='ocrx_word' id='word_1_261' title='bbox 447 4249 520 4318; x_wconf 75' lang='grc' dir='ltr'><strong>ΒΗ.</strong></span> <span class='ocrx_word' id='word_1_262' title='bbox 538 4246 576 4330; x_wconf 87' lang='lat' dir='ltr'><strong>in</strong></span> <span class='ocrx_word' id='word_1_263' title='bbox 593 4248 734 4325; x_wconf 85' lang='lat' dir='ltr'><strong>Christo</strong></span> <span class='ocrx_word' id='word_1_264' title='bbox 750 4255 820 4325; x_wconf 86' lang='lat' dir='ltr'><strong>PP.</strong></span> <span class='ocrx_word' id='word_1_265' title='bbox 839 4257 914 4327; x_wconf 84' lang='lat' dir='ltr'><strong>oo.</strong></span> <span class='ocrx_word' id='word_1_266' title='bbox 934 4257 1169 4331; x_wconf 88' lang='lat' dir='ltr'><strong>Laurentium</strong></span> <span class='ocrx_word' id='word_1_267' title='bbox 1189 4260 1508 4360; x_wconf 89' lang='lat' dir='ltr'><strong>archiepiscopum</strong></span> <span class='ocrx_word' id='word_1_268' title='bbox 1522 4265 1615 4337; x_wconf 85' lang='lat' dir='ltr'><strong>Beue</strong></span> <span class='ocrx_word' id='word_1_269' title='bbox 1688 4256 1697 4383; x_wconf 66' lang='lat' dir='ltr'><strong>l</strong></span> 
     </span>
     <span class='ocr_line' id='line_1_32' title="bbox 300 4372 1612 4485; baseline 0.02 -47"><span class='ocrx_word' id='word_1_270' title='bbox 300 4375 492 4444; x_wconf 92' lang='lat' dir='ltr'><strong>ventannm</strong></span> <span class='ocrx_word' id='word_1_271' title='bbox 514 4375 550 4446; x_wconf 91' lang='lat' dir='ltr'><strong>et</strong></span> <span class='ocrx_word' id='word_1_272' title='bbox 575 4372 875 4472; x_wconf 84' lang='lat' dir='ltr'><strong>Christophorum</strong></span> <span class='ocrx_word' id='word_1_273' title='bbox 896 4379 1107 4479; x_wconf 90' lang='lat' dir='ltr'><strong>episcopum</strong></span> <span class='ocrx_word' id='word_1_274' title='bbox 1128 4385 1406 4478; x_wconf 87' lang='lat' dir='ltr'><strong>Cortonensem,</strong></span> <span class='ocrx_word' id='word_1_275' title='bbox 1435 4385 1551 4485; x_wconf 86' lang='lat' dir='ltr'><strong>palatii</strong></span> <span class='ocrx_word' id='word_1_276' title='bbox 1570 4380 1612 4455; x_wconf 86' lang='lat' dir='ltr'><strong>sui</strong></span> 
     </span>
     <span class='ocr_line' id='line_1_33' title="bbox 298 4494 1700 4612; baseline 0.017 -48"><span class='ocrx_word' id='word_1_277' title='bbox 298 4494 470 4588; x_wconf 90' lang='lat' dir='ltr'><strong>prelatos,</strong></span> <span class='ocrx_word' id='word_1_278' title='bbox 489 4495 548 4592; x_wconf 93' lang='lat' dir='ltr'><strong>qui</strong></span> <span class='ocrx_word' id='word_1_279' title='bbox 566 4508 796 4574; x_wconf 88' lang='lat' dir='ltr'><strong>recesserunt</strong></span> <span class='ocrx_word' id='word_1_280' title='bbox 813 4525 857 4576; x_wconf 85' lang='lat' dir='ltr'><strong>ex</strong></span> <span class='ocrx_word' id='word_1_281' title='bbox 873 4505 969 4581; x_wconf 90' lang='lat' dir='ltr'><strong>Urbe</strong></span> <span class='ocrx_word' id='word_1_282' title='bbox 990 4507 1047 4581; x_wconf 91' lang='lat' dir='ltr'><strong>die</strong></span> <span class='ocrx_word' id='word_1_283' title='bbox 1068 4510 1238 4584; x_wconf 91' lang='lat' dir='ltr'><strong>mercurii</strong></span> <span class='ocrx_word' id='word_1_284' title='bbox 1260 4517 1303 4586; x_wconf 82' lang='grc'><strong>16</strong></span> <span class='ocrx_word' id='word_1_285' title='bbox 1316 4513 1419 4604; x_wconf 90' lang='lat' dir='ltr'><strong>maii;</strong></span> <span class='ocrx_word' id='word_1_286' title='bbox 1436 4515 1497 4612; x_wconf 90' lang='lat' dir='ltr'><strong>qui</strong></span> <span class='ocrx_word' id='word_1_287' title='bbox 1511 4515 1609 4612; x_wconf 84' lang='lat' dir='ltr'><strong>ipsun</strong></span> <span class='ocrx_word' id='word_1_288' title='bbox 1699 4599 1700 4610; x_wconf 38' lang='lat'><strong>,</strong></span> 
     </span>
     <span class='ocr_line' id='line_1_34' title="bbox 298 4617 1608 4729; baseline 0.012 -38"><span class='ocrx_word' id='word_1_289' title='bbox 298 4617 434 4694; x_wconf 93' lang='lat' dir='ltr'><strong>ibidem</strong></span> <span class='ocrx_word' id='word_1_290' title='bbox 449 4635 679 4720; x_wconf 88' lang='lat' dir='ltr'><strong>receperunt,</strong></span> <span class='ocrx_word' id='word_1_291' title='bbox 692 4648 764 4700; x_wconf 89' lang='lat' dir='ltr'><strong>non</strong></span> <span class='ocrx_word' id='word_1_292' title='bbox 780 4634 901 4703; x_wconf 88' lang='lat' dir='ltr'><strong>tamen</strong></span> <span class='ocrx_word' id='word_1_293' title='bbox 913 4633 1230 4729; x_wconf 88' lang='lat' dir='ltr'><strong>processionaliter</strong></span> <span class='ocrx_word' id='word_1_294' title='bbox 1240 4638 1304 4710; x_wconf 91' lang='lat' dir='ltr'><strong>sed</strong></span> <span class='ocrx_word' id='word_1_295' title='bbox 1315 4638 1404 4714; x_wconf 87' lang='lat' dir='ltr'><strong>alias</strong></span> <span class='ocrx_word' id='word_1_296' title='bbox 1414 4637 1608 4720; x_wconf 83' lang='lat' dir='ltr'><strong>honorilice,</strong></span> 
     </span>
     <span class='ocr_line' id='line_1_35' title="bbox 296 4745 1695 4860; baseline 0.011 -43"><span class='ocrx_word' id='word_1_297' title='bbox 296 4750 333 4817; x_wconf 92' lang='lat' dir='ltr'><strong>et</strong></span> <span class='ocrx_word' id='word_1_298' title='bbox 353 4745 483 4822; x_wconf 86' lang='lat' dir='ltr'><strong>deinde</strong></span> <span class='ocrx_word' id='word_1_299' title='bbox 512 4751 692 4845; x_wconf 86' lang='lat' dir='ltr'><strong>usquead</strong></span> <span class='ocrx_word' id='word_1_300' title='bbox 714 4751 845 4828; x_wconf 91' lang='lat' dir='ltr'><strong>Urbem</strong></span> <span class='ocrx_word' id='word_1_301' title='bbox 865 4756 1149 4832; x_wconf 88' lang='lat' dir='ltr'><strong>associaverunt.</strong></span> <span class='ocrx_word' id='word_1_302' title='bbox 1179 4761 1408 4837; x_wconf 88' lang='lat' dir='ltr'><strong>Gubernator</strong></span> <span class='ocrx_word' id='word_1_303' title='bbox 1428 4753 1608 4860; x_wconf 83' lang='lat' dir='ltr'><strong>patrimonii</strong></span> <span class='ocrx_word' id='word_1_304' title='bbox 1687 4756 1695 4845; x_wconf 78' lang='grc' dir='ltr'><em>Ξ</em></span> 
     </span>
     <span class='ocr_line' id='line_1_36' title="bbox 295 4852 1694 4978; baseline 0.021 -37"><span class='ocrx_word' id='word_1_305' title='bbox 295 4868 380 4942; x_wconf 88' lang='lat' dir='ltr'><strong>lecit</strong></span> <span class='ocrx_word' id='word_1_306' title='bbox 395 4893 591 4968; x_wconf 85' lang='lat' dir='ltr'><strong>expensam</strong></span> <span class='ocrx_word' id='word_1_307' title='bbox 608 4897 652 4948; x_wconf 86' lang='lat' dir='ltr'><strong>ex</strong></span> <span class='ocrx_word' id='word_1_308' title='bbox 665 4877 830 4972; x_wconf 91' lang='lat' dir='ltr'><strong>pecuniis</strong></span> <span class='ocrx_word' id='word_1_309' title='bbox 847 4901 991 4956; x_wconf 88' lang='lat' dir='ltr'><strong>camere</strong></span> <span class='ocrx_word' id='word_1_310' title='bbox 1007 4884 1219 4978; x_wconf 90' lang='lat' dir='ltr'><strong>apostolice.</strong></span> <span class='ocrx_word' id='word_1_311' title='bbox 1688 4852 1694 4885; x_wconf 56' lang='grc' dir='ltr'>Ι</span> 
     </span>
    </p>

    <p class='ocr_par' dir='ltr' id='par_1_6' title="bbox 294 4993 1605 5235">
     <span class='ocr_line' id='line_1_37' title="bbox 345 4993 1605 5107; baseline 0.013 -41"><span class='ocrx_word' id='word_1_312' title='bbox 345 4993 410 5068; x_wconf 89' lang='lat' dir='ltr'><strong>Die</strong></span> <span class='ocrx_word' id='word_1_313' title='bbox 435 4997 572 5088; x_wconf 83' lang='lat' dir='ltr'><strong>Martis,</strong></span> <span class='ocrx_word' id='word_1_314' title='bbox 594 5003 639 5071; x_wconf 73' lang='lat'><strong>22</strong></span> <span class='ocrx_word' id='word_1_315' title='bbox 667 5001 766 5093; x_wconf 90' lang='lat' dir='ltr'><strong>maii,</strong></span> <span class='ocrx_word' id='word_1_316' title='bbox 789 5003 884 5078; x_wconf 88' lang='lat' dir='ltr'><strong>circa</strong></span> <span class='ocrx_word' id='word_1_317' title='bbox 904 5004 1034 5080; x_wconf 88' lang='lat' dir='ltr'><strong>horam</strong></span> <span class='ocrx_word' id='word_1_318' title='bbox 1058 5031 1116 5082; x_wconf 84' lang='lat' dir='ltr'><strong>xxv</strong></span> <span class='ocrx_word' id='word_1_319' title='bbox 1133 5011 1294 5107; x_wconf 85' lang='lat' dir='ltr'><strong>prelatus</strong></span> <span class='ocrx_word' id='word_1_320' title='bbox 1322 5012 1374 5086; x_wconf 92' lang='lat' dir='ltr'><strong>lll.</strong></span> <span class='ocrx_word' id='word_1_321' title='bbox 1395 5012 1468 5086; x_wconf 82' lang='lat' dir='ltr'><strong>dux</strong></span> <span class='ocrx_word' id='word_1_322' title='bbox 1486 5005 1605 5084; x_wconf 85' lang='lat' dir='ltr'><strong>intravi</strong></span> 
     </span>
     <span class='ocr_line' id='line_1_38' title="bbox 294 5123 1603 5235; baseline 0.01 -46"><span class='ocrx_word' id='word_1_323' title='bbox 294 5139 360 5212; x_wconf 87' lang='lat' dir='ltr'><strong>por</strong></span> <span class='ocrx_word' id='word_1_324' title='bbox 380 5125 529 5215; x_wconf 87' lang='lat' dir='ltr'><strong>pontem</strong></span> <span class='ocrx_word' id='word_1_325' title='bbox 550 5123 710 5198; x_wconf 86' lang='lat' dir='ltr'><strong>blilvium</strong></span> <span class='ocrx_word' id='word_1_326' title='bbox 733 5134 769 5201; x_wconf 89' lang='lat' dir='ltr'><strong>et</strong></span> <span class='ocrx_word' id='word_1_327' title='bbox 785 5136 927 5224; x_wconf 92' lang='lat' dir='ltr'><strong>portam</strong></span> <span class='ocrx_word' id='word_1_328' title='bbox 949 5155 977 5202; x_wconf 91' lang='lat' dir='ltr'><strong>s.</strong></span> <span class='ocrx_word' id='word_1_329' title='bbox 1006 5133 1115 5208; x_wconf 85' lang='lat' dir='ltr'><strong>Maria</strong></span> <span class='ocrx_word' id='word_1_330' title='bbox 1137 5135 1181 5209; x_wconf 90' lang='lat' dir='ltr'><strong>de</strong></span> <span class='ocrx_word' id='word_1_331' title='bbox 1204 5137 1354 5235; x_wconf 86' lang='lat' dir='ltr'><strong>Populo,</strong></span> <span class='ocrx_word' id='word_1_332' title='bbox 1377 5138 1436 5214; x_wconf 91' lang='lat' dir='ltr'><strong>cui</strong></span> <span class='ocrx_word' id='word_1_333' title='bbox 1454 5135 1603 5212; x_wconf 86' lang='lat' dir='ltr'><strong>venerunt</strong></span> 
     </span>
    </p>
   </div>
   <div class='ocr_carea' id='block_1_3' title="bbox 0 0 1716 6038">
    <p class='ocr_par' dir='ltr' id='par_1_7' title="bbox 0 0 1716 6038">
     <span class='ocr_line' id='line_1_39' title="bbox 0 0 1716 6038; baseline 0 10"><span class='ocrx_word' id='word_1_334' title='bbox 0 0 1716 6038; x_wconf 95' lang='lat' dir='ltr'><strong> </strong></span> 
     </span>
    </p>
   </div>
  </div>
 </body>
</html>
