3424 6038
315 491 368 546 sao
767 486 942 552 sonamus
967 485 1188 556 abacelam,
1398 483 1555 550 [novemus
1571 485 1627 548 nor

316 667 383 740 pro
409 643 511 716 altari
536 651 572 716 et
596 642 741 739 prolatis
770 642 1020 739 quadraginta,
1045 641 1164 715 medie
1190 640 1281 712 libre
1307 661 1372 734 pro
1402 635 1630 724 cubiculariis,

317 768 510 858 scutiferis,
530 767 713 842 canonicis
731 793 759 840 s.
777 768 886 850 Petri,
905 774 988 858 etc,
1012 773 1048 841 et
1067 773 1220 863 quatuor
1241 762 1431 837 unciarum
1452 782 1518 857 pro
1537 759 1632 832 bene·
1699 749 1700 776 ³

318 894 446 968 liciatis
462 920 491 968 s.
512 894 605 968 Petri
619 916 660 966 ao
674 893 752 966 aliis
774 901 919 968 centum
941 891 1214 989 quinquaginta.
1243 893 1399 963 Scamna
1418 905 1487 984 pro
1505 885 1632 982 prelatis

317 1017 544 1091 cubiculariis
560 1017 629 1090 duo
650 1016 768 1116 posita
790 1015 935 1091 luerunt
950 1017 1052 1112 juxta
1067 1014 1267 1088 cancellum
1287 1013 1440 1110 capeNe.
1466 1010 1634 1086 Celebrate

319 1142 385 1216 luit
400 1143 511 1216 missa
525 1143 687 1240 predicta
700 1143 746 1216 ad
758 1141 944 1216 dexteram
960 1140 1139 1229 intrantis,
1163 1139 1260 1213 etad
1280 1137 1466 1212 sinistram
1487 1135 1524 1208 in
1542 1159 1635 1231 appo
1700 1189 1701 1232 .

317 1268 385 1341 sito
400 1266 545 1340 illorum
560 1290 626 1363 pro
642 1265 825 1339 canonicis
842 1290 872 1338 s.
891 1265 985 1339 Petri
1002 1271 1038 1339 et
1054 1264 1189 1339 ibidem
1205 1263 1373 1362 incapite
1390 1261 1568 1360 pulpitum
1582 1285 1635 1358 pro
1700 1243 1701 1260 ἶ

319 1391 585 1466 sermocinante
619 1391 679 1486 qui
718 1413 843 1465 versus
883 1391 928 1464 ad
964 1389 1211 1464 celebrantem
1251 1398 1288 1465 et
1322 1389 1486 1486 prelatos
1521 1387 1634 1460 stabat.

320 1525 491 1596 Cantores
514 1518 749 1593 steterentin
780 1518 919 1616 capella
940 1518 1043 1614 juxta
1072 1516 1246 1614 capellam
1272 1515 1435 1588 mulieris
1457 1512 1592 1587 incluse
1609 1521 1638 1584 et

321 1645 499 1744 pulpitum
524 1668 649 1718 eorum
680 1667 762 1718 cum
786 1623 1002 1718 libro'extra
1028 1641 1126 1715 illam
1155 1641 1354 1739 capellam;
1383 1645 1471 1714 ante
1496 1662 1558 1712 eos
1578 1661 1637 1710 non
1701 1642 1702 1734 l

320 1769 560 1844 interfuerunt
581 1768 726 1858 funesti,
754 1769 817 1842 sed
837 1772 879 1841 D.
903 1768 1087 1841 lohannes
1105 1756 1319 1841 Franciscus
1335 1775 1370 1842 et
1386 1765 1587 1840 Ludovicus
1603 1763 1639 1835 de
1701 1747 1702 1792 ³

322 1895 521 1969 Maraschis
550 1901 702 1992 nepotes
726 1893 886 1968 defuncti
909 1893 1066 1992 acolythi
1092 1892 1280 1990 apostolici
1309 1893 1486 1966 sederunt
1507 1891 1542 1962 in
1565 1887 1640 1962 locis

323 2020 410 2110 suis,
435 2025 472 2094 ut
493 2019 650 2118 acolythi
677 2025 758 2116 post
781 2019 952 2116 prelatos.
977 2017 1056 2091 Alia
1082 2016 1203 2091 omnia
1230 2018 1423 2092 observata
1448 2023 1534 2090 sunt
1554 2035 1640 2088 more

322 2150 510 2219 consueto.

370 2268 473 2344 Feria
499 2268 635 2365 quinta,
673 2273 715 2342 13
739 2267 874 2342 mensis
900 2266 1117 2357 novembris,
1142 2266 1179 2338 in
1203 2269 1343 2366 capeDa
1365 2269 1509 2365 majore
1538 2261 1641 2362 palatii

323 2393 510 2492 apostolici
526 2395 621 2491 apud
641 2419 670 2468 s.
695 2399 854 2486 Petrum,
881 2401 923 2468 R.
954 2399 993 2468 P.
1023 2399 1063 2474 D.
1096 2402 1223 2472 Petrus
1249 2395 1378 2469 l‘eulus
1402 2392 1593 2490 episcopus
1616 2411 1640 2458 s.

321 2521 461 2616 Agathe
490 2518 681 2593 celebravit
711 2520 858 2593 missam
891 2519 1072 2616 publicam
1109 2524 1359 2597 defunctorum
1384 2521 1491 2616 juxta
1518 2536 1643 2589 morem

324 2644 460 2740 capelle
476 2649 599 2718 nostre
615 2667 681 2740 pro
703 2645 824 2718 anima
842 2645 936 2718 hone
958 2647 1133 2720 memorie
1157 2646 1274 2720 Caroli
1290 2645 1382 2718 tituli
1406 2670 1437 2718 s.
1456 2639 1597 2718 ltlartini
1614 2639 1643 2709 in

323 2765 504 2840 Montibus
528 2765 726 2863 presbyteri
754 2766 945 2840 cardinalis
978 2769 1229 2866 Lugdunensis
1263 2768 1476 2866 nuncupati,
1517 2767 1644 2861 etpost

324 2891 485 2981 missam,
527 2890 677 2964 absolvit
707 2914 808 2965 more
836 2891 960 2984 solito,
998 2899 1094 2992 Papa
1126 2895 1296 2984 absente,
1330 2899 1366 2966 et
1397 2891 1544 2965 RRmis.
1579 2889 1642 2960 DD.
1703 2863 1704 2874 ἵ

325 3013 574 3111 Neapolitano,
596 3038 626 3086 s.
649 3015 761 3088 Maria
780 3015 816 3088 in
838 3019 993 3112 Porticu,
1020 3045 1049 3094 s.
1076 3020 1171 3094 Petri
1194 3019 1240 3092 ad
1259 3017 1426 3107 Vincula,
1450 3012 1639 3114 episcopis3

325 3138 644 3228 Ulixhouensi,'de
671 3141 880 3234 Comitibus,
906 3144 1105 3234 Parmensi,
1132 3143 1376 3242 presbyteris3
1413 3142 1459 3216 de
1490 3146 1597 3227 Fuxo,
1617 3161 1638 3208 s.

325 3265 481 3362 Georgii,
500 3265 543 3338 da
560 3263 724 3355 Sabellis,
747 3267 791 3340 de
812 3252 1000 3360 Columna,
1026 3271 1072 3345 de
1088 3269 1225 3345 Ursinis
1246 3273 1282 3343 et
1302 3267 1473 3358 Ascanio,
1496 3259 1641 3340 diaconis

325 3387 563 3464 cardinalibus
583 3390 826 3486 presentibus.

376 3515 566 3590 Dominica
585 3520 628 3588 16
651 3515 787 3590 mensis
809 3521 1028 3611 novembris,
1052 3527 1136 3596 ente
1156 3521 1284 3595 horam
1305 3519 1460 3617 prandii,
1485 3514 1639 3593 Romaiu

326 3641 459 3738 palatio
485 3640 682 3737 apostolico
707 3643 803 3738 apud
834 3651 997 3718 sanctum
1028 3650 1174 3720 Petrum
1204 3647 1240 3719 in
1266 3645 1349 3720 aula
1377 3669 1487 3743 supra
1514 3645 1638 3716 vineam

326 3765 535 3839 immediate
565 3774 646 3864 post
673 3768 792 3842 aulam
820 3769 1046 3865 pontificum,
1075 3775 1333 3845 contraxerunt
1369 3767 1636 3847 matrimonium,

326 3913 392 3986 per
419 3891 528 3963 verba
552 3890 713 3988 legitime
732 3893 775 3967 de
792 3895 966 3990 presenti,
984 3895 1058 3968 filia
1076 3895 1221 3970 domine
1241 3895 1469 3970 Theodorine
1494 3895 1564 3968 filie
1584 3895 1635 3966 SS.

328 4017 372 4088 D.
387 4019 430 4088 N.
449 4016 650 4090 innocentii
673 4018 801 4110 octavi,
827 4019 947 4094 uxoris
973 4026 1016 4095 D.
1042 4023 1189 4096 Gerardi
1207 4021 1425 4113 Ususmaris,
1444 4015 1636 4096 mereatoris

327 4139 531 4228 tanuensis,
558 4141 765 4238 depositarii
791 4145 854 4216 SS.
883 4148 926 4218 D.
956 4149 998 4220 N.
1027 4169 1120 4244 pape
1140 4126 1292 4244 predicti
1315 4155 1351 4223 et
1377 4148 1564 4244 impositus
1585 4139 1635 4216 luit

329 4263 448 4339 eidem
458 4265 586 4339 anulus
598 4267 829 4363 sponsalibus
843 4275 1012 4364 presente
1024 4272 1086 4343 SS.
1101 4273 1144 4342 D.
1160 4273 1203 4344 N.
1216 4294 1310 4368 papa
1323 4271 1501 4368 predicto,
1515 4263 1634 4342 thmis.

329 4391 484 4466 dominis
503 4417 532 4465 s.
552 4392 645 4466 Petri
667 4393 713 4466 ad
732 4393 888 4470 Vincula
908 4400 944 4468 et
965 4419 995 4467 s.
1019 4395 1162 4492 Georgii
1183 4395 1437 4486 cardinalibus
1463 4391 1634 4470 Cusenliuo

329 4525 365 4590 et
381 4521 636 4592 Beneventano
653 4517 948 4616 archiepiscopis,
966 4519 1156 4612 Aleriensi,
1174 4522 1405 4612 Vulterrano,
1424 4513 1633 4596 Tornacensi.

328 4641 508 4731 duriensi,
538 4643 764 4732 santonensi,
793 4642 1032 4717 Mellitanensi
1057 4650 1094 4717 et
1120 4645 1198 4718 aliis
1222 4645 1417 4743 episcopis,
1439 4645 1584 4719 Falcone
1601 4637 1634 4708 dt

332 4765 537 4859 sinibaldis,
558 4769 685 4866 Rigeto
714 4772 834 4842 Bruno
862 4774 898 4842 et
922 4769 1000 4842 aliis
1019 4772 1164 4867 prelatis
1190 4772 1443 4871 presentibus:
1463 4767 1631 4866 quolacto,

332 4888 437 4964 exivit
453 4891 570 4966 aulam
586 4893 784 4991 predictam
798 4901 835 4968 et
849 4893 945 4968 venit
955 4895 1000 4968 ad
1013 4897 1130 4972 aulam
1141 4897 1352 4996 pontificum
1369 4900 1433 4970 SS.
1454 4899 1496 4968 D.
1514 4897 1541 4966 N
1546 4947 1553 4962 .
1570 4905 1632 4963 cum

332 5012 1630 5122 omnihuspredictis,ubimensetresparateerautproprandioiaciendo,

332 5145 438 5239 prout
453 5141 587 5218 iactum
607 5153 675 5218 est.
