3578 6032
741 406 953 468 APPENDICE.

616 631 630 662 ‹
655 603 844 668 Conuiuium
860 605 1054 666 Celebrctur.

215 762 354 827 «Pridie
367 761 439 825 eius
454 761 519 824 diei
539 759 700 821 inuitatus
724 755 889 818 discubuit
914 756 981 816 Rex
1003 759 1037 816 et
1059 756 1243 836 magister:
1260 760 1504 836 appositasunl

175 862 324 926 cuiusuis
343 859 477 940 generis
500 857 659 932 obsonia;
679 871 740 918 nec
760 852 967 916 condimenta
993 869 1206 932 acoquorum
1223 856 1339 934 peritia
1355 865 1506 922 consentu

175 959 309 1023 deicere
325 958 484 1020 :miratur
497 955 661 1018 barbarus
674 953 851 1014 latinorum
866 967 994 1025 mores;
1011 967 1071 1012 nec
1082 952 1154 1014 sine
1170 954 1309 1014 nolestia
1323 953 1502 1033 discubuit,

177 1055 267 1137 quod
281 1055 422 1134 poplites
437 1068 529 1116 moro
542 1051 638 1114 solito
654 1050 730 1112 flexi
743 1065 811 1112 non
827 1052 951 1111 essent.
966 1047 1178 1112 Condimeuta
1195 1051 1299 1131 digito
1310 1052 1415 1114 indice
1430 1071 1506 1133 pre·

175 1159 291 1236 gustat
305 1172 313 1214 :
327 1151 417 1232 quod
441 1151 536 1214 dulce
561 1154 612 1212 est
631 1148 769 1223 fastidit,
793 1151 962 1210 acetosum
985 1147 1152 1210 desumit:
1170 1150 1332 1212 mandens
1355 1157 1504 1216 astantes

174 1254 295 1315 lustrat
308 1251 439 1326 oculis;.
453 1251 488 1310 in
510 1263 727 1325 mensamque
750 1245 957 1320 recumbens,
982 1252 1119 1310 curuato
1143 1265 1279 1328 corpore
1298 1251 1453 1328 pascitur.
1471 1255 1506 1316 ln

173 1351 373 1431 magistrum
404 1348 516 1425 sepius
542 1346 655 1408 oculos
682 1343 793 1406 furtim
818 1345 894 1406 iacit
918 1349 954 1406 ut
979 1343 1098 1410 edendi
1124 1363 1251 1410 morem
1273 1352 1412 1412 notaret.
1439 1353 1504 1414 Nec

174 1449 315 1511 de'suere
328 1447 408 1509 artis
420 1446 545 1507 musice
560 1445 666 1524 periti,
679 1443 736 1522 qui
749 1443 1044 1504 instrumentorum
1055 1440 1359 1504 armoniaaudilum
1369 1446 1508 1508 suauius

173 1545 356 1610 afficerent.
381 1547 467 1606 inter
488 1560 573 1623 quos
599 1545 775 1606 Britannus
795 1541 941 1621 quidam,
955 1541 1123 1622 quaternis
1139 1539 1259 1603 tistulis
1274 1543 1429 1604 connexis
1445 1543 1505 1608 iia-

174 1644 273 1708 bellis
288 1659 349 1722 per
359 1643 457 1705 ulnas
472 1642 608 1722 pressis,
621 1641 749 1704 dulcius
761 1639 1117 1704 canebatbelectabat
1135 1643 1168 1702 et
1183 1655 1303 1702 sonora
1319 1641 1504 1704 canentiam

171 1757 239 1804 vox
252 1741 353 1804 edita.
367 1740 582 1802 atbarbarus
595 1739 742 1802 suauiori
756 1742 855 1800 cantu
864 1739 1029 1812 insuetus,
1044 1737 1205 1818 gaudium
1220 1755 1277 1817 pre
1292 1753 1329 1800 se
1342 1739 1415 1801 tulit
1429 1740 1505 1802 nul·

170 1843 242 1904 lum
257 1839 360 1900 donec
384 1839 520 1900 thurcus
544 1837 769 1916 coquinariam
791 1851 946 1899 exercens
970 1837 1141 1899 barbarico
1165 1835 1386 1899 instrumento
1401 1837 1504 1900 melo·

172 1937 264 2000 diam
279 1935 382 2000 edidit
399 1955 406 1998 :
421 1941 501 1998 tunc
514 1936 603 1998 enim
616 1939 744 1998 erectus
756 1951 935 2014 parumper
950 1933 1096 1997 subrisit.

423 2183 436 2214 ι
461 2156 633 2240 ueroque
647 2174 770 2220 morum
784 2167 813 2220 ct
827 2159 1088 2221 liniamentorum
1102 2162 1250 2240 szymy.

215 2358 229 2390 ι
251 2336 299 2397 Do
310 2331 459 2394 moribus
479 2335 592 2394 autem
605 2329 741 2393 Barbari
757 2331 924 2410 principis,
951 2331 985 2392 in
1007 2330 1092 2393 calce
1112 2331 1319 2405 narrationis,
1336 2333 1498 2410 quantum

180 2433 365 2495 coniectare
381 2429 484 2510 potui,
500 2429 590 2492 haud
605 2429 645 2492 ab
662 2445 697 2502 re
712 2429 772 2491 erit
791 2429 965 2492 disserere.
988 2433 1132 2510 Zyzymy
1144 2431 1213 2492 Rex
1233 2434 1385 2491 octavum
1400 2432 1431 2490 et
1444 2428 1502 2489 XX

176 2531 247 2611 agit
258 2545 384 2592 annum
402 2547 409 2588 :
427 2531 552 2590 statura
567 2543 714 2606 procera,
740 2527 926 2592 Valitudine
951 2545 1120 2607 prospera,
1142 2529 1236 2590 ouius
1262 2529 1372 2590 vultus
1388 2525 1503 2589 feroci-

175 2633 280 2692 tatem
292 2644 348 2706 pre
361 2644 398 2690 se
413 2625 484 2689 lert.
511 2626 620 2689 Oculis
636 2643 814 2705 parumper
834 2627 978 2706 obliquis
994 2645 1030 2688 ac
1044 2627 1194 2703 ceruleis,
1212 2627 1314 2690 denso
1328 2626 1502 2706 supercilio

176 2727 251 2789 nasi
266 2726 375 2788 radice
390 2723 459 2788 iere
473 2730 616 2804 utroque
630 2725 816 2788 coherente.
838 2726 1013 2788 Sinistrum
1034 2726 1068 2787 in
1086 2727 1226 2788 frontem
1241 2724 1389 2788 eleuatur
1403 2743 1410 2786 :
1426 2724 1503 2786 dex-

176 2830 266 2888 trum
290 2823 332 2886 ad
352 2823 483 2886 oculum
501 2824 615 2902 vergit.
638 2823 682 2886 Os
710 2840 857 2902 parvum,
884 2823 972 2886 labia
993 2839 1111 2904 grossa
1139 2840 1280 2902 quorum
1303 2823 1386 2884 ritus
1410 2822 1505 2884 sinis-

174 2930 322 2987 trorsum
337 2924 531 3002 plerumque
545 2923 727 2996 contrabit;
745 2939 783 2985 ac
798 2923 914 2986 dentes
928 2923 1052 3003 detegit
1070 2928 1103 2986 et
1117 2922 1237 2998 condit,
1252 2927 1417 3002 gestuque
1429 2923 1502 3000 ipso

173 3022 344 3084 sinistram
359 3021 552 3100 palpebram
566 3021 711 3094 inclinat,
733 3025 765 3083 et
786 3021 884 3100 paulo
909 3026 984 3100 post
1006 3021 1125 3084 eleuat.
1149 3023 1256 3084 Nasus
1278 3021 1308 3082 ei
1324 3025 1375 3083 est
1389 3021 1503 3099 aquili-

174 3136 257 3196 nus3
271 3119 306 3181 in
316 3118 427 3181 medio
440 3119 615 3198 paululum
630 3119 826 3182 eminentior
835 3119 929 3180 cuius
941 3119 1130 3182 extremitas
1142 3119 1177 3182 in
1190 3119 1362 3182 sinistrum
1374 3117 1479 3180 tendit
1493 3136 1500 3178 :

175 3221 327 3280 mentum
354 3216 385 3276 ei
410 3215 505 3291 exile,
537 3216 620 3278 cutis
653 3216 762 3280 colore
797 3221 848 3278 est
878 3218 972 3279 nucis
1001 3223 1173 3292 castanee3
1197 3217 1301 3278 barba
1333 3231 1406 3278 rara
1435 3230 1501 3278 non

174 3314 352 3394 promissa,
378 3312 437 3374 sed
459 3313 502 3375 ad
527 3318 636 3388 cutem
657 3313 780 3394 iorcipe
801 3321 898 3378 tonsa
915 3315 1041 3377 :obesa
1065 3315 1199 3390 cervice,
1224 3314 1361 3376 auribus
1383 3314 1502 3392 parvis,

173 3427 362 3490 corpusque
374 3411 481 3472 carnis
498 3411 625 3472 sarcina
642 3417 811 3475 onustum.
829 3413 981 3476 obesitas
995 3417 1142 3488 ,ventrem
1156 3413 1337 3492 proiectum
1350 3411 1457 3492 magis
1472 3417 1505 3473 et

171 3509 358 3589 posteriora
373 3513 493 3588 grauat
512 3525 612 3588 quam
627 3515 734 3573 cetera
755 3511 915 3574 membra.
941 3510 1087 3586 Brachia,
1110 3528 1216 3587 crura,
1240 3511 1319 3574 libis
1341 3527 1380 3572 ao
1403 3510 1506 3588 pedes

171 3607 385 3686 proportione
396 3611 474 3667 sunt
484 3607 643 3685 compacti
654 3627 662 3684 ;
674 3623 734 3669 nec
750 3608 856 3688 adipis
871 3608 1003 3687 pondus
1014 3605 1113 3669 officit
1124 3627 1132 3669 ε
1143 3624 1208 3687 que
1219 3607 1329 3668 minus
1343 3605 1504 3680 saliendo,

171 3703 363 3786 equitando,
380 3703 532 3766 venando
548 3711 647 3784 atque
670 3705 844 3786 sagitando
861 3708 957 3786 agilis
975 3707 1027 3768 sit.
1052 3706 1178 3784 Corpus
1198 3705 1286 3767 enim
1307 3703 1396 3766 haud
1409 3719 1505 3766 secus

170 3807 282 3884 gestat
297 3817 335 3864 ac
353 3802 381 3864 si
394 3802 527 3882 gracilis
547 3808 637 3865 esset
652 3809 684 3866 et
699 3805 845 3866 obesitas
859 3821 927 3866 non
941 3809 1106 3885 grauaret.
1125 3804 1156 3866 Si
1172 3802 1251 3884 quid
1267 3803 1399 3864 molesti
1413 3802 1507 3864 aiter-

171 3908 236 3976 tur‚
256 3901 427 3964 oculorum
448 3906 541 3963 motu
565 3905 726 3981 acuteque
748 3919 838 3978 voce,
862 3903 1076 3966 iracumdiam
1104 3905 1241 3980 repente
1265 3901 1387 3964 indicat
1406 3899 1508 3962 :atsi

170 4001 284 4080 gravis
298 3998 348 4062 vir
360 3997 460 4074 adsit,
476 4001 634 4078 temporis
651 4005 771 4080 puncto
795 4000 897 4064 iacies
918 4006 1129 4080 temperatur,
1150 4005 1183 4062 et
1198 3998 1387 4073 subridens,
1405 3999 1507 4059 simu·

171 4096 286 4160 latoris
310 4095 630 4176 dissimulatorisque
660 4100 785 4179 gaudet
807 4098 925 4163 officio.
948 4101 1032 4160 Itum
1055 4097 1274 4172 excandescit,
1298 4113 1412 4158 vocem
1434 4095 1502 4158 edit

172 4201 315 4270 acutam,
341 4195 472 4274 caprino
493 4196 583 4258 haud
606 4198 819 4274 dissimilem
840 4216 914 4261 oum
937 4197 1048 4277 quieto
1076 4197 1222 4276 loquitur
1245 4195 1367 4270 animo,
1389 4193 1502 4273 grauis

172 4310 283 4358 sermo
296 4298 359 4370 est,
375 4298 579 4372 temperatus
597 4301 630 4358 et
649 4296 822 4359 modestus
839 4295 898 4359 sed
912 4311 1018 4358 rarus.
1035 4297 1101 4358 Nec
1122 4293 1277 4374 quamuis
1292 4289 1454 4371 profugus
1471 4295 1506 4353 et

172 4393 325 4465 extorris,
349 4409 368 4454 a
398 4392 554 4472 principis
584 4393 746 4474 dignitate
768 4394 864 4458 cadit.
893 4394 961 4458 Cibi
980 4393 1112 4472 plurimi
1135 4395 1197 4468 est,
1225 4389 1503 4466 voracissimoque

173 4490 342 4553 stomacho
354 4495 515 4570 tanquam
530 4489 661 4555 fornace
675 4492 792 4555 feruet.
809 4494 928 4556 Vinum
942 4493 1068 4572 respuit
1080 4491 1144 4552 nisi
1160 4488 1362 4552 aromatibus
1377 4485 1504 4548 coniec-

171 4593 244 4650 tum
259 4609 266 4650 :
283 4587 373 4668 quod
395 4589 572 4653 alteratum
594 4592 803 4671 speciemque
825 4595 973 4654 mutasse
992 4591 1179 4665 arbitratur,
1202 4594 1237 4651 ut
1260 4591 1389 4651 acetum
1413 4586 1503 4666 quod

172 4703 213 4749 ex
229 4687 306 4748 vino
319 4687 480 4768 gignitur,
506 4704 633 4768 sueque
648 4689 784 4771 originis
797 4689 940 4768 speciem
954 4689 1082 4752 alterat.
1096 4688 1236 4751 Auidius
1250 4685 1333 4749 bibit
1347 4684 1502 4747 comedit·

172 4801 237 4864 que
251 4801 353 4866 quam
364 4787 545 4864 principem
559 4786 684 4864 deceat,
697 4793 733 4851 ut
747 4805 864 4852 vorare
881 4789 992 4866 potius
1007 4804 1108 4866 quam
1123 4786 1222 4850 edere
1234 4801 1310 4847 eum
1324 4783 1502 4846 arbitreris:

171 4885 236 4947 Neo
248 4883 357 4946 edulia
372 4883 453 4946 satis
469 4883 568 4948 dente
583 4887 659 4949 terit
673 4903 738 4968 que
753 4888 787 4948 in
803 4903 839 4948 os
861 4885 964 4948 indita
986 4885 1130 4967 inglutit,
1148 4901 1185 4947 ac
1200 4885 1311 4946 minus
1326 4882 1415 4958 trita,
1431 4899 1506 4960 rap·

173 4983 231 5045 tim
246 4987 359 5061 aperto
383 4982 487 5062 hyatu
508 4977 611 5046 vors'rt.
635 4991 719 5048 Assa
739 4985 872 5064 oppetit,
895 4984 959 5048 lixa
981 4984 1107 5047 fastidit
1123 5004 1131 5046 :
1148 4984 1307 5058 melones,
1322 5000 1419 5058 uuas,
1434 4984 1505 5062 pira

173 5085 273 5159 atque
286 5097 383 5158 poma
406 5084 439 5142 ct
454 5082 615 5162 cuiusque
628 5085 762 5162 generis
783 5082 908 5146 fructus
925 5084 1197 5163 appetentissimo
1219 5082 1355 5144 mandit.
1378 5083 1501 5144 ltodico
