3422 6034
300 458 352 514 400
754 451 930 509 IOHANNIS
955 451 1176 520 BURCHARDI,
1470 453 1544 516 [llum
1556 457 1612 520 llll]

302 610 502 700 existentis,
520 608 595 682 veri
610 606 758 680 beredis
771 607 947 704 genitoris
969 607 1024 679 sui
1046 607 1220 698 defuncti,
1238 629 1260 679 a
1275 603 1429 680 subditis
1450 603 1521 677 suis
1535 605 1615 679 urul-

301 742 377 810 tum
393 733 530 823 dilecti,
548 741 584 840 et
606 734 770 830 germani
793 734 863 822 sui,
890 732 1084 830 imperium
1104 737 1302 807 Turcorum
1326 730 1491 828 regentis
1511 730 1617 804 inimi-

301 861 449 951 cissimi,
465 882 530 958 pro
545 859 653 958 hujus
670 860 722 933 rei
737 859 898 933 faciliore
913 858 1014 932 initio
1031 857 1042 958 (
1066 858 1090 957 ).

351 987 455 1060 feria
487 986 613 1082 quinta
650 991 695 1060 25
727 985 862 1060 mensis
893 985 1027 1073 martii,
1062 985 1195 1059 festum
1228 982 1505 1057 annunciatonis
1526 981 1619 1056 beate

301 1110 583 1208 llarievirginis‚
599 1115 722 1183 Rmns.
735 1115 775 1184 D.
794 1110 986 1184 cardinalis
998 1115 1272 1184 Beneventanus
1284 1107 1480 1183 celebravit
1488 1107 1622 1180 missam

303 1237 502 1309 solemnem
522 1235 566 1308 de
582 1235 707 1332 spiritu
724 1242 848 1310 sancto
867 1236 904 1308 in
925 1235 1064 1333 capella
1078 1235 1253 1332 predicta,
1273 1237 1371 1330 Papa
1390 1239 1428 1308 et
1445 1231 1625 1306 cardinali-

302 1361 368 1433 bus
383 1361 625 1458 presentibus,
648 1368 683 1436 et
703 1383 776 1436 non
794 1361 880 1435 fecit
899 1360 1285 1435 commemorationem
1306 1358 1350 1432 de
1371 1359 1480 1432 beata
1499 1358 1625 1456 virgine

303 1485 416 1558 llarie
430 1509 548 1582 neque
570 1485 614 1558 de
633 1484 735 1572 feria,
754 1487 816 1559 SS.
836 1489 878 1559 l).
898 1488 940 1557 N.
957 1483 1002 1556 ad
1018 1483 1235 1558 sententiam
1250 1491 1286 1556 et
1301 1483 1524 1556 voluntatem
1541 1483 1625 1554 Rmi.

306 1616 348 1684 Ι).
376 1611 566 1684 cardinalis
587 1610 813 1707 Neapolitani
829 1610 879 1684 ita
898 1609 1088 1685 sentientis
1103 1608 1311 1696 mandante,
1329 1629 1395 1705 pro
1412 1629 1457 1682 eo
1474 1605 1628 1704 quodni

306 1737 457 1810 sacrista
479 1736 600 1810 retulit
626 1735 696 1810 boc
723 1759 829 1809 mane
857 1735 1023 1833 inparve
1048 1735 1205 1832 capella,
1231 1733 1343 1808 missa
1368 1733 1414 1807 de
1437 1733 1529 1807 festo
1553 1755 1629 1805 cum

307 1861 396 1936 ferie
412 1861 758 1936 commemoratione
775 1861 871 1936 dicta
886 1868 995 1936 esset.
1249 1939 1253 1946 ,

354 1987 471 2062 Finita
484 1986 606 2076 missa,
624 1994 818 2083 antequam
833 1987 993 2084 pontifex
1009 1985 1142 2084 populo
1159 1984 1372 2060 solemniter
1388 1984 1630 2070 benediceret,

305 2117 346 2186 n.
366 2117 405 2188 P.
424 2118 467 2188 Ι).
491 2116 619 2186 Petrus
642 2113 687 2187 de
704 2112 872 2188 Vicentia
888 2113 1079 2210 episcopus
1101 2111 1367 2198 Cesenatensis‚
1390 2111 1492 2185 curie
1513 2133 1633 2184 causa·

308 2261 388 2310 rum
414 2261 558 2312 camere
583 2220 782 2334 apostolice
805 2237 984 2335 generalis
1009 2236 1164 2326 auditor,
1182 2234 1327 2334 pluviali
1341 2234 1456 2310 rubeo
1477 2243 1631 2332 paratus,

306 2385 415 2459 supra
436 2363 627 2437 rochetum
643 2363 787 2436 mitram
804 2363 1005 2460 simplicem
1028 2361 1195 2436 manibus
1212 2360 1395 2447 deferens,
1417 2361 1571 2436 accessit
1593 2359 1634 2432 ad

304 2485 513 2582 pontificem
539 2489 640 2586 cujus
665 2489 795 2585 pedem
820 2487 1003 2562 osculatus
1018 2495 1087 2576 est,
1111 2495 1147 2562 et
1169 2487 1382 2584 genuflexus
1402 2485 1506 2582 petiit
1529 2485 1636 2560 bene-

305 2611 527 2686 dictionem:
547 2637 616 2709 qua
634 2613 770 2702 habita,
797 2613 1037 2710 indulgentias
1058 2613 1198 2711 accepit
1211 2619 1352 2710 septem
1372 2633 1553 2686 annorum
1573 2635 1635 2708 pu-

304 2737 502 2811 blicandas.
529 2739 646 2812 ltlinus
666 2739 754 2812 mibi
780 2739 973 2814 convenire
994 2739 1184 2814 videbatur
1206 2736 1473 2813 benedictionis
1497 2735 1632 2834 petitio.

306 2887 390 2938 cum
405 2885 478 2938 non
499 2863 543 2938 de
560 2865 747 2960 evangelio
765 2871 826 2940 aut
838 2864 949 2938 verbo
966 2865 1031 2939 Dei
1048 2889 1255 2940 sermonem
1271 2873 1367 2941 esset
1382 2865 1561 2950 facturus,
1577 2859 1651 2933 sed'

306 2987 468 3063 dicturus
495 2996 709 3086 eapropter
731 3012 800 3086 que
822 2989 985 3086 pontifex
1004 2990 1186 3088 principes
1205 2996 1444 3064 convocasset
1468 3013 1476 3060 :
1502 2995 1635 3073 tamen,

305 3115 388 3212 quia
405 3115 455 3189 ita
471 3114 587 3188 visum
607 3121 662 3189 est
680 3119 783 3188 Rmo.
808 3119 851 3188 1).
874 3115 1186 3204 vicecancellario‚
1207 3115 1502 3191 benedictionem
1523 3113 1635 3211 petiit.

306 3241 477 3311 Preterea
502 3237 692 3313 videbatur
714 3243 818 3312 Rmo.
844 3244 887 3314 Ι).
917 3240 1090 3313 cardinali
1117 3265 1146 3314 s.
1178 3242 1290 3314 Marci
1316 3239 1413 3338 quod
1437 3261 1560 3315 sermo
1580 3261 1637 3312 seu

306 3362 420 3437 oratio
451 3363 673 3462 hujusmodi,
711 3365 984 3440 convenientius
1010 3366 1135 3442 babila
1167 3373 1264 3441 esset
1295 3373 1377 3463 post
1413 3361 1637 3462 evengelium
1709 3387 1710 3418 t

306 3511 414 3583 quam
430 3487 534 3577 infra,
561 3513 605 3562 ex
621 3511 665 3564 eo
682 3488 779 3586 quod
797 3489 874 3586 ipse
894 3490 1037 3565 dicebat
1057 3492 1197 3565 nullum
1218 3515 1426 3567 sermonem
1450 3497 1533 3588 post
1558 3489 1638 3562 mis·

307 3637 384 3685 sam
397 3614 476 3687 fieri
499 3613 567 3686 nisi
581 3637 646 3710 pro
661 3613 858 3704 defunctis;
876 3614 913 3687 in
929 3638 1000 3711 quo
1016 3621 1057 3688 R.
1077 3617 1283 3692 Dominatio
1299 3641 1377 3706 sua,
1396 3616 1502 3690 venia
1513 3615 1635 3712 petita,

308 3737 464 3824 errabat,
493 3762 575 3812 cum
596 3739 632 3810 in
650 3739 818 3812 omnibus
846 3741 993 3838 synodis
1018 3747 1054 3816 et
1077 3743 1307 3839 generalibus
1332 3741 1497 3816 conciliis
1522 3759 1637 3815 sermo

309 3863 382 3938 sive
403 3863 518 3937 oratio
533 3862 612 3936 fieri
632 3863 745 3938 soleat
761 3871 842 3962 post
863 3865 1030 3956 missam;
1052 3857 1246 3964 propterea
1261 3875 1297 3942 et
1314 3867 1351 3940 in
1368 3867 1440 3942 boo
1463 3865 1586 3940 officio
1607 3865 1636 3934 in

308 4011 381 4085 quo
397 4011 517 4065 sermo
533 4010 606 4061 non
622 3989 666 4062 de
688 3989 841 4086 epistola
857 3992 914 4066 vel
928 3992 1116 4088 evangelio
1136 3992 1314 4068 hodierno
1334 3992 1398 4067 sed
1415 3991 1461 4065 de
1482 3989 1591 4064 rebus
1605 3989 1635 4060 in

346 4251 371 4305 l.
392 4248 504 4306 Comme
526 4264 562 4305 on
582 4247 617 4306 l’a
639 4265 674 4304 ru
695 4248 917 4322 precedemment
934 4249 970 4322 tp.
987 4249 1050 4312 335,
1069 4253 1133 4304 note
1147 4248 1184 4318 lt,
1202 4245 1283 4304 Zizim
1298 4247 1364 4304 eluit
1383 4245 1408 4302 le
1427 4244 1498 4302 frere
1518 4239 1638 4317 putredo

309 4338 420 4412 Rajazet
435 4337 468 4405 ll,
484 4343 511 4394 et
525 4355 575 4411 par
589 4336 671 4406 suite,
686 4336 712 4393 la
736 4337 893 4394 succession
914 4354 948 4393 au
969 4342 1045 4394 trdne
1062 4338 1096 4394 de
1116 4337 1255 4394 Mabomet
1271 4337 1295 4393 ll
1310 4335 1434 4393 revenait
1447 4335 1482 4390 de
1499 4332 1572 4390 droit
1584 4335 1599 4388 fr
1611 4346 1637 4384 re

310 4426 425 4483 dernier.
437 4426 513 4483 C'est'
524 4427 622 4482 donea
635 4430 690 4483 tort
702 4443 755 4500 que
766 4426 906 4482 Burehard
918 4426 1022 4500 appelle
1035 4427 1114 4484 Zizim
1126 4427 1150 4484 le
1161 4427 1217 4483 urai
1230 4426 1341 4482 heritier
1350 4426 1385 4481 de
1401 4441 1450 4481 son
1467 4427 1543 4496 pere,
1555 4437 1637 4478 errem

309 4515 445 4572 d'ailleurs
456 4531 597 4570 commune
610 4514 774 4588 dplusieurs
786 4514 932 4572 historiens
942 4515 1162 4590 contemporains
1173 4533 1279 4574 comme
1288 4515 1429 4572 lnleesura
1440 4513 1520 4584 (daus
1532 4509 1634 4570 Eeeard.
1708 4529 1709 4548 ¹

310 4612 330 4660 t.
347 4604 382 4674 ll,
398 4603 449 4660 col.
469 4605 560 4674 Ι986);
577 4602 730 4660 Guillaume
745 4603 779 4659 de
794 4603 905 4677 Jaligny
922 4605 1012 4677 (Hfst.
1029 4607 1070 4660 du
1089 4606 1150 4677 Iloy
1169 4607 1291 4665 Oharles
1311 4606 1396 4674 VIII,
1412 4604 1483 4660 dans
1497 4599 1634 4670 Godefrop

312 4712 339 4767 p.
359 4694 415 4765 62),
431 4701 484 4750 etc.
505 4693 524 4748 ll
539 4692 596 4750 faut
610 4691 738 4748 toutefois
753 4711 909 4767 remarquer
923 4713 976 4768 que
997 4696 1078 4751 Zizim
1094 4713 1126 4752 se
1141 4697 1280 4770 regardait
1299 4711 1403 4752 comme
1421 4693 1446 4751 le
1463 4691 1519 4748 urai
1536 4689 1636 4746 beriticr

312 4783 346 4838 de
361 4799 410 4838 son
427 4788 498 4856 pere.
515 4789 542 4839 et
555 4799 608 4856 que
623 4787 681 4838 tout
696 4799 730 4838 en
745 4784 952 4841 reconnaissent
966 4803 1019 4858 que
1035 4785 1145 4859 Bajazet
1159 4785 1184 4840 ll
1199 4783 1265 4839 etait
1284 4799 1333 4840 son
1348 4785 1421 4850 utne,
1437 4780 1455 4836 il
1474 4782 1497 4835 le
1516 4777 1634 4835 considi-

313 4869 365 4928 rait
382 4887 485 4928 comme
502 4887 539 4927 un
562 4877 734 4944 usurpateur,
755 4887 836 4944 perce
855 4889 909 4946 que
928 4873 1037 4930 celui-ei
1051 4873 1118 4930 etait
1132 4873 1272 4946 nequand
1290 4871 1432 4930 ltfahomet
1446 4869 1469 4926 ll
1487 4868 1581 4926 n'etait
1592 4879 1635 4938 pas

314 4974 411 5014 encore
430 4959 479 5015 roi.
501 4959 571 5034 Voy.
594 4959 663 5016 dans
685 4959 711 5014 ln
734 4959 846 5016 relation
873 4961 907 5016 de
930 4961 1063 5019 Ceoursin
1079 4966 1107 5035 (t
1127 4961 1285 5034 l'bppend.‚
1301 4969 1332 5015 n⁰
1347 4959 1394 5032 el)
1409 4958 1434 5015 le
1449 4959 1463 5028 5
1478 4959 1591 5025 Zfzfmp
1603 4952 1637 5006 ad

313 5050 489 5118 Mapirtrum
505 5053 601 5118 verbo,
617 5049 664 5124 qui
679 5049 785 5106 infirme
800 5047 928 5122 f'opinion
947 5049 1081 5106 contraire
1096 5047 1238 5123 d’Attichy
1254 5049 1374 5103 :Floras
1389 5047 1517 5103 historia
1525 5045 1555 5100 S.
1566 5041 1635 5098 ltu.

314 5139 531 5210 cardinalium,
545 5141 642 5209 in-fol.‚
660 5147 680 5197 t.
693 5139 727 5209 ll,
742 5159 768 5214 p.
785 5141 848 5196 412.
