3424 6038
340 480 395 536 268
795 470 971 529 tonannls
997 469 1219 540 abacelam,
1514 474 1575 539 [tutu
1590 481 1651 547 ttmt

340 627 477 704 lelmini
509 631 722 726 procurator
762 624 1034 722 penitentiarie,
1070 623 1217 699 nemine
1254 621 1364 698 oltieii
1400 633 1653 721 procuratorum

341 753 616 852 penitentiarie3
637 773 703 850 pro
717 750 858 826 clericis
878 749 1019 848 registri
1037 749 1341 847 supplicationum
1363 755 1400 824 et
1416 749 1534 824 officio
1546 751 1655 826 collec-

343 887 461 956 torum
495 878 632 977 plumbi
667 900 783 975 nuper
815 877 993 968 instituto,
1031 899 1163 966 nem03
1191 875 1321 970 quibus
1347 875 1400 948 sic
1430 875 1650 971 presentibus.

341 1004 501 1103 prelatus
517 1003 713 1078 Aleriensis
731 1003 821 1076 dixit
836 1001 923 1098 ipsis
941 1004 1004 1076 SS.
1022 1005 1064 1074 D.
1081 1004 1123 1074 N.
1143 999 1371 1074 commisisse
1385 1007 1425 1074 nt
1440 999 1536 1074 dicta
1547 1023 1654 1074 eorum

341 1131 504 1205 audirent
525 1135 560 1204 et
580 1129 779 1218 reserrent3
803 1132 946 1200 attane
974 1130 1016 1199 D.
1043 1126 1233 1214 Antonius,
1258 1125 1401 1199 auditor
1425 1127 1654 1223 penitentialis

343 1255 430 1330 dixit
461 1254 726 1328 abbreviatores
754 1253 933 1350 depereo
963 1251 1092 1349 majori
1128 1251 1344 1348 pretendere
1375 1273 1415 1322 se
1445 1249 1656 1346 scriptoribus

342 1381 594 1480 penitentiaria
618 1379 654 1454 in
675 1377 910 1478 precessione
934 1377 1086 1475 preferri
1109 1376 1256 1466 debere,
1280 1376 1378 1471 quod
1399 1398 1519 1472 neque
1535 1375 1657 1472 dejure

343 1533 471 1584 eorum
486 1531 567 1582 cum
588 1507 625 1580 in
640 1505 701 1579 illo
721 1527 795 1580 non
811 1505 1022 1603 reperiatur,
1045 1527 1164 1599 neque
1186 1525 1230 1576 ex
1247 1499 1432 1599 privilegio
1451 1524 1535 1574 cum
1554 1500 1594 1574 de
1609 1501 1658 1573 illc

344 1657 417 1707 non
437 1637 632 1722 constaret,
655 1653 772 1728 neque
794 1653 838 1704 ex
859 1628 1119 1704 consuetudine
1135 1651 1220 1702 cum
1243 1649 1374 1700 novum
1401 1631 1499 1700 esset
1518 1624 1658 1699 cilicium

345 1766 380 1834 et
391 1759 551 1856 ipsorum
568 1757 784 1855 scriptorum
805 1755 1109 1850 antiquissimum,
1127 1754 1164 1828 id
1180 1753 1302 1826 lacere
1317 1757 1479 1849 possent.

393 1888 444 1958 Ex
472 1883 621 1957 adverso
642 1885 682 1954 L.
710 1881 809 1955 des.
842 1880 1054 1954 Geminiano
1078 1879 1226 1952 nemine
1249 1876 1360 1952 oflicii
1386 1875 1658 1951 abbreviatorem

345 2010 447 2100 dixit,
472 2033 516 2082 ex
544 2006 729 2106 privilegio
754 2005 950 2104 precedere
975 2006 1123 2096 debere,
1150 2027 1234 2078 cum
1255 2025 1382 2077 eorum
1401 2001 1563 2076 officium
1581 2015 1659 2078 esset

343 2137 531 2210 tundalum
553 2157 636 2206 cum
662 2131 829 2207 omnibus
856 2139 892 2205 et
914 2131 1064 2229 singulis
1087 2132 1296 2229 privilegiis,
1322 2130 1606 2205 immunitatibus
1626 2132 1660 2204 ad

344 2263 457 2336 instar
480 2258 591 2334 cilicii
616 2256 834 2354 scriptorum
864 2255 1050 2330 literarum
1082 2257 1363 2354 apostolicarum
1389 2255 1451 2351 qui
1480 2255 1660 2351 scriptores

344 2385 388 2458 de
413 2382 669 2482 penitentiaria
692 2380 944 2479 precederent,
975 2403 1063 2476 ergo
1093 2387 1130 2454 et
1153 2381 1235 2480 ipsi.
1267 2385 1359 2456 Item
1392 2382 1435 2453 Α.
1470 2380 1516 2453 de
1543 2381 1661 2452 Urbim

346 2509 572 2583 abbreviator
605 2507 649 2581 de
680 2529 791 2604 parco
823 2505 952 2602 majori
984 2506 1169 2602 subjunxit
1195 2505 1316 2580 minus
1349 2505 1447 2602 ipsos
1480 2503 1660 2601 precedere

345 2635 479 2708 debere
509 2632 586 2706 sine
613 2631 686 2705 nlla
714 2631 875 2721 ratione;
906 2653 990 2704 nam
1020 2631 1049 2704 si
1076 2631 1218 2706 ratione
1253 2629 1488 2725 antiquitatis,
1520 2628 1659 2703 osticium

345 2757 562 2855 scriptorum
588 2761 665 2830 erat
691 2754 979 2851 antiquissimum
1009 2762 1045 2828 et
1068 2753 1356 2829 abbreviatarum
1380 2755 1617 2842 modernum3
1639 2753 1659 2824 si

344 2881 484 2956 ratione
509 2881 703 2978 privilegii,
731 2879 868 2970 minas,
902 2903 984 2954 cum
1014 2903 1139 2953 eorum
1172 2879 1334 2952 fundatio
1362 2885 1461 2953 esset
1493 2879 1541 2953 ad
1569 2881 1660 2952 instar

344 3006 611 3105 privilegiorum
627 3003 737 3080 olficii
748 3005 979 3102 scriptorum,
993 3011 1029 3078 et
1041 3005 1070 3077 si
1082 3005 1127 3078 ad
1141 3006 1266 3096 instar,
1282 3005 1434 3102 preferri
1442 3029 1518 3080 non
1528 3006 1655 3080 debere.

344 3132 398 3203 Ad
414 3131 517 3236 cujus
531 3131 640 3204 verba
655 3129 841 3228 respondit
857 3133 898 3201 L.
916 3131 961 3204 de
977 3154 1007 3203 a.
1023 3129 1236 3204 Geminiano
1251 3129 1398 3203 nomine
1414 3130 1656 3227 predictorum,
1705 3181 1706 3186 ,

344 3256 453 3329 etiam
474 3279 517 3330 ex
536 3255 722 3353 privilegio
742 3254 892 3352 prelerri
917 3255 1064 3345 debere,
1083 3278 1166 3328 cum
1189 3259 1311 3329 essent
1325 3254 1422 3328 idem
1441 3278 1577 3350 corpas
1594 3277 1657 3329 cun
1705 3263 1706 3266 ’

343 3379 650 3454 abbreviatoribus
665 3381 710 3454 de
725 3403 834 3477 parco
850 3381 989 3480 majore
1005 3382 1064 3478 qui
1080 3382 1178 3478 ipsos
1194 3381 1389 3477 scriptores
1404 3382 1655 3464 antecederent,

345 3513 381 3578 et
396 3505 493 3602 quod
508 3505 567 3579 illa
588 3507 697 3579 verba
716 3505 765 3578 ad
782 3507 907 3597 instar,
933 3507 970 3578 in
992 3507 1153 3603 ipserum
1178 3506 1276 3581 bulla
1295 3504 1475 3602 apposita,
1500 3529 1573 3580 non
1588 3529 1656 3578 cen-

345 3632 543 3705 cernebant
570 3630 838 3729 precedentiam
868 3633 932 3705 sed
953 3632 1218 3730 prerogativam
1242 3632 1279 3705 in
1307 3630 1540 3705 assecutione
1565 3633 1655 3704 bene-

345 3755 525 3830 ficiorum.
545 3755 784 3829 biritona.
808 3756 852 3828 de
873 3756 1023 3843 Urbino,
1045 3757 1143 3854 ipsos
1163 3777 1392 3859 nequaquam
1410 3778 1525 3828 unum
1547 3773 1654 3848 corpus

346 3905 427 3956 esse
443 3903 526 3954 cum
541 3880 848 3955 abbreviatoribus
864 3881 908 3954 de
924 3903 1034 3978 parco
1052 3882 1206 3978 majore,
1217 3880 1283 3954 sed
1298 3879 1342 3952 de
1355 3879 1464 3976 longe
1481 3879 1651 3954 diversam.

345 4011 436 4080 ltem
451 4010 495 4084 V.
514 4007 559 4079 de
572 4005 717 4080 Giochis
732 4007 880 4080 nemine
897 4006 1006 4080 oflicii
1022 4007 1284 4085 solicitatorum
1303 4009 1404 4100 dixit,
1421 4013 1651 4106 procuratores

345 4129 650 4205 contradictarum
662 4131 760 4228 ipses
775 4131 972 4227 precedere
992 4131 1095 4223 velle,
1122 4159 1205 4210 cum
1226 4136 1293 4233 ipsi
1315 4134 1555 4209 solicitatores
1567 4133 1651 4224 longe

243 4254 245 4262 '
345 4257 528 4353 digniores
555 4264 677 4331 essent
701 4256 786 4354 ipsis
814 4258 1124 4353 procuratoribus,
1149 4261 1211 4356 qui
1233 4265 1370 4334 tantum
1392 4259 1519 4334 literas
1539 4253 1649 4357 justitie

345 4383 556 4480 expedirent
582 4406 650 4480 per
674 4384 809 4458 termas
840 4383 1023 4474 limitatas,
1055 4391 1092 4458 et
1120 4391 1243 4460 essent
1270 4385 1416 4474 notarii,
1453 4385 1549 4481 qnod
1575 4381 1646 4455 esset
1707 4409 1708 4458 a

344 4507 555 4581 vilissimum
569 4505 729 4580 cilicium
747 4531 754 4596 ;
770 4507 838 4604 ipsi
847 4528 931 4580 vero
944 4507 1183 4583 solicitatores
1196 4506 1419 4582 solicitarent
1432 4521 1646 4604 quascumque

343 4632 466 4706 literas
488 4631 719 4729 apostolicas,
745 4631 897 4729 gratiam
921 4637 957 4706 et
980 4631 1157 4728 justitiam
1184 4639 1460 4724 concernentes,
1487 4639 1646 4731 propterea

344 4756 442 4851 ipsos
470 4779 551 4830 esse
572 4755 768 4829 familiares
799 4759 895 4853 Pape
923 4761 959 4829 et
987 4755 1174 4853 privilegia
1194 4755 1330 4832 habere
1358 4757 1404 4832 ad
1425 4757 1536 4831 instar
1561 4743 1644 4826 effici

345 4880 869 4979 scriptorumapostelicorum.

395 5004 530 5089 Quibus
547 5009 590 5079 D.
609 5007 792 5080 lohannes
810 5008 970 5104 Urtbega
984 5007 1171 5108 respondit
1185 5032 1251 5106 pro
1262 5008 1384 5084 officie
1400 5011 1640 5107 procuratorum

344 5129 441 5224 quod
464 5130 583 5225 ipsum
607 5131 768 5206 cilicium
801 5141 897 5208 esset
922 5134 1227 5231 antiquissimum,
1254 5141 1290 5208 et
1314 5158 1380 5232 per
1398 5137 1457 5232 jas
1480 5141 1640 5208 commune
