<?xml version="1.0" encoding="UTF-8"?>
<!DOCTYPE html PUBLIC "-//W3C//DTD XHTML 1.0 Transitional//EN"
    "http://www.w3.org/TR/xhtml1/DTD/xhtml1-transitional.dtd">
<html xmlns="http://www.w3.org/1999/xhtml" xml:lang="en" lang="en">
 <head>
  <title>
</title>
<meta http-equiv="Content-Type" content="text/html;charset=utf-8" />
  <meta name='ocr-system' content='tesseract 3.04.00' />
  <meta name='ocr-capabilities' content='ocr_page ocr_carea ocr_par ocr_line ocrx_word'/>
</head>
<body>
  <div class='ocr_page' id='page_1' title='image "./johannisburchar02burcgoog/johannisburchar02burcgoog_0468.png"; bbox 0 0 3508 6034; ppageno 0'>
   <div class='ocr_carea' id='block_1_1' title="bbox 169 451 1501 524">
    <p class='ocr_par' dir='ltr' id='par_1_1' title="bbox 169 451 1501 524">
     <span class='ocr_line' id='line_1_1' title="bbox 169 451 1501 524; baseline 0.011 -16"><span class='ocrx_word' id='word_1_1' title='bbox 169 459 253 524; x_wconf 74' lang='lat' dir='ltr'><strong>{ttars</strong></span> <span class='ocrx_word' id='word_1_2' title='bbox 271 455 337 520; x_wconf 79' lang='lat' dir='ltr'><strong>tt92]</strong></span> <span class='ocrx_word' id='word_1_3' title='bbox 501 452 627 510; x_wconf 82' lang='lat' dir='ltr'>RERUM</span> <span class='ocrx_word' id='word_1_4' title='bbox 653 451 880 512; x_wconf 67' lang='lat' dir='ltr'>UHBANARUM</span> <span class='ocrx_word' id='word_1_5' title='bbox 904 453 1166 516; x_wconf 82' lang='lat' dir='ltr'><strong>COMMENTAllll.</strong></span> <span class='ocrx_word' id='word_1_6' title='bbox 1448 466 1501 522; x_wconf 80' lang='lat'><strong>453</strong></span> 
     </span>
    </p>
   </div>
   <div class='ocr_carea' id='block_1_2' title="bbox 156 606 1570 5200">
    <p class='ocr_par' dir='ltr' id='par_1_2' title="bbox 165 606 1500 1333">
     <span class='ocr_line' id='line_1_2' title="bbox 167 606 1500 690; baseline 0.004 -4"><span class='ocrx_word' id='word_1_7' title='bbox 167 613 296 686; x_wconf 92' lang='lat' dir='ltr'><strong>habitu</strong></span> <span class='ocrx_word' id='word_1_8' title='bbox 311 608 523 686; x_wconf 77' lang='lat' dir='ltr'><strong>cardinalari</strong></span> <span class='ocrx_word' id='word_1_9' title='bbox 535 606 677 681; x_wconf 89' lang='lat' dir='ltr'><strong>intravit</strong></span> <span class='ocrx_word' id='word_1_10' title='bbox 696 606 915 682; x_wconf 73' lang='lat' dir='ltr'><strong>Florentiam</strong></span> <span class='ocrx_word' id='word_1_11' title='bbox 940 613 976 682; x_wconf 90' lang='lat' dir='ltr'><strong>et</strong></span> <span class='ocrx_word' id='word_1_12' title='bbox 993 616 1077 682; x_wconf 89' lang='lat' dir='ltr'><strong>aute</strong></span> <span class='ocrx_word' id='word_1_13' title='bbox 1095 610 1287 688; x_wconf 89' lang='lat' dir='ltr'><strong>ecclesiam</strong></span> <span class='ocrx_word' id='word_1_14' title='bbox 1304 622 1500 690; x_wconf 90' lang='lat' dir='ltr'><strong>convontus</strong></span> 
     </span>
     <span class='ocr_line' id='line_1_3' title="bbox 166 731 1498 817; baseline 0.002 -5"><span class='ocrx_word' id='word_1_15' title='bbox 166 736 396 812; x_wconf 79' lang='lat' dir='ltr'><strong>Annuneiate</strong></span> <span class='ocrx_word' id='word_1_16' title='bbox 424 759 444 808; x_wconf 90' lang='lat' dir='ltr'><strong>e</strong></span> <span class='ocrx_word' id='word_1_17' title='bbox 468 731 806 808; x_wconf 89' lang='lat' dir='ltr'><strong>muladesceudens</strong></span> <span class='ocrx_word' id='word_1_18' title='bbox 830 733 972 808; x_wconf 90' lang='lat' dir='ltr'><strong>intravit</strong></span> <span class='ocrx_word' id='word_1_19' title='bbox 988 735 1154 810; x_wconf 88' lang='lat' dir='ltr'><strong>eamdem</strong></span> <span class='ocrx_word' id='word_1_20' title='bbox 1176 737 1369 813; x_wconf 89' lang='lat' dir='ltr'><strong>ecclesiam</strong></span> <span class='ocrx_word' id='word_1_21' title='bbox 1394 740 1498 817; x_wconf 90' lang='lat' dir='ltr'><strong>beate</strong></span> 
     </span>
     <span class='ocr_line' id='line_1_4' title="bbox 165 856 1497 958; baseline 0.001 -22"><span class='ocrx_word' id='word_1_22' title='bbox 165 862 280 936; x_wconf 86' lang='lat' dir='ltr'><strong>Maria</strong></span> <span class='ocrx_word' id='word_1_23' title='bbox 293 861 452 958; x_wconf 90' lang='lat' dir='ltr'><strong>virginis,</strong></span> <span class='ocrx_word' id='word_1_24' title='bbox 468 881 534 956; x_wconf 95' lang='lat' dir='ltr'><strong>pro</strong></span> <span class='ocrx_word' id='word_1_25' title='bbox 553 856 732 932; x_wconf 86' lang='lat' dir='ltr'><strong>beneficio</strong></span> <span class='ocrx_word' id='word_1_26' title='bbox 756 858 888 954; x_wconf 78' lang='lat' dir='ltr'><strong>gratias</strong></span> <span class='ocrx_word' id='word_1_27' title='bbox 911 881 1036 954; x_wconf 89' lang='lat' dir='ltr'><strong>agens.</strong></span> <span class='ocrx_word' id='word_1_28' title='bbox 1061 862 1225 932; x_wconf 83' lang='lat' dir='ltr'><strong>Ascensa</strong></span> <span class='ocrx_word' id='word_1_29' title='bbox 1242 858 1372 934; x_wconf 90' lang='lat' dir='ltr'><strong>deinde</strong></span> <span class='ocrx_word' id='word_1_30' title='bbox 1386 863 1497 952; x_wconf 86' lang='lat' dir='ltr'><strong>mula,</strong></span> 
     </span>
     <span class='ocr_line' id='line_1_5' title="bbox 168 981 1500 1086; baseline 0 -26"><span class='ocrx_word' id='word_1_31' title='bbox 168 986 344 1086; x_wconf 89' lang='lat' dir='ltr'><strong>equitavit</strong></span> <span class='ocrx_word' id='word_1_32' title='bbox 355 986 401 1060; x_wconf 89' lang='lat' dir='ltr'><strong>ad</strong></span> <span class='ocrx_word' id='word_1_33' title='bbox 413 983 585 1084; x_wconf 89' lang='lat' dir='ltr'><strong>palatium</strong></span> <span class='ocrx_word' id='word_1_34' title='bbox 600 981 786 1056; x_wconf 79' lang='lat' dir='ltr'><strong>vexilliferi</strong></span> <span class='ocrx_word' id='word_1_35' title='bbox 803 981 941 1078; x_wconf 91' lang='lat' dir='ltr'><strong>justitie</strong></span> <span class='ocrx_word' id='word_1_36' title='bbox 962 990 997 1054; x_wconf 91' lang='lat' dir='ltr'><strong>et</strong></span> <span class='ocrx_word' id='word_1_37' title='bbox 1019 983 1182 1080; x_wconf 86' lang='lat' dir='ltr'><strong>priorum</strong></span> <span class='ocrx_word' id='word_1_38' title='bbox 1202 984 1324 1082; x_wconf 92' lang='lat' dir='ltr'><strong>populi</strong></span> <span class='ocrx_word' id='word_1_39' title='bbox 1350 987 1500 1060; x_wconf 88' lang='lat' dir='ltr'><strong>Floren-</strong></span> 
     </span>
     <span class='ocr_line' id='line_1_6' title="bbox 170 1106 1499 1204; baseline 0.002 -19"><span class='ocrx_word' id='word_1_40' title='bbox 170 1111 250 1200; x_wconf 91' lang='lat' dir='ltr'><strong>tiui,</strong></span> <span class='ocrx_word' id='word_1_41' title='bbox 267 1110 328 1184; x_wconf 93' lang='lat' dir='ltr'><strong>ubi</strong></span> <span class='ocrx_word' id='word_1_42' title='bbox 342 1108 568 1184; x_wconf 90' lang='lat' dir='ltr'><strong>descendens</strong></span> <span class='ocrx_word' id='word_1_43' title='bbox 579 1113 616 1182; x_wconf 93' lang='lat' dir='ltr'><strong>et</strong></span> <span class='ocrx_word' id='word_1_44' title='bbox 628 1107 674 1182; x_wconf 91' lang='lat' dir='ltr'><strong>ad</strong></span> <span class='ocrx_word' id='word_1_45' title='bbox 683 1107 763 1182; x_wconf 90' lang='lat' dir='ltr'><strong>illos</strong></span> <span class='ocrx_word' id='word_1_46' title='bbox 778 1107 994 1196; x_wconf 85' lang='lat' dir='ltr'><strong>ascendens,</strong></span> <span class='ocrx_word' id='word_1_47' title='bbox 1009 1107 1120 1180; x_wconf 88' lang='lat' dir='ltr'><strong>etiam</strong></span> <span class='ocrx_word' id='word_1_48' title='bbox 1136 1106 1222 1204; x_wconf 89' lang='lat' dir='ltr'><strong>ipsis</strong></span> <span class='ocrx_word' id='word_1_49' title='bbox 1238 1130 1304 1204; x_wconf 89' lang='lat' dir='ltr'><strong>pro</strong></span> <span class='ocrx_word' id='word_1_50' title='bbox 1321 1108 1499 1188; x_wconf 81' lang='lat' dir='ltr'><strong>favoribus</strong></span> 
     </span>
     <span class='ocr_line' id='line_1_7' title="bbox 169 1231 1360 1333; baseline -0.003 -24"><span class='ocrx_word' id='word_1_51' title='bbox 169 1235 305 1333; x_wconf 89' lang='lat' dir='ltr'><strong>gratias</strong></span> <span class='ocrx_word' id='word_1_52' title='bbox 319 1233 457 1322; x_wconf 90' lang='lat' dir='ltr'><strong>retulit;</strong></span> <span class='ocrx_word' id='word_1_53' title='bbox 472 1239 547 1306; x_wconf 91' lang='lat' dir='ltr'><strong>tum</strong></span> <span class='ocrx_word' id='word_1_54' title='bbox 563 1233 609 1306; x_wconf 91' lang='lat' dir='ltr'><strong>ad</strong></span> <span class='ocrx_word' id='word_1_55' title='bbox 621 1231 767 1306; x_wconf 92' lang='lat' dir='ltr'><strong>domum</strong></span> <span class='ocrx_word' id='word_1_56' title='bbox 782 1233 962 1308; x_wconf 85' lang='lat' dir='ltr'><strong>Laurentii</strong></span> <span class='ocrx_word' id='word_1_57' title='bbox 978 1232 1089 1330; x_wconf 90' lang='lat' dir='ltr'><strong>patris</strong></span> <span class='ocrx_word' id='word_1_58' title='bbox 1106 1233 1159 1305; x_wconf 90' lang='lat' dir='ltr'><strong>sui</strong></span> <span class='ocrx_word' id='word_1_59' title='bbox 1177 1233 1360 1330; x_wconf 89' lang='lat' dir='ltr'><strong>equitavit.</strong></span> 
     </span>
    </p>

    <p class='ocr_par' dir='ltr' id='par_1_3' title="bbox 163 1357 1570 2706">
     <span class='ocr_line' id='line_1_8' title="bbox 219 1357 1495 1456; baseline 0.002 -24"><span class='ocrx_word' id='word_1_60' title='bbox 219 1357 409 1432; x_wconf 88' lang='lat' dir='ltr'><strong>Dominica</strong></span> <span class='ocrx_word' id='word_1_61' title='bbox 422 1357 599 1456; x_wconf 82' lang='lat' dir='ltr'><strong>sequenti,</strong></span> <span class='ocrx_word' id='word_1_62' title='bbox 618 1363 656 1430; x_wconf 89' lang='lat' dir='ltr'><strong>tt</strong></span> <span class='ocrx_word' id='word_1_63' title='bbox 674 1357 1046 1448; x_wconf 85' lang='lat' dir='ltr'><strong>dictimensismartii‚</strong></span> <span class='ocrx_word' id='word_1_64' title='bbox 1063 1357 1495 1452; x_wconf 90' lang='lat' dir='ltr'><strong>cardinalismemoratus‚</strong></span> 
     </span>
     <span class='ocr_line' id='line_1_9' title="bbox 166 1481 1498 1582; baseline 0.002 -24"><span class='ocrx_word' id='word_1_65' title='bbox 166 1484 368 1558; x_wconf 74' lang='lat' dir='ltr'><strong>associatus</strong></span> <span class='ocrx_word' id='word_1_66' title='bbox 383 1507 405 1558; x_wconf 90' lang='lat' dir='ltr'><strong>a</strong></span> <span class='ocrx_word' id='word_1_67' title='bbox 418 1481 668 1582; x_wconf 86' lang='lat' dir='ltr'><strong>copiosissimo</strong></span> <span class='ocrx_word' id='word_1_68' title='bbox 687 1505 838 1555; x_wconf 90' lang='lat' dir='ltr'><strong>numero</strong></span> <span class='ocrx_word' id='word_1_69' title='bbox 855 1483 985 1556; x_wconf 88' lang='lat' dir='ltr'><strong>civium</strong></span> <span class='ocrx_word' id='word_1_70' title='bbox 996 1481 1302 1574; x_wconf 89' lang='lat' dir='ltr'><strong>Florentinorum,</strong></span> <span class='ocrx_word' id='word_1_71' title='bbox 1319 1487 1498 1560; x_wconf 91' lang='lat' dir='ltr'><strong>mantellis</strong></span> 
     </span>
     <span class='ocr_line' id='line_1_10' title="bbox 166 1585 1570 1706; baseline 0 -24"><span class='ocrx_word' id='word_1_72' title='bbox 166 1609 329 1684; x_wconf 89' lang='lat' dir='ltr'><strong>rosaceis</strong></span> <span class='ocrx_word' id='word_1_73' title='bbox 353 1617 390 1683; x_wconf 88' lang='lat' dir='ltr'><strong>et</strong></span> <span class='ocrx_word' id='word_1_74' title='bbox 417 1609 543 1682; x_wconf 87' lang='lat' dir='ltr'><strong>subtus</strong></span> <span class='ocrx_word' id='word_1_75' title='bbox 569 1607 707 1682; x_wconf 88' lang='lat' dir='ltr'><strong>vestitis</strong></span> <span class='ocrx_word' id='word_1_76' title='bbox 733 1629 777 1680; x_wconf 86' lang='lat' dir='ltr'><strong>ex</strong></span> <span class='ocrx_word' id='word_1_77' title='bbox 800 1607 915 1682; x_wconf 90' lang='lat' dir='ltr'><strong>serico</strong></span> <span class='ocrx_word' id='word_1_78' title='bbox 942 1606 1086 1681; x_wconf 88' lang='lat' dir='ltr'><strong>violatio</strong></span> <span class='ocrx_word' id='word_1_79' title='bbox 1122 1611 1315 1704; x_wconf 89' lang='lat' dir='ltr'><strong>propterea</strong></span> <span class='ocrx_word' id='word_1_80' title='bbox 1337 1608 1381 1706; x_wconf 90' lang='lat' dir='ltr'><strong>de</strong></span> <span class='ocrx_word' id='word_1_81' title='bbox 1406 1634 1497 1682; x_wconf 94' lang='lat' dir='ltr'><strong>novo</strong></span> <span class='ocrx_word' id='word_1_82' title='bbox 1561 1585 1570 1602; x_wconf 63' lang='grc'>’</span> 
     </span>
     <span class='ocr_line' id='line_1_11' title="bbox 165 1732 1499 1834; baseline 0.002 -26"><span class='ocrx_word' id='word_1_83' title='bbox 165 1735 270 1809; x_wconf 85' lang='lat' dir='ltr'><strong>tactis</strong></span> <span class='ocrx_word' id='word_1_84' title='bbox 293 1734 515 1825; x_wconf 89' lang='lat' dir='ltr'><strong>indutorum,</strong></span> <span class='ocrx_word' id='word_1_85' title='bbox 535 1735 631 1808; x_wconf 88' lang='lat' dir='ltr'><strong>venit</strong></span> <span class='ocrx_word' id='word_1_86' title='bbox 654 1735 699 1806; x_wconf 90' lang='lat' dir='ltr'><strong>ad</strong></span> <span class='ocrx_word' id='word_1_87' title='bbox 721 1732 914 1806; x_wconf 87' lang='lat' dir='ltr'><strong>ecclesiam</strong></span> <span class='ocrx_word' id='word_1_88' title='bbox 938 1737 1060 1806; x_wconf 89' lang='lat' dir='ltr'><strong>sancte</strong></span> <span class='ocrx_word' id='word_1_89' title='bbox 1087 1735 1265 1830; x_wconf 90' lang='lat' dir='ltr'><strong>Reparate</strong></span> <span class='ocrx_word' id='word_1_90' title='bbox 1292 1737 1499 1834; x_wconf 90' lang='lat' dir='ltr'><strong>metropoli-</strong></span> 
     </span>
     <span class='ocr_line' id='line_1_12' title="bbox 166 1857 1496 1956; baseline 0.004 -24"><span class='ocrx_word' id='word_1_91' title='bbox 166 1864 251 1934; x_wconf 90' lang='lat' dir='ltr'><strong>tane</strong></span> <span class='ocrx_word' id='word_1_92' title='bbox 275 1858 495 1952; x_wconf 86' lang='lat' dir='ltr'><strong>Florentine,</strong></span> <span class='ocrx_word' id='word_1_93' title='bbox 520 1859 581 1934; x_wconf 92' lang='lat' dir='ltr'><strong>ubi</strong></span> <span class='ocrx_word' id='word_1_94' title='bbox 610 1858 771 1932; x_wconf 86' lang='lat' dir='ltr'><strong>interluit</strong></span> <span class='ocrx_word' id='word_1_95' title='bbox 796 1858 907 1934; x_wconf 85' lang='lat' dir='ltr'><strong>misse</strong></span> <span class='ocrx_word' id='word_1_96' title='bbox 933 1857 1086 1930; x_wconf 88' lang='lat' dir='ltr'><strong>solemni</strong></span> <span class='ocrx_word' id='word_1_97' title='bbox 1116 1880 1184 1954; x_wconf 91' lang='lat' dir='ltr'><strong>per</strong></span> <span class='ocrx_word' id='word_1_98' title='bbox 1211 1858 1425 1956; x_wconf 90' lang='lat' dir='ltr'><strong>episcopum</strong></span> <span class='ocrx_word' id='word_1_99' title='bbox 1454 1865 1496 1936; x_wconf 88' lang='lat' dir='ltr'><strong>R.</strong></span> 
     </span>
     <span class='ocr_line' id='line_1_13' title="bbox 165 1981 1497 2082; baseline 0.003 -26"><span class='ocrx_word' id='word_1_100' title='bbox 165 1981 204 2056; x_wconf 92' lang='lat' dir='ltr'><strong>in</strong></span> <span class='ocrx_word' id='word_1_101' title='bbox 232 1983 374 2058; x_wconf 84' lang='lat' dir='ltr'><strong>Christo</strong></span> <span class='ocrx_word' id='word_1_102' title='bbox 395 1984 506 2082; x_wconf 88' lang='lat' dir='ltr'><strong>patris</strong></span> <span class='ocrx_word' id='word_1_103' title='bbox 537 1987 578 2057; x_wconf 90' lang='lat' dir='ltr'><strong>D.</strong></span> <span class='ocrx_word' id='word_1_104' title='bbox 611 1984 884 2082; x_wconf 68' lang='lat' dir='ltr'><strong>archiepiscopi</strong></span> <span class='ocrx_word' id='word_1_105' title='bbox 918 1983 1115 2058; x_wconf 90' lang='lat' dir='ltr'><strong>Florentiui</strong></span> <span class='ocrx_word' id='word_1_106' title='bbox 1149 1983 1185 2056; x_wconf 92' lang='lat' dir='ltr'><strong>in</strong></span> <span class='ocrx_word' id='word_1_107' title='bbox 1230 1985 1497 2082; x_wconf 81' lang='lat' dir='ltr'><strong>pontificalibus</strong></span> 
     </span>
     <span class='ocr_line' id='line_1_14' title="bbox 163 2107 1496 2208; baseline 0.003 -27"><span class='ocrx_word' id='word_1_108' title='bbox 163 2107 337 2184; x_wconf 90' lang='lat' dir='ltr'><strong>vicarium</strong></span> <span class='ocrx_word' id='word_1_109' title='bbox 352 2109 547 2200; x_wconf 88' lang='lat' dir='ltr'><strong>celebrate,</strong></span> <span class='ocrx_word' id='word_1_110' title='bbox 566 2110 625 2184; x_wconf 91' lang='lat' dir='ltr'><strong>cui</strong></span> <span class='ocrx_word' id='word_1_111' title='bbox 641 2110 749 2184; x_wconf 90' lang='lat' dir='ltr'><strong>etiam</strong></span> <span class='ocrx_word' id='word_1_112' title='bbox 766 2109 1003 2184; x_wconf 78' lang='lat' dir='ltr'><strong>interfuerunt</strong></span> <span class='ocrx_word' id='word_1_113' title='bbox 1022 2107 1290 2182; x_wconf 83' lang='lat' dir='ltr'><strong>confalonerius</strong></span> <span class='ocrx_word' id='word_1_114' title='bbox 1305 2117 1341 2184; x_wconf 90' lang='lat' dir='ltr'><strong>et</strong></span> <span class='ocrx_word' id='word_1_115' title='bbox 1358 2112 1496 2208; x_wconf 87' lang='lat' dir='ltr'><strong>priores</strong></span> 
     </span>
     <span class='ocr_line' id='line_1_15' title="bbox 164 2232 1496 2334; baseline 0.003 -26"><span class='ocrx_word' id='word_1_116' title='bbox 164 2235 288 2334; x_wconf 92' lang='lat' dir='ltr'><strong>populi</strong></span> <span class='ocrx_word' id='word_1_117' title='bbox 310 2234 503 2332; x_wconf 82' lang='lat' dir='ltr'><strong>supradicti</strong></span> <span class='ocrx_word' id='word_1_118' title='bbox 515 2259 523 2324; x_wconf 93' lang='lat'>;</span> <span class='ocrx_word' id='word_1_119' title='bbox 545 2258 616 2332; x_wconf 91' lang='lat' dir='ltr'><strong>qua</strong></span> <span class='ocrx_word' id='word_1_120' title='bbox 633 2235 735 2308; x_wconf 88' lang='lat' dir='ltr'><strong>linita</strong></span> <span class='ocrx_word' id='word_1_121' title='bbox 755 2234 946 2309; x_wconf 89' lang='lat' dir='ltr'><strong>cardinalis</strong></span> <span class='ocrx_word' id='word_1_122' title='bbox 968 2232 1118 2306; x_wconf 89' lang='lat' dir='ltr'><strong>visitavit</strong></span> <span class='ocrx_word' id='word_1_123' title='bbox 1145 2233 1262 2329; x_wconf 93' lang='lat' dir='ltr'><strong>primo</strong></span> <span class='ocrx_word' id='word_1_124' title='bbox 1280 2237 1393 2310; x_wconf 92' lang='lat' dir='ltr'><strong>sancti</strong></span> <span class='ocrx_word' id='word_1_125' title='bbox 1407 2240 1496 2312; x_wconf 89' lang='lat' dir='ltr'><strong>Lau-</strong></span> 
     </span>
     <span class='ocr_line' id='line_1_16' title="bbox 166 2357 1494 2455; baseline 0.005 -25"><span class='ocrx_word' id='word_1_126' title='bbox 166 2358 271 2432; x_wconf 89' lang='lat' dir='ltr'><strong>rentii</strong></span> <span class='ocrx_word' id='word_1_127' title='bbox 306 2357 513 2449; x_wconf 85' lang='lat' dir='ltr'><strong>ecclesiam,</strong></span> <span class='ocrx_word' id='word_1_128' title='bbox 545 2366 623 2432; x_wconf 94' lang='lat' dir='ltr'><strong>tum</strong></span> <span class='ocrx_word' id='word_1_129' title='bbox 664 2357 709 2432; x_wconf 91' lang='lat' dir='ltr'><strong>ad</strong></span> <span class='ocrx_word' id='word_1_130' title='bbox 748 2358 896 2432; x_wconf 93' lang='lat' dir='ltr'><strong>domum</strong></span> <span class='ocrx_word' id='word_1_131' title='bbox 936 2357 1089 2455; x_wconf 88' lang='lat' dir='ltr'><strong>patriam</strong></span> <span class='ocrx_word' id='word_1_132' title='bbox 1127 2379 1291 2430; x_wconf 89' lang='lat' dir='ltr'><strong>reversus</strong></span> <span class='ocrx_word' id='word_1_133' title='bbox 1330 2365 1398 2450; x_wconf 87' lang='lat' dir='ltr'><strong>est,</strong></span> <span class='ocrx_word' id='word_1_134' title='bbox 1435 2361 1494 2438; x_wconf 92' lang='lat' dir='ltr'><strong>ubi</strong></span> 
     </span>
     <span class='ocr_line' id='line_1_17' title="bbox 165 2480 1495 2581; baseline 0.002 -25"><span class='ocrx_word' id='word_1_135' title='bbox 165 2483 356 2580; x_wconf 89' lang='lat' dir='ltr'><strong>prandium</strong></span> <span class='ocrx_word' id='word_1_136' title='bbox 372 2489 537 2580; x_wconf 88' lang='lat' dir='ltr'><strong>paratum</strong></span> <span class='ocrx_word' id='word_1_137' title='bbox 553 2489 630 2558; x_wconf 85' lang='lat' dir='ltr'><strong>erat</strong></span> <span class='ocrx_word' id='word_1_138' title='bbox 643 2506 709 2581; x_wconf 92' lang='lat' dir='ltr'><strong>pro</strong></span> <span class='ocrx_word' id='word_1_139' title='bbox 725 2482 985 2574; x_wconf 81' lang='lat' dir='ltr'><strong>confalonerio,</strong></span> <span class='ocrx_word' id='word_1_140' title='bbox 1010 2480 1189 2578; x_wconf 89' lang='lat' dir='ltr'><strong>prioribus</strong></span> <span class='ocrx_word' id='word_1_141' title='bbox 1213 2483 1440 2580; x_wconf 86' lang='lat' dir='ltr'><strong>supradictis,</strong></span> <span class='ocrx_word' id='word_1_142' title='bbox 1459 2495 1495 2559; x_wconf 91' lang='lat' dir='ltr'><strong>et</strong></span> 
     </span>
     <span class='ocr_line' id='line_1_18' title="bbox 165 2605 1222 2706; baseline -0.003 -24"><span class='ocrx_word' id='word_1_143' title='bbox 165 2608 303 2692; x_wconf 86' lang='lat' dir='ltr'><strong>civibus</strong></span> <span class='ocrx_word' id='word_1_144' title='bbox 318 2607 363 2682; x_wconf 93' lang='lat' dir='ltr'><strong>de</strong></span> <span class='ocrx_word' id='word_1_145' title='bbox 379 2607 595 2705; x_wconf 89' lang='lat' dir='ltr'><strong>regimento,</strong></span> <span class='ocrx_word' id='word_1_146' title='bbox 608 2629 761 2682; x_wconf 87' lang='lat' dir='ltr'><strong>numero</strong></span> <span class='ocrx_word' id='word_1_147' title='bbox 775 2607 1035 2706; x_wconf 85' lang='lat' dir='ltr'><strong>quinquaginta</strong></span> <span class='ocrx_word' id='word_1_148' title='bbox 1045 2606 1099 2680; x_wconf 90' lang='lat' dir='ltr'><strong>vel</strong></span> <span class='ocrx_word' id='word_1_149' title='bbox 1113 2605 1222 2679; x_wconf 89' lang='lat' dir='ltr'><strong>circa.</strong></span> 
     </span>
    </p>

    <p class='ocr_par' dir='ltr' id='par_1_4' title="bbox 161 2731 1495 3457">
     <span class='ocr_line' id='line_1_19' title="bbox 214 2731 1495 2831; baseline 0.002 -23"><span class='ocrx_word' id='word_1_150' title='bbox 214 2733 370 2808; x_wconf 88' lang='lat' dir='ltr'><strong>Prandio</strong></span> <span class='ocrx_word' id='word_1_151' title='bbox 386 2733 582 2831; x_wconf 85' lang='lat' dir='ltr'><strong>completo,</strong></span> <span class='ocrx_word' id='word_1_152' title='bbox 596 2732 652 2806; x_wconf 89' lang='lat' dir='ltr'><strong>vel</strong></span> <span class='ocrx_word' id='word_1_153' title='bbox 667 2731 777 2807; x_wconf 89' lang='lat' dir='ltr'><strong>etiam</strong></span> <span class='ocrx_word' id='word_1_154' title='bbox 789 2732 933 2806; x_wconf 89' lang='lat' dir='ltr'><strong>interim</strong></span> <span class='ocrx_word' id='word_1_155' title='bbox 946 2735 1109 2830; x_wconf 80' lang='lat' dir='ltr'><strong>proJ&#39;ecte</strong></span> <span class='ocrx_word' id='word_1_156' title='bbox 1125 2736 1271 2810; x_wconf 86' lang='lat' dir='ltr'><strong>luerunt</strong></span> <span class='ocrx_word' id='word_1_157' title='bbox 1286 2741 1387 2810; x_wconf 85' lang='lat' dir='ltr'><strong>extra</strong></span> <span class='ocrx_word' id='word_1_158' title='bbox 1400 2742 1495 2810; x_wconf 88' lang='lat' dir='ltr'><strong>stan-</strong></span> 
     </span>
     <span class='ocr_line' id='line_1_20' title="bbox 164 2857 1494 2966; baseline 0.001 -33"><span class='ocrx_word' id='word_1_159' title='bbox 164 2861 261 2966; x_wconf 84' lang='lat' dir='ltr'><strong>tibus</strong></span> <span class='ocrx_word' id='word_1_160' title='bbox 273 2859 414 2956; x_wconf 90' lang='lat' dir='ltr'><strong>populis</strong></span> <span class='ocrx_word' id='word_1_161' title='bbox 428 2858 676 2932; x_wconf 88' lang='lat' dir='ltr'><strong>conlectiones</strong></span> <span class='ocrx_word' id='word_1_162' title='bbox 687 2857 890 2932; x_wconf 89' lang='lat' dir='ltr'><strong>successive</strong></span> <span class='ocrx_word' id='word_1_163' title='bbox 904 2859 965 2931; x_wconf 90' lang='lat' dir='ltr'><strong>illa</strong></span> <span class='ocrx_word' id='word_1_164' title='bbox 976 2859 1034 2934; x_wconf 90' lang='lat' dir='ltr'><strong>die</strong></span> <span class='ocrx_word' id='word_1_165' title='bbox 1044 2859 1135 2932; x_wconf 86' lang='lat' dir='ltr'><strong>libre</strong></span> <span class='ocrx_word' id='word_1_166' title='bbox 1145 2860 1416 2934; x_wconf 78' lang='lat' dir='ltr'><strong>circitertoeoo</strong></span> <span class='ocrx_word' id='word_1_167' title='bbox 1433 2889 1440 2932; x_wconf 92' lang='lat'>:</span> <span class='ocrx_word' id='word_1_168' title='bbox 1459 2871 1494 2936; x_wconf 91' lang='lat' dir='ltr'><strong>et</strong></span> 
     </span>
     <span class='ocr_line' id='line_1_21' title="bbox 164 2982 1493 3080; baseline 0 -20"><span class='ocrx_word' id='word_1_169' title='bbox 164 2983 356 3060; x_wconf 89' lang='lat' dir='ltr'><strong>cardinalis</strong></span> <span class='ocrx_word' id='word_1_170' title='bbox 371 2982 408 3056; x_wconf 94' lang='lat' dir='ltr'><strong>in</strong></span> <span class='ocrx_word' id='word_1_171' title='bbox 423 2983 578 3080; x_wconf 89' lang='lat' dir='ltr'><strong>quadam</strong></span> <span class='ocrx_word' id='word_1_172' title='bbox 593 2983 730 3080; x_wconf 84' lang='lat' dir='ltr'><strong>gelasia</strong></span> <span class='ocrx_word' id='word_1_173' title='bbox 750 2991 863 3074; x_wconf 90' lang='lat' dir='ltr'><strong>stans,</strong></span> <span class='ocrx_word' id='word_1_174' title='bbox 880 2982 1013 3080; x_wconf 88' lang='lat' dir='ltr'><strong>dejecit</strong></span> <span class='ocrx_word' id='word_1_175' title='bbox 1029 2983 1137 3057; x_wconf 88' lang='lat' dir='ltr'><strong>etiam</strong></span> <span class='ocrx_word' id='word_1_176' title='bbox 1153 2983 1366 3080; x_wconf 87' lang='lat' dir='ltr'><strong>quibusdam</strong></span> <span class='ocrx_word' id='word_1_177' title='bbox 1383 3008 1493 3060; x_wconf 87' lang='lat' dir='ltr'><strong>cano-</strong></span> 
     </span>
     <span class='ocr_line' id='line_1_22' title="bbox 163 3105 1492 3202; baseline 0.001 -20"><span class='ocrx_word' id='word_1_178' title='bbox 163 3107 253 3182; x_wconf 91' lang='lat' dir='ltr'><strong>nicis</strong></span> <span class='ocrx_word' id='word_1_179' title='bbox 278 3107 352 3180; x_wconf 91' lang='lat' dir='ltr'><strong>suis</strong></span> <span class='ocrx_word' id='word_1_180' title='bbox 376 3106 492 3182; x_wconf 89' lang='lat' dir='ltr'><strong>bireta</strong></span> <span class='ocrx_word' id='word_1_181' title='bbox 519 3129 616 3180; x_wconf 91' lang='lat' dir='ltr'><strong>nova</strong></span> <span class='ocrx_word' id='word_1_182' title='bbox 643 3129 814 3182; x_wconf 83' lang='lat' dir='ltr'><strong>rosaccea</strong></span> <span class='ocrx_word' id='word_1_183' title='bbox 837 3112 873 3180; x_wconf 92' lang='lat' dir='ltr'><strong>et</strong></span> <span class='ocrx_word' id='word_1_184' title='bbox 893 3105 1028 3202; x_wconf 85' lang='lat' dir='ltr'><strong>aliquot</strong></span> <span class='ocrx_word' id='word_1_185' title='bbox 1054 3105 1182 3180; x_wconf 90' lang='lat' dir='ltr'><strong>anulos</strong></span> <span class='ocrx_word' id='word_1_186' title='bbox 1205 3131 1335 3182; x_wconf 92' lang='lat' dir='ltr'><strong>aureos</strong></span> <span class='ocrx_word' id='word_1_187' title='bbox 1362 3109 1492 3184; x_wconf 89' lang='lat' dir='ltr'><strong>valoris</strong></span> 
     </span>
     <span class='ocr_line' id='line_1_23' title="bbox 162 3230 1492 3329; baseline 0.003 -23"><span class='ocrx_word' id='word_1_188' title='bbox 162 3233 318 3306; x_wconf 91' lang='lat' dir='ltr'><strong>duorum</strong></span> <span class='ocrx_word' id='word_1_189' title='bbox 330 3231 385 3306; x_wconf 90' lang='lat' dir='ltr'><strong>vel</strong></span> <span class='ocrx_word' id='word_1_190' title='bbox 400 3230 509 3306; x_wconf 92' lang='lat' dir='ltr'><strong>trium</strong></span> <span class='ocrx_word' id='word_1_191' title='bbox 525 3231 736 3306; x_wconf 87' lang='lat' dir='ltr'><strong>ducatorum</strong></span> <span class='ocrx_word' id='word_1_192' title='bbox 752 3230 900 3306; x_wconf 92' lang='lat' dir='ltr'><strong>cuilibet</strong></span> <span class='ocrx_word' id='word_1_193' title='bbox 915 3254 959 3304; x_wconf 86' lang='lat' dir='ltr'><strong>ex</strong></span> <span class='ocrx_word' id='word_1_194' title='bbox 975 3231 1045 3320; x_wconf 87' lang='lat' dir='ltr'><strong>eis;</strong></span> <span class='ocrx_word' id='word_1_195' title='bbox 1059 3231 1125 3304; x_wconf 88' lang='lat' dir='ltr'><strong>luit</strong></span> <span class='ocrx_word' id='word_1_196' title='bbox 1141 3232 1249 3305; x_wconf 89' lang='lat' dir='ltr'><strong>etiam</strong></span> <span class='ocrx_word' id='word_1_197' title='bbox 1263 3239 1388 3329; x_wconf 87' lang='lat' dir='ltr'><strong>parata</strong></span> <span class='ocrx_word' id='word_1_198' title='bbox 1402 3257 1492 3310; x_wconf 87' lang='lat' dir='ltr'><strong>cena</strong></span> 
     </span>
     <span class='ocr_line' id='line_1_24' title="bbox 161 3355 847 3457; baseline -0.007 -25"><span class='ocrx_word' id='word_1_199' title='bbox 161 3383 227 3457; x_wconf 92' lang='lat' dir='ltr'><strong>pro</strong></span> <span class='ocrx_word' id='word_1_200' title='bbox 243 3357 522 3454; x_wconf 84' lang='lat' dir='ltr'><strong>consanguineis</strong></span> <span class='ocrx_word' id='word_1_201' title='bbox 537 3355 727 3431; x_wconf 87' lang='lat' dir='ltr'><strong>cardinalis</strong></span> <span class='ocrx_word' id='word_1_202' title='bbox 743 3355 847 3429; x_wconf 92' lang='lat' dir='ltr'><strong>die...</strong></span> 
     </span>
    </p>

    <p class='ocr_par' dir='ltr' id='par_1_5' title="bbox 158 3480 1490 4206">
     <span class='ocr_line' id='line_1_25' title="bbox 209 3480 1487 3579; baseline 0 -22"><span class='ocrx_word' id='word_1_203' title='bbox 209 3483 459 3579; x_wconf 85' lang='lat' dir='ltr'><strong>Feriaquinta,</strong></span> <span class='ocrx_word' id='word_1_204' title='bbox 478 3487 524 3556; x_wconf 74' lang='lat'><strong>22</strong></span> <span class='ocrx_word' id='word_1_205' title='bbox 547 3480 632 3554; x_wconf 89' lang='lat' dir='ltr'><strong>dicti</strong></span> <span class='ocrx_word' id='word_1_206' title='bbox 657 3481 793 3555; x_wconf 89' lang='lat' dir='ltr'><strong>mensis</strong></span> <span class='ocrx_word' id='word_1_207' title='bbox 817 3481 950 3572; x_wconf 78' lang='lat' dir='ltr'><strong>martii,</strong></span> <span class='ocrx_word' id='word_1_208' title='bbox 977 3482 1181 3579; x_wconf 82' lang='lat' dir='ltr'><strong>significato</strong></span> <span class='ocrx_word' id='word_1_209' title='bbox 1212 3481 1368 3556; x_wconf 90' lang='lat' dir='ltr'><strong>adventu</strong></span> <span class='ocrx_word' id='word_1_210' title='bbox 1393 3485 1487 3557; x_wconf 86' lang='lat' dir='ltr'><strong>Rmi.</strong></span> 
     </span>
     <span class='ocr_line' id='line_1_26' title="bbox 158 3606 1490 3694; baseline 0.001 -12"><span class='ocrx_word' id='word_1_211' title='bbox 158 3609 196 3682; x_wconf 93' lang='lat' dir='ltr'><strong>in</strong></span> <span class='ocrx_word' id='word_1_212' title='bbox 213 3608 355 3682; x_wconf 90' lang='lat' dir='ltr'><strong>Christo</strong></span> <span class='ocrx_word' id='word_1_213' title='bbox 370 3611 411 3681; x_wconf 91' lang='lat' dir='ltr'><strong>P.</strong></span> <span class='ocrx_word' id='word_1_214' title='bbox 430 3611 473 3682; x_wconf 83' lang='lat'><strong>1).</strong></span> <span class='ocrx_word' id='word_1_215' title='bbox 493 3606 629 3680; x_wconf 92' lang='lat' dir='ltr'><strong>domini</strong></span> <span class='ocrx_word' id='word_1_216' title='bbox 639 3606 826 3694; x_wconf 66' lang='lat' dir='ltr'><strong>lobannis</strong></span> <span class='ocrx_word' id='word_1_217' title='bbox 842 3612 965 3680; x_wconf 88' lang='lat' dir='ltr'><strong>sancte</strong></span> <span class='ocrx_word' id='word_1_218' title='bbox 977 3607 1088 3681; x_wconf 82' lang='lat' dir='ltr'><strong>blarie</strong></span> <span class='ocrx_word' id='word_1_219' title='bbox 1101 3607 1137 3679; x_wconf 94' lang='lat' dir='ltr'><strong>in</strong></span> <span class='ocrx_word' id='word_1_220' title='bbox 1151 3606 1335 3680; x_wconf 90' lang='lat' dir='ltr'><strong>dominica</strong></span> <span class='ocrx_word' id='word_1_221' title='bbox 1348 3609 1490 3684; x_wconf 89' lang='lat' dir='ltr'><strong>diaconi</strong></span> 
     </span>
     <span class='ocr_line' id='line_1_27' title="bbox 159 3728 1488 3831; baseline 0.002 -25"><span class='ocrx_word' id='word_1_222' title='bbox 159 3729 365 3821; x_wconf 84' lang='lat' dir='ltr'><strong>cardinalis,</strong></span> <span class='ocrx_word' id='word_1_223' title='bbox 376 3729 577 3804; x_wconf 82' lang='lat' dir='ltr'><strong>debledicis</strong></span> <span class='ocrx_word' id='word_1_224' title='bbox 588 3728 781 3826; x_wconf 87' lang='lat' dir='ltr'><strong>vulgariter</strong></span> <span class='ocrx_word' id='word_1_225' title='bbox 792 3730 986 3826; x_wconf 91' lang='lat' dir='ltr'><strong>nuncupati</strong></span> <span class='ocrx_word' id='word_1_226' title='bbox 996 3732 1060 3804; x_wconf 90' lang='lat' dir='ltr'><strong>SS.</strong></span> <span class='ocrx_word' id='word_1_227' title='bbox 1075 3735 1119 3806; x_wconf 90' lang='lat' dir='ltr'><strong>o.</strong></span> <span class='ocrx_word' id='word_1_228' title='bbox 1134 3739 1272 3822; x_wconf 90' lang='lat' dir='ltr'><strong>nostro,</strong></span> <span class='ocrx_word' id='word_1_229' title='bbox 1287 3734 1332 3809; x_wconf 94' lang='lat' dir='ltr'><strong>de</strong></span> <span class='ocrx_word' id='word_1_230' title='bbox 1343 3735 1488 3831; x_wconf 89' lang='lat' dir='ltr'><strong>speciali</strong></span> 
     </span>
     <span class='ocr_line' id='line_1_28' title="bbox 159 3853 1489 3959; baseline 0.002 -29"><span class='ocrx_word' id='word_1_231' title='bbox 159 3855 418 3959; x_wconf 84' lang='lat' dir='ltr'><strong>commissione</strong></span> <span class='ocrx_word' id='word_1_232' title='bbox 434 3853 638 3929; x_wconf 89' lang='lat' dir='ltr'><strong>Sanctitatis</strong></span> <span class='ocrx_word' id='word_1_233' title='bbox 654 3877 719 3926; x_wconf 89' lang='lat' dir='ltr'><strong>sue</strong></span> <span class='ocrx_word' id='word_1_234' title='bbox 735 3853 892 3926; x_wconf 90' lang='lat' dir='ltr'><strong>intimari</strong></span> <span class='ocrx_word' id='word_1_235' title='bbox 904 3853 974 3928; x_wconf 87' lang='lat' dir='ltr'><strong>leci</strong></span> <span class='ocrx_word' id='word_1_236' title='bbox 988 3855 1102 3928; x_wconf 93' lang='lat' dir='ltr'><strong>illum.</strong></span> <span class='ocrx_word' id='word_1_237' title='bbox 1119 3857 1262 3944; x_wconf 86' lang='lat' dir='ltr'><strong>RRmis.</strong></span> <span class='ocrx_word' id='word_1_238' title='bbox 1277 3861 1353 3934; x_wconf 81' lang='lat' dir='ltr'><strong>Db.</strong></span> <span class='ocrx_word' id='word_1_239' title='bbox 1370 3860 1489 3934; x_wconf 88' lang='lat' dir='ltr'><strong>cardi-</strong></span> 
     </span>
     <span class='ocr_line' id='line_1_29' title="bbox 158 3979 1488 4078; baseline 0.001 -20"><span class='ocrx_word' id='word_1_240' title='bbox 158 3981 301 4058; x_wconf 87' lang='lat' dir='ltr'><strong>nalibus</strong></span> <span class='ocrx_word' id='word_1_241' title='bbox 321 3990 358 4056; x_wconf 87' lang='lat' dir='ltr'><strong>et</strong></span> <span class='ocrx_word' id='word_1_242' title='bbox 378 3980 580 4055; x_wconf 91' lang='lat' dir='ltr'><strong>oratoribus</strong></span> <span class='ocrx_word' id='word_1_243' title='bbox 601 3979 803 4078; x_wconf 89' lang='lat' dir='ltr'><strong>principum</strong></span> <span class='ocrx_word' id='word_1_244' title='bbox 822 4003 863 4053; x_wconf 92' lang='lat' dir='ltr'><strong>ac</strong></span> <span class='ocrx_word' id='word_1_245' title='bbox 884 3985 1138 4075; x_wconf 87' lang='lat' dir='ltr'><strong>potentatuum</strong></span> <span class='ocrx_word' id='word_1_246' title='bbox 1160 3983 1196 4056; x_wconf 94' lang='lat' dir='ltr'><strong>in</strong></span> <span class='ocrx_word' id='word_1_247' title='bbox 1217 3983 1311 4058; x_wconf 92' lang='lat' dir='ltr'><strong>Urbe</strong></span> <span class='ocrx_word' id='word_1_248' title='bbox 1331 3985 1488 4059; x_wconf 87' lang='lat' dir='ltr'><strong>existen-</strong></span> 
     </span>
     <span class='ocr_line' id='line_1_30' title="bbox 160 4103 1378 4206; baseline -0.001 -24"><span class='ocrx_word' id='word_1_249' title='bbox 160 4109 264 4200; x_wconf 86' lang='lat' dir='ltr'><strong>tium,</strong></span> <span class='ocrx_word' id='word_1_250' title='bbox 282 4130 526 4206; x_wconf 88' lang='lat' dir='ltr'><strong>percursorcs</strong></span> <span class='ocrx_word' id='word_1_251' title='bbox 539 4104 668 4202; x_wconf 89' lang='lat' dir='ltr'><strong>quibus</strong></span> <span class='ocrx_word' id='word_1_252' title='bbox 682 4103 765 4178; x_wconf 90' lang='lat' dir='ltr'><strong>dedi</strong></span> <span class='ocrx_word' id='word_1_253' title='bbox 778 4103 925 4178; x_wconf 90' lang='lat' dir='ltr'><strong>cedulas</strong></span> <span class='ocrx_word' id='word_1_254' title='bbox 945 4106 1081 4179; x_wconf 89' lang='lat' dir='ltr'><strong>tenoris</strong></span> <span class='ocrx_word' id='word_1_255' title='bbox 1097 4107 1351 4203; x_wconf 88' lang='lat' dir='ltr'><strong>subsequentis</strong></span> <span class='ocrx_word' id='word_1_256' title='bbox 1370 4133 1378 4181; x_wconf 95' lang='lat'><strong>:</strong></span> 
     </span>
    </p>

    <p class='ocr_par' dir='ltr' id='par_1_6' title="bbox 156 4228 1487 5074">
     <span class='ocr_line' id='line_1_31' title="bbox 206 4228 1483 4326; baseline 0.004 -26"><span class='ocrx_word' id='word_1_257' title='bbox 206 4265 223 4301; x_wconf 89' lang='lat'>«</span> <span class='ocrx_word' id='word_1_258' title='bbox 252 4232 486 4308; x_wconf 85' lang='lat' dir='ltr'><strong>Demandato</strong></span> <span class='ocrx_word' id='word_1_259' title='bbox 511 4233 575 4306; x_wconf 90' lang='lat' dir='ltr'><strong>SS.</strong></span> <span class='ocrx_word' id='word_1_260' title='bbox 601 4233 643 4303; x_wconf 88' lang='lat' dir='ltr'><strong>D.</strong></span> <span class='ocrx_word' id='word_1_261' title='bbox 666 4232 708 4302; x_wconf 91' lang='lat' dir='ltr'><strong>N.</strong></span> <span class='ocrx_word' id='word_1_262' title='bbox 729 4251 821 4326; x_wconf 91' lang='lat' dir='ltr'><strong>pape</strong></span> <span class='ocrx_word' id='word_1_263' title='bbox 845 4228 1035 4302; x_wconf 90' lang='lat' dir='ltr'><strong>intimetur</strong></span> <span class='ocrx_word' id='word_1_264' title='bbox 1050 4229 1217 4302; x_wconf 90' lang='lat' dir='ltr'><strong>omnibus</strong></span> <span class='ocrx_word' id='word_1_265' title='bbox 1239 4229 1384 4304; x_wconf 79' lang='lat' dir='ltr'><strong>RRmis,</strong></span> <span class='ocrx_word' id='word_1_266' title='bbox 1409 4233 1483 4305; x_wconf 84' lang='lat' dir='ltr'><strong>Db.</strong></span> 
     </span>
     <span class='ocr_line' id='line_1_32' title="bbox 157 4351 1484 4454; baseline -0.004 -20"><span class='ocrx_word' id='word_1_267' title='bbox 157 4355 413 4439; x_wconf 86' lang='lat' dir='ltr'><strong>cardinalibus,</strong></span> <span class='ocrx_word' id='word_1_268' title='bbox 432 4355 527 4454; x_wconf 88' lang='lat' dir='ltr'><strong>quod</strong></span> <span class='ocrx_word' id='word_1_269' title='bbox 545 4377 625 4428; x_wconf 88' lang='lat' dir='ltr'><strong>cras</strong></span> <span class='ocrx_word' id='word_1_270' title='bbox 641 4373 762 4442; x_wconf 80' lang='lat' dir='ltr'><strong>mane,</strong></span> <span class='ocrx_word' id='word_1_271' title='bbox 783 4358 866 4425; x_wconf 89' lang='lat' dir='ltr'><strong>anta</strong></span> <span class='ocrx_word' id='word_1_272' title='bbox 885 4351 1014 4425; x_wconf 89' lang='lat' dir='ltr'><strong>horam</strong></span> <span class='ocrx_word' id='word_1_273' title='bbox 1037 4353 1241 4426; x_wconf 88' lang='lat' dir='ltr'><strong>consistorii</strong></span> <span class='ocrx_word' id='word_1_274' title='bbox 1258 4361 1484 4446; x_wconf 85' lang='lat' dir='ltr'><strong>consuetam,</strong></span> 
     </span>
     <span class='ocr_line' id='line_1_33' title="bbox 158 4463 1485 4580; baseline -0.002 -23"><span class='ocrx_word' id='word_1_275' title='bbox 158 4481 371 4580; x_wconf 90' lang='lat' dir='ltr'><strong>equitabunt</strong></span> <span class='ocrx_word' id='word_1_276' title='bbox 386 4481 430 4554; x_wconf 92' lang='lat' dir='ltr'><strong>ad</strong></span> <span class='ocrx_word' id='word_1_277' title='bbox 453 4479 649 4554; x_wconf 89' lang='lat' dir='ltr'><strong>claustrum</strong></span> <span class='ocrx_word' id='word_1_278' title='bbox 665 4463 818 4552; x_wconf 71' lang='lat' dir='ltr'><strong>eccldsie</strong></span> <span class='ocrx_word' id='word_1_279' title='bbox 838 4475 942 4550; x_wconf 88' lang='lat' dir='ltr'><strong>beate</strong></span> <span class='ocrx_word' id='word_1_280' title='bbox 960 4475 1071 4550; x_wconf 88' lang='lat' dir='ltr'><strong>Maria</strong></span> <span class='ocrx_word' id='word_1_281' title='bbox 1094 4477 1138 4550; x_wconf 91' lang='lat' dir='ltr'><strong>de</strong></span> <span class='ocrx_word' id='word_1_282' title='bbox 1164 4477 1302 4574; x_wconf 89' lang='lat' dir='ltr'><strong>Populo</strong></span> <span class='ocrx_word' id='word_1_283' title='bbox 1324 4479 1369 4552; x_wconf 91' lang='lat' dir='ltr'><strong>de</strong></span> <span class='ocrx_word' id='word_1_284' title='bbox 1392 4481 1485 4555; x_wconf 89' lang='lat' dir='ltr'><strong>Urbe</strong></span> 
     </span>
     <span class='ocr_line' id='line_1_34' title="bbox 158 4600 1486 4702; baseline -0.002 -24"><span class='ocrx_word' id='word_1_285' title='bbox 158 4605 203 4678; x_wconf 90' lang='lat' dir='ltr'><strong>ad</strong></span> <span class='ocrx_word' id='word_1_286' title='bbox 219 4604 468 4702; x_wconf 88' lang='lat' dir='ltr'><strong>recipiendum</strong></span> <span class='ocrx_word' id='word_1_287' title='bbox 487 4602 622 4678; x_wconf 91' lang='lat' dir='ltr'><strong>ibidem</strong></span> <span class='ocrx_word' id='word_1_288' title='bbox 645 4605 788 4676; x_wconf 86' lang='lat' dir='ltr'><strong>Rmum.</strong></span> <span class='ocrx_word' id='word_1_289' title='bbox 807 4604 851 4674; x_wconf 88' lang='lat' dir='ltr'><strong>D.</strong></span> <span class='ocrx_word' id='word_1_290' title='bbox 867 4600 1088 4676; x_wconf 87' lang='lat' dir='ltr'><strong>cardinalem</strong></span> <span class='ocrx_word' id='word_1_291' title='bbox 1102 4601 1146 4675; x_wconf 92' lang='lat' dir='ltr'><strong>de</strong></span> <span class='ocrx_word' id='word_1_292' title='bbox 1164 4601 1326 4691; x_wconf 80' lang='lat' dir='ltr'><strong>Medicis,</strong></span> <span class='ocrx_word' id='word_1_293' title='bbox 1352 4603 1486 4676; x_wconf 84' lang='lat' dir='ltr'><strong>atinde</strong></span> 
     </span>
     <span class='ocr_line' id='line_1_35' title="bbox 156 4725 1486 4828; baseline -0.003 -24"><span class='ocrx_word' id='word_1_294' title='bbox 156 4753 271 4828; x_wconf 91' lang='lat' dir='ltr'><strong>usque</strong></span> <span class='ocrx_word' id='word_1_295' title='bbox 291 4729 337 4804; x_wconf 90' lang='lat' dir='ltr'><strong>ad</strong></span> <span class='ocrx_word' id='word_1_296' title='bbox 356 4729 529 4826; x_wconf 89' lang='lat' dir='ltr'><strong>palatium</strong></span> <span class='ocrx_word' id='word_1_297' title='bbox 552 4726 790 4824; x_wconf 86' lang='lat' dir='ltr'><strong>apostolicum</strong></span> <span class='ocrx_word' id='word_1_298' title='bbox 813 4725 1104 4816; x_wconf 84' lang='lat' dir='ltr'><strong>conducendum,</strong></span> <span class='ocrx_word' id='word_1_299' title='bbox 1131 4725 1190 4798; x_wconf 95' lang='lat' dir='ltr'><strong>ubi</strong></span> <span class='ocrx_word' id='word_1_300' title='bbox 1216 4726 1282 4800; x_wconf 90' lang='lat' dir='ltr'><strong>erit</strong></span> <span class='ocrx_word' id='word_1_301' title='bbox 1302 4727 1486 4822; x_wconf 91' lang='lat' dir='ltr'><strong>publicum</strong></span> 
     </span>
     <span class='ocr_line' id='line_1_36' title="bbox 157 4850 1487 4949; baseline -0.004 -19"><span class='ocrx_word' id='word_1_302' title='bbox 157 4853 434 4944; x_wconf 66' lang='lat' dir='ltr'><strong>consistorium</strong></span> <span class='ocrx_word' id='word_1_303' title='bbox 452 4852 649 4949; x_wconf 85' lang='lat' dir='ltr'><strong>quofinito,</strong></span> <span class='ocrx_word' id='word_1_304' title='bbox 667 4851 905 4926; x_wconf 89' lang='lat' dir='ltr'><strong>associabitur</strong></span> <span class='ocrx_word' id='word_1_305' title='bbox 918 4850 1015 4925; x_wconf 91' lang='lat' dir='ltr'><strong>idem</strong></span> <span class='ocrx_word' id='word_1_306' title='bbox 1029 4850 1223 4926; x_wconf 86' lang='lat' dir='ltr'><strong>cardinalis</strong></span> <span class='ocrx_word' id='word_1_307' title='bbox 1238 4874 1352 4947; x_wconf 91' lang='lat' dir='ltr'><strong>usque</strong></span> <span class='ocrx_word' id='word_1_308' title='bbox 1367 4851 1413 4924; x_wconf 92' lang='lat' dir='ltr'><strong>ad</strong></span> <span class='ocrx_word' id='word_1_309' title='bbox 1428 4875 1487 4948; x_wconf 90' lang='lat' dir='ltr'><strong>pa-</strong></span> 
     </span>
     <span class='ocr_line' id='line_1_37' title="bbox 156 4975 1484 5074; baseline -0.004 -19"><span class='ocrx_word' id='word_1_310' title='bbox 156 4981 284 5055; x_wconf 89' lang='lat' dir='ltr'><strong>latium</strong></span> <span class='ocrx_word' id='word_1_311' title='bbox 298 5003 362 5056; x_wconf 89' lang='lat' dir='ltr'><strong>sue</strong></span> <span class='ocrx_word' id='word_1_312' title='bbox 376 4977 609 5053; x_wconf 88' lang='lat' dir='ltr'><strong>habitationis</strong></span> <span class='ocrx_word' id='word_1_313' title='bbox 625 4977 662 5050; x_wconf 94' lang='lat' dir='ltr'><strong>in</strong></span> <span class='ocrx_word' id='word_1_314' title='bbox 677 4999 806 5074; x_wconf 87' lang='lat' dir='ltr'><strong>campo</strong></span> <span class='ocrx_word' id='word_1_315' title='bbox 822 4977 940 5068; x_wconf 83' lang='lat' dir='ltr'><strong>Flore,</strong></span> <span class='ocrx_word' id='word_1_316' title='bbox 956 4983 1103 5050; x_wconf 86' lang='lat' dir='ltr'><strong>moreat</strong></span> <span class='ocrx_word' id='word_1_317' title='bbox 1115 4975 1240 5050; x_wconf 90' lang='lat' dir='ltr'><strong>ordine</strong></span> <span class='ocrx_word' id='word_1_318' title='bbox 1252 4983 1445 5050; x_wconf 86' lang='lat' dir='ltr'><strong>consueto.</strong></span> <span class='ocrx_word' id='word_1_319' title='bbox 1467 5006 1484 5043; x_wconf 87' lang='lat'>»</span> 
     </span>
    </p>

    <p class='ocr_par' dir='ltr' id='par_1_7' title="bbox 202 5079 1486 5200">
     <span class='ocr_line' id='line_1_38' title="bbox 202 5079 1486 5200; baseline -0.003 -22"><span class='ocrx_word' id='word_1_320' title='bbox 202 5107 282 5178; x_wconf 90' lang='lat' dir='ltr'><strong>Hoc</strong></span> <span class='ocrx_word' id='word_1_321' title='bbox 298 5125 381 5176; x_wconf 90' lang='lat' dir='ltr'><strong>sero</strong></span> <span class='ocrx_word' id='word_1_322' title='bbox 395 5108 661 5200; x_wconf 87' lang='lat' dir='ltr'><strong>proposuerunt</strong></span> <span class='ocrx_word' id='word_1_323' title='bbox 676 5109 838 5176; x_wconf 89' lang='lat' dir='ltr'><strong>oratores</strong></span> <span class='ocrx_word' id='word_1_324' title='bbox 854 5099 1057 5198; x_wconf 86' lang='lat' dir='ltr'><strong>principum</strong></span> <span class='ocrx_word' id='word_1_325' title='bbox 1072 5105 1322 5200; x_wconf 89' lang='lat' dir='ltr'><strong>potentatuum</strong></span> <span class='ocrx_word' id='word_1_326' title='bbox 1344 5101 1380 5174; x_wconf 92' lang='lat' dir='ltr'><strong>in</strong></span> <span class='ocrx_word' id='word_1_327' title='bbox 1392 5079 1486 5176; x_wconf 83' lang='lat' dir='ltr'><strong>llrbe</strong></span> 
     </span>
    </p>
   </div>
   <div class='ocr_carea' id='block_1_3' title="bbox 0 0 1758 6034">
    <p class='ocr_par' dir='ltr' id='par_1_8' title="bbox 0 0 1758 6034">
     <span class='ocr_line' id='line_1_39' title="bbox 0 0 1758 6034; baseline 0 4"><span class='ocrx_word' id='word_1_328' title='bbox 0 0 1758 6034; x_wconf 95' lang='lat' dir='ltr'><strong> </strong></span> 
     </span>
    </p>
   </div>
  </div>
 </body>
</html>
