3424 6038
305 509 358 564 alt
761 503 936 558 rollannus*
962 499 1182 568 BURCHAHDI,
1472 497 1552 561 [blare
1566 497 1626 560 ltt'rj

183 653 188 662 ⁴
305 661 528 736 orationibus
545 667 578 735 et
595 660 672 734 aliis
688 658 943 750 cardinalibus,
969 663 1075 755 prout
1092 656 1128 728 in
1147 653 1263 752 prima
1277 649 1460 724 dominica
1476 649 1631 735 Quadra·

303 786 441 881 gesime
459 785 596 858 dictum
619 790 686 857 est.
713 786 927 858 Sermonem
944 784 1029 858 fecit
1050 787 1265 880 procurator
1283 775 1419 851 ordinis
1440 773 1627 848 Minorum.

353 909 542 992 Dominica
567 911 672 984 tertia
703 909 1000 1007 Quadragesime,
1030 913 1072 980 18
1097 904 1230 995 martii,
1257 903 1293 976 iu
1315 901 1454 1000 capella
1476 897 1632 998 predicta

305 1040 347 1110 n.
363 1037 400 1109 in
416 1036 558 1110 Christo
576 1041 614 1110 P.
639 1041 681 1110 D.
698 1036 937 1112 Tornaceusis
961 1033 1136 1131 magister
1155 1031 1284 1104 domus
1307 1027 1428 1126 palatii
1446 1023 1630 1125 apostolici

305 1162 498 1236 celebravit
517 1163 666 1235 missam
688 1163 907 1251 solemnem,
935 1165 1031 1258 Papa
1049 1163 1232 1257 presente.
1252 1153 1348 1228 Dixit
1371 1152 1536 1249 quinque
1558 1173 1631 1222 ora-

304 1287 420 1360 tiones
441 1297 479 1360 ut
501 1287 538 1360 in
559 1287 676 1386 prima
694 1287 887 1361 dominica.
914 1289 1127 1382 Sermonem
1150 1281 1238 1355 fecit
1261 1285 1478 1377 procurator
1502 1275 1630 1350 ordinis

304 1410 563 1485 heremitarum
580 1436 609 1484 s.
627 1411 830 1508 Augustini.

268 1579 276 1606 -.
353 1537 543 1612 Dominica
565 1545 692 1634 quarta
713 1537 1007 1634 Quadragesime,
1035 1541 1177 1628 Letare,
1207 1542 1251 1611 25
1278 1536 1408 1626 martii,
1435 1534 1475 1607 iu
1499 1531 1631 1631 capella

302 1663 475 1761 predicta,
490 1667 613 1737 Rmus.
626 1663 818 1738 cardinalis
832 1663 1116 1738 Rechanateusis
1133 1663 1327 1737 celebravit
1341 1662 1494 1736 missam
1508 1659 1630 1732 solem·

302 1788 434 1862 nemin
451 1789 670 1885 paramentis
685 1787 853 1864 violaceis
868 1796 904 1863 et
925 1789 1030 1863 mitra
1049 1789 1226 1886 pretiosa;
1250 1787 1404 1861 ministri
1424 1787 1629 1860 habueruut

300 1913 530 1988 dalmaticam
553 1921 588 1988 et
613 1914 834 2006 tunicellam,
874 1918 971 2012 Papa
994 1921 1176 2012 presente,
1210 1913 1286 2011 qui,
1312 1918 1458 2010 paratus
1484 1909 1625 1984 amictu.

299 2039 393 2130 alba,
412 2039 570 2138 cingulo,
583 2039 687 2132 stola,
697 2031 839 2139 pluviali
850 2039 1010 2138 pretioso
1022 2039 1100 2114 sine
1113 2039 1233 2131 mitra,
1252 2045 1349 2112 stans
1365 2043 1448 2110 ante
1463 2056 1624 2111 mensam

299 2165 336 2236 in
352 2189 497 2240 camera
516 2167 694 2264 papagalli
715 2167 808 2240 inter
826 2167 961 2241 lecturn
977 2173 1014 2239 et
1034 2165 1229 2240 caminium
1249 2169 1499 2262 preparatum,
1521 2162 1626 2236 bene-

298 2289 384 2364 dixit
396 2315 515 2365 rosam
532 2315 639 2388 quam
651 2296 693 2365 D.
709 2293 901 2391 Sinolphus
913 2293 957 2366 de
969 2298 1086 2366 castro
1099 2293 1261 2384 Otherio,
1274 2315 1418 2366 camere
1431 2287 1623 2388 apostolice

298 2415 465 2508 clericus,
496 2417 591 2490 inter
616 2419 797 2514 pontificis
818 2419 1002 2493 dexteram
1028 2425 1063 2492 et
1085 2441 1249 2493 mensam
1281 2417 1498 2515 genuflexus
1524 2436 1622 2488 manu

298 2541 455 2615 tenebat.
472 2545 581 2615 Facta
600 2541 866 2636 benedictione,
889 2543 1080 2618 cardinalis
1101 2543 1272 2618 Senensis
1292 2543 1431 2641 accepit
1455 2564 1578 2618 rosam
1591 2538 1622 2609 iu

295 2689 423 2740 manus
449 2672 484 2740 et
505 2671 602 2764 Papa
616 2667 789 2766 imposuit
809 2670 1024 2759 balsamum,
1050 2669 1179 2744 deinde
1202 2669 1396 2743 muschum
1420 2691 1526 2743 more
1541 2689 1620 2742 con-

292 2797 418 2864 sueto:
439 2791 585 2865 tandem
606 2797 648 2866 D.
673 2794 868 2893 Sinolphus
887 2795 1029 2892 accepit
1049 2817 1169 2868 rosam
1192 2803 1321 2870 tenens
1345 2819 1439 2883 eam,
1455 2801 1498 2867 ut
1512 2793 1617 2893 prius,

293 2923 329 2989 et
360 2916 586 2992 ministrante
623 2921 804 2996 cardinale
838 2926 1000 2996 Senense
1038 2921 1240 2996 naviculam
1278 2950 1284 2995 :
1320 2925 1416 3020 Papa
1453 2915 1617 3018 imposuit
1700 2939 1701 2946 ¹

293 3043 496 3136 incensum,
515 3044 644 3119 deinde
661 3047 815 3144 aspersit
831 3051 928 3146 Papa
944 3070 1076 3138 rosam,
1100 3047 1246 3122 tandem
1267 3046 1479 3136 incensavit,
1510 3041 1614 3119 cardi·
1699 3089 1700 3104 .

291 3166 372 3240 nale
388 3170 549 3242 Senense
574 3169 713 3267 singula
737 3171 980 3261 ministrante,
1005 3169 1090 3268 quia
1110 3171 1229 3246 nullus
1246 3171 1338 3246 alins
1361 3173 1486 3246 aderat
1505 3166 1616 3263 cardi·

293 3291 397 3381 naliS,
433 3317 517 3366 nam
548 3296 612 3368 SS.
637 3298 679 3368 D.
712 3300 754 3370 N.
787 3302 883 3394 Pape
913 3320 1097 3371 cameram
1131 3321 1232 3372 suam
1268 3303 1446 3373 secretam
1480 3291 1613 3370 exeunti

293 3417 364 3490 duo
397 3423 537 3492 tantum
567 3420 767 3497 cardinales
805 3422 1008 3512 adfuerunt,
1035 3421 1202 3498 videlicet
1232 3451 1240 3497 :
1273 3421 1560 3499 Dechanatensis
1585 3421 1613 3488 et

294 3543 477 3618 Senensis.

341 3669 626 3746 Rechanatcnsis
647 3674 708 3746 ivit
723 3697 831 3772 quam
847 3675 1003 3773 primum
1026 3675 1071 3750 ad
1094 3676 1310 3775 capiendum
1330 3681 1541 3774 paramenta
1557 3689 1610 3768 pro

291 3792 423 3884 missa;
444 3798 615 3872 Senensis
635 3799 731 3873 solus
751 3801 866 3876 induit
886 3805 1033 3899 Papam.
1063 3802 1200 3876 Deinde
1221 3805 1330 3900 Papa,
1354 3808 1506 3897 accepta
1527 3819 1607 3871 rosa.

290 3943 371 3994 eam
387 3943 453 4017 per
467 3925 597 4020 pedem
615 3925 818 4024 pannicello
839 3927 1135 4002 circumvolutam
1158 3927 1305 4001 sinistra
1322 3950 1431 4000 manu
1453 3920 1606 4023 portavit,

287 4045 416 4122 dextra
437 4047 620 4125 benedixit
646 4051 792 4150 populo.
825 4053 1021 4127 Cardinalis
1057 4052 1228 4128 Senensis
1267 4052 1443 4127 elevatum
1470 4045 1607 4148 portavit

289 4173 513 4273 aurifrigium
533 4178 695 4274 pluvialis
717 4183 812 4277 Papo
833 4180 879 4252 ad
898 4181 1097 4271 dexteram,
1120 4180 1166 4254 ad
1183 4179 1366 4254 sinistram
1384 4177 1506 4253 nullus
1528 4179 1603 4250 erat.

290 4299 466 4375 Fimbrias
490 4303 643 4400 portavit
668 4311 790 4378 orator
811 4305 905 4403 regis
930 4305 1168 4404 Neapolitani.
1198 4305 1257 4380 Sic
1283 4307 1381 4402 Papa
1403 4302 1448 4376 de
1476 4317 1606 4375 camera

290 4422 414 4498 exiens
428 4451 511 4500 cum
527 4427 604 4501 solo
618 4428 798 4503 cardinale
811 4435 971 4506 Senense
987 4433 1166 4530 processit
1180 4429 1226 4504 ad
1241 4427 1430 4527 capellam.
1449 4429 1490 4498 ln
1505 4423 1604 4522 privna

289 4549 383 4642 aula,
407 4551 571 4627 videlicet
585 4555 720 4651 majore
737 4554 873 4652 palatii,
892 4581 974 4630 cnm
991 4565 1088 4632 esset
1105 4555 1280 4655 pontifex,
1297 4557 1474 4629 venerunt
1491 4545 1598 4623 ttttmi.

289 4675 363 4746 DD.
396 4677 596 4752 cardinales
625 4679 878 4777 Neapolitanus
908 4693 943 4756 et
971 4707 1000 4758 s.
1027 4683 1220 4758 Clementis
1248 4679 1452 4755 successive
1479 4682 1514 4751 et
1540 4669 1598 4747 alii.

286 4800 381 4896 Papa
401 4809 483 4877 ante
502 4803 740 4878 faldistorium
765 4806 864 4880 dedit
885 4833 1005 4883 rosam
1029 4815 1131 4883 Rmo.
1152 4812 1195 4882 D.
1219 4804 1392 4882 cardinali
1414 4798 1559 4878 Senensi
1574 4799 1600 4867 tl

281 4921 339 4996 ille
355 4927 398 4998 D.
418 4929 591 5027 Sinolpho
605 4931 664 5026 qui
681 4931 797 5005 tenuit
813 4957 893 5007 earn
908 4933 1043 5010 ibidem
1058 4960 1172 5034 usque
1189 4934 1362 5010 adfinem
1377 4922 1599 5008 confessionis

278 5054 313 5120 et
329 5050 436 5124 male.
454 5053 584 5129 Debuit
604 5055 699 5131 illico
718 5057 901 5156 deponere
920 5062 957 5135 in
978 5063 1112 5154 altare;
1132 5086 1203 5159 qua
1219 5059 1333 5152 fruita,
1356 5056 1511 5157 portavit
1531 5069 1597 5126 eant

278 5198 391 5272 usque
408 5178 453 5253 ad
468 5180 579 5255 altare
601 5181 661 5255 ubi
681 5183 724 5257 de
747 5183 858 5282 ipsius
879 5185 1045 5264 manibus
1069 5211 1152 5264 earn
1173 5186 1300 5285 accepi
1322 5191 1358 5260 et
1380 5208 1465 5259 cum
1485 5180 1596 5257 abbate
