3578 6032
317 477 372 535 562
877 467 1089 526 APPENDICE.

318 627 463 706 quadam
474 625 646 688 maiestate
668 623 847 700 verendus,
864 623 999 702 accepit.
1020 622 1102 682 l'um
1116 619 1280 683 consolari
1295 622 1427 683 Petrum
1441 620 1547 685 filium
1560 623 1652 704 (nam

317 724 435 804 reliqui
449 723 598 800 aberant)
620 739 769 797 exorsus,
786 720 1002 800 ferretaequo
1013 719 1123 782 animo
1134 719 1200 782 vim
1211 719 1419 782 necessitatis
1434 719 1650 800 admonebat,

318 837 385 886 non
405 821 594 884 defuturum
615 819 752 882 caelitus
777 818 1007 898 patrocinium,
1027 816 1116 897 quod
1140 833 1182 878 ne
1202 816 1266 879 sibi
1285 817 1420 896 quidem
1442 835 1592 899 uuquam
1615 821 1652 884 in

319 919 418 980 tantis
433 935 543 979 rerum
554 915 772 996 fortunaeque
786 914 1003 977 varietatibus
1016 913 1190 991 defuisset;
1200 915 1355 978 virtutem
1367 916 1511 979 modoet
1525 917 1650 980 bonam

319 1022 464 1079 mentem
477 1017 609 1090 coleret,
626 1015 711 1077 bene
724 1013 873 1075 consulta
891 1013 997 1075 bonos
1017 1018 1158 1074 euentus
1173 1013 1330 1091 paritura.
1347 1013 1424 1076 Post
1438 1013 1494 1076 illa
1506 1019 1653 1078 contem·

318 1113 510 1194 piabundas
524 1113 718 1192 aliquandiu
728 1111 873 1192 quieuit3
891 1112 1031 1174 exclusis
1045 1111 1120 1174 dein
1132 1113 1269 1174 caeteris
1280 1111 1423 1176 eundem
1431 1111 1474 1174 ad
1485 1129 1522 1176 se
1534 1119 1652 1176 natum

319 1217 426 1286 vocat,
442 1211 546 1274 multa
566 1215 690 1286 monet,
719 1211 822 1274 multa
840 1211 999 1290 praecipit
1020 1211 1123 1272 multa
1141 1210 1267 1287 edocet,
1288 1227 1375 1289 quae
1393 1209 1545 1274 nondum
1560 1211 1650 1276 foras

319 1315 528 1385 emanarunt,
544 1309 642 1388 plena
665 1309 775 1371 omnia
796 1313 908 1371 tamen
931 1307 1038 1384 (sicuti
1059 1307 1263 1389 audiuimus)
1286 1313 1319 1370 et
1333 1311 1516 1390 sapientiae
1533 1313 1647 1394 singu-

319 1409 409 1483 laris,
434 1412 466 1470 et
487 1407 741 1482 sanctimoniae;
764 1423 907 1486 quorum
927 1411 1038 1469 tamen
1057 1423 1161 1468 unum
1183 1407 1273 1486 quod
1291 1407 1388 1469 nobis
1409 1408 1492 1470 scire
1514 1409 1652 1488 quidem

319 1507 455 1580 licuerit,
473 1505 669 1568 adscribam.
689 1527 704 1562 ι
723 1506 828 1580 diuae,
844 1505 960 1584 inquit,
972 1505 1017 1566 mi
1030 1506 1136 1582 Patre,
1150 1521 1377 1568 successorem
1394 1511 1425 1568 te
1437 1523 1551 1570 meum
1561 1507 1654 1571 haud

320 1604 420 1668 dubie
433 1607 627 1684 agnoscent.
644 1604 669 1664 N
673 1619 709 1664 eo
723 1607 836 1666 autem
850 1619 979 1679 vereor,
994 1619 1036 1665 ne
1045 1619 1111 1665 non
1127 1604 1244 1668 eadem
1257 1601 1390 1666 futurus
1404 1605 1654 1669 authoritatem

318 1701 378 1765 hac
394 1703 562 1782 republica
585 1701 642 1776 sis,
668 1717 733 1779 qua
759 1717 821 1764 nos
846 1701 909 1779 ipsi
929 1700 972 1763 ad
995 1701 1081 1764 hanc
1098 1702 1184 1763 diem
1205 1700 1377 1763 fuerimus.
1403 1700 1468 1764 Sed
1488 1703 1655 1780 quoniam

317 1801 434 1863 ciuitas
451 1800 558 1864 omnis
574 1815 693 1877 corpus
709 1804 759 1860 est
776 1799 877 1880 (quod
887 1797 991 1880 aiunt)
1007 1799 1186 1862 multorum
1197 1797 1352 1877 capitum,
1368 1815 1477 1879 neque
1491 1817 1565 1862 mos
1579 1801 1654 1880 geri

318 1899 458 1980 singulis
478 1902 598 1978 potest,
623 1901 789 1959 memento
815 1897 848 1959 in
874 1897 1038 1961 eiusmodi
1060 1897 1275 1962 varietatibus
1299 1895 1334 1958 id
1356 1897 1531 1960 consilium
1554 1898 1653 1977 sequi

318 2013 459 2077 semper,
478 1996 565 2077 quod
586 2011 777 2074 essequam
796 1995 1069 2058 honestissimum
1088 1995 1266 2076 intelliges,
1287 1997 1463 2075 magisque
1481 1995 1652 2060 uniuersi·
1718 2029 1722 2034 ·

317 2095 405 2171 tatia,
422 2113 521 2176 quam
537 2111 699 2170 seorsum,
714 2094 875 2173 cuiusque
885 2095 1047 2157 rationem
1059 2093 1190 2157 habeto.
1207 2115 1222 2150 ιι
1238 2092 1407 2156 Mandauit
1418 2099 1451 2156 et
1464 2093 1505 2158 de
1519 2093 1649 2170 funere,

316 2199 353 2257 ut
366 2195 497 2270 scilicet,
517 2195 572 2258 aui
586 2193 694 2258 Cosmi
714 2193 876 2271 exemplo,
893 2193 984 2256 iuxta
1004 2193 1068 2255 sibi
1087 2191 1215 2266 fierent,
1237 2191 1322 2254 intra
1342 2191 1479 2254 modum
1497 2191 1650 2256 uidehect

317 2309 393 2354 eum
406 2293 462 2372 qui
477 2293 608 2372 priuato
619 2292 805 2359 conueniat.
823 2291 919 2353 Venit
935 2291 1011 2354 dein
1023 2291 1134 2353 Ticino
1150 2293 1291 2352 Lazarus
1302 2295 1424 2367 vester,
1439 2290 1588 2354 medicus
1600 2291 1651 2370 (ιιι

314 2391 449 2470 quidem
460 2391 569 2454 visum
587 2389 648 2470 est)
667 2389 985 2468 experientissimus
1004 2389 1060 2469 qui
1080 2395 1193 2452 tamen
1208 2405 1282 2452 sero
1301 2387 1495 2466 aduocatus,
1507 2406 1550 2452 ne
1566 2391 1650 2469 quid

314 2488 524 2568 inexpertum
547 2489 759 2570 relinqueret,
781 2488 1023 2566 preciosissima
1047 2487 1212 2568 quaedam
1234 2487 1377 2568 gemmis
1402 2504 1500 2550 omne
1524 2503 1649 2567 genus,

317 2586 572 2666 margaritisque
599 2584 819 2660 conterendis,
841 2584 1080 2647 medicamenta
1105 2585 1265 2647 tentabat.
1291 2586 1424 2662 Quaerit
1444 2585 1492 2648 ibi
1508 2589 1579 2648 tum
1606 2602 1651 2647 ex

316 2679 534 2746 familiaribus
557 2683 753 2745 Laurentius
774 2682 853 2764 (iam
874 2683 962 2746 enim
985 2683 1124 2747 admissi
1144 2684 1270 2763 aliquot
1292 2683 1472 2763 fueramus)
1497 2683 1579 2764 quid
1592 2683 1653 2748 ille

316 2779 457 2860 agitaret
468 2780 628 2858 medicus,
646 2781 726 2860 quid
736 2782 919 2844 moliretur.
944 2783 1001 2845 Cui
1021 2799 1096 2844 cum
1118 2798 1180 2863 ego
1205 2781 1466 2862 respondissent,
1481 2783 1653 2862 epithema

314 2891 391 2941 eum
403 2879 609 2954 concinnare,
627 2895 692 2959 quo
708 2879 898 2958 praecordia
911 2877 1114 2956 fouerentur,
1127 2881 1239 2960 agnita
1248 2881 1303 2942 ille
1317 2882 1427 2944 statim
1440 2897 1530 2956 voce,
1544 2897 1653 2943 acme

312 2973 416 3038 hilare
432 2977 564 3040 intuens
575 2975 626 3059 (ut
642 2994 772 3057 semper
785 2975 913 3056 solitus)
931 2979 1015 3053 teos,
1031 2977 1149 3056 inquit,
1164 2979 1239 3040 heac
1254 2977 1383 3057 Angeia,
1399 2979 1499 3041 simul
1512 2978 1651 3042 brachia

312 3072 378 3134 iam
393 3074 553 3138 exhausta
569 3077 694 3139 viribus
709 3091 809 3156 aegre
826 3075 992 3152 attollens,
1006 3093 1126 3138 manus
1136 3077 1254 3139 ambas
1265 3079 1446 3141 arctissime
1457 3076 1646 3158 prehendit.

312 3172 361 3233 Me
374 3187 452 3235 vero
467 3175 634 3254 singultus
649 3175 903 3254 lachrymaeque
919 3191 994 3236 cum
1015 3175 1279 3254 occupauissent,
1305 3192 1390 3254 quas
1410 3176 1517 3238 celare
1534 3180 1652 3238 brnen

312 3269 429 3332 reiecta
443 3273 570 3334 ceruice
583 3273 738 3348 conabar,
757 3271 858 3334 nihilo
873 3272 929 3334 ille
944 3273 1149 3350 commotior,
1170 3275 1270 3336 etiam
1289 3276 1388 3352 atque
1410 3273 1509 3336 etiam
1524 3288 1651 3335 manus

311 3368 508 3430 retentabat.
522 3369 584 3432 Ubi
595 3375 706 3432 autem
722 3370 887 3447 persensit
902 3369 981 3432 fletu
1002 3369 1108 3432 adhuc
1126 3369 1313 3449 praepediri
1327 3387 1391 3448 me,
1411 3371 1602 3451 quominus
1617 3370 1651 3432 ei

312 3480 446 3542 operam
457 3467 581 3544 darem,
597 3469 701 3531 sensit
714 3469 836 3531 scilicet
851 3485 920 3546 eas,
937 3471 1098 3550 quasique
1113 3470 1363 3534 dissimulanter
1378 3469 1499 3534 omisit.
1510 3471 1579 3550 Ego
1592 3484 1650 3530 mc

310 3569 423 3626 autem
433 3569 587 3647 contiguo
598 3569 631 3629 in
643 3567 812 3646 penetrale
826 3569 962 3630 thalami
973 3569 1108 3631 conficio
1117 3569 1262 3647 flentem,
1272 3575 1373 3649 atque
1382 3569 1532 3631 habenas
1541 3565 1590 3648 (ut
1599 3567 1649 3628 ita

312 3661 429 3744 dicam)
444 3663 548 3727 dolori
561 3672 594 3728 et
607 3667 761 3746 lacrymis
778 3665 866 3728 laxo.
879 3669 952 3728 llox
962 3673 1074 3730 tamen
1089 3672 1239 3730 reuertor
1249 3668 1378 3744 eodem,
1394 3666 1522 3729 stccatis
1540 3681 1650 3744 quan-

310 3763 379 3821 tum
407 3761 526 3824 licebat
551 3765 664 3826 oculis.
695 3764 825 3828 llleubi
849 3781 902 3826 me
926 3765 1017 3840 vidit,
1043 3765 1124 3827 vidit
1149 3769 1260 3828 autem
1287 3766 1410 3843 statim,
1434 3768 1530 3828 vocat
1550 3761 1649 3826 adse

310 3873 455 3935 rursum,
479 3862 672 3941 quaeritque
694 3861 886 3940 perblanda,
908 3862 988 3941 quid
1009 3865 1103 3927 Picus
1127 3865 1308 3927 Mirandula
1326 3880 1408 3926 suus
1427 3867 1553 3944 ageret.
1570 3865 1651 3925 Res·

309 3956 451 4036 pondeo,
469 3975 603 4022 manere
619 3975 694 4022 eum
707 3959 741 4021 in
752 3961 845 4036 urbe,
858 3960 947 4039 quod
961 3967 1125 4038 vereatur,
1143 3977 1196 4038 ne,
1213 3962 1282 4038 illo,
1296 3963 1324 4024 si
1334 3960 1456 4036 veniat,
1473 3959 1649 4023 molestior

310 4054 363 4115 sit.
377 4059 419 4118 Αι
433 4073 507 4137 ego,
524 4057 643 4136 inquit,
656 4059 813 4134 vicissim,
836 4058 870 4119 ui
882 4075 1000 4121 verear
1017 4077 1060 4122 ne
1074 4060 1253 4122 molestum
1269 4059 1312 4121 sit
1326 4057 1357 4120 ei
1370 4058 1432 4120 hoc
1444 4057 1517 4129 iter,
1526 4055 1648 4118 ¹videre

308 4155 408 4231 atque
423 4154 545 4234 alloqui
559 4160 743 4218 extremum
756 4161 918 4235 exoptem,
929 4159 1124 4238 priusquam
1135 4157 1233 4237 plane
1245 4173 1265 4219 a
1275 4156 1371 4220 vobis
1382 4155 1520 4235 emigro.
1536 4153 1647 4216 Vin'tu

307 4249 455 4329 inquam,
475 4255 685 4317 accersatur?
703 4255 772 4334 Ego
795 4272 883 4333 vcro,
910 4256 956 4318 ait
979 4257 1048 4334 ille,
1074 4257 1331 4337 quamprimum.
1355 4257 1420 4318 lsta
1441 4271 1524 4317 sane
1546 4253 1645 4328 facio,

306 4355 441 4412 venerat
457 4351 534 4426 iam,
558 4351 740 4427 assederat,
762 4357 862 4433 atque
885 4372 948 4434 ego
965 4371 1110 4434 quoque,
1130 4355 1221 4418 iuxta
1246 4355 1390 4436 genibus
1414 4353 1644 4428 incubueram,

308 4463 374 4525 quo
388 4447 580 4528 loquentem
594 4454 772 4528 patronum
786 4449 925 4528 facilius,
939 4456 1055 4531 utpote
1072 4451 1200 4515 deiecta
1213 4453 1281 4515 iam
1290 4452 1419 4527 vocula,
1433 4449 1643 4513 exaudirem.

307 4547 396 4607 Bone
413 4548 513 4624 Deus,
532 4565 597 4627 qua
615 4549 668 4610 ille
690 4548 777 4610 hunc
799 4549 968 4611 hominem
992 4549 1156 4626 comitate,
1181 4568 1246 4630 qua
1272 4549 1494 4623 humanitate,
1519 4547 1643 4628 quibus

306 4647 406 4708 etiam
420 4649 517 4726 quasi
532 4647 699 4710 blanditiis
717 4649 870 4726 excepit?
892 4649 1033 4728 liogauit
1055 4649 1172 4726 primo,
1193 4649 1381 4729 ignosceret
1400 4647 1492 4728 quod
1504 4648 1536 4709 ei
1548 4647 1644 4711 labo-

304 4757 374 4806 rem
391 4743 478 4804 hunc
498 4743 706 4822 iniunxissat,
729 4747 832 4808 amori
854 4746 916 4809 hoc
934 4752 1046 4810 tanoen
1068 4753 1100 4808 et
1121 4747 1375 4810 beneuolentiae
1394 4746 1430 4810 in
1450 4746 1546 4808 illum
1562 4763 1645 4808 suae

305 4838 517 4916 adscriberet,
531 4843 689 4904 libentius
705 4859 779 4905 sese
790 4845 936 4907 animam
952 4845 1129 4920 editurum,
1143 4847 1171 4906 si
1186 4845 1279 4923 prius
1290 4844 1483 4907 amicissimi
1497 4843 1644 4906 hominis

306 4943 443 5014 aspectu
465 4939 642 5002 morientes
666 4941 779 5004 oculos
802 4943 967 5005 satiasset.
994 4945 1077 5004 'lum
1102 4958 1274 5004 sermones
1296 4942 1408 5005 iniecit
1425 4942 1587 5018 urbanos,
1604 4943 1645 5002 ut

306 5034 445 5113 solebat,
469 5043 500 5100 et
519 5037 707 5101 familiares.
730 5041 802 5101 Non
825 5040 906 5101 nihil
929 5041 1029 5102 etiam
1053 5045 1131 5102 tuuc
1143 5057 1277 5120 quoque
1299 5041 1427 5104 iocatus
1451 5040 1641 5114 nobiscum,

303 5133 383 5210 quin
398 5139 556 5215 utrosque
571 5137 703 5201 intuens
718 5154 798 5214 nos;
821 5135 943 5214 Vellem,
959 5139 1015 5213 ait,
1029 5137 1204 5201 distulisset
1220 5139 1490 5228 nwoatternmom
1506 5139 1584 5201 baec
1596 5137 1641 5200 cd
