3424 6038
323 487 378 544 281
783 481 958 539 JOHANNIS
983 479 1205 552 BURCHARDI,
1425 482 1562 546 [Decembre
1572 487 1625 550 uu]
1703 561 1704 580 ,

323 641 458 741 palatii,
489 645 586 736 Papa
604 644 787 737 presente.
808 637 903 711 Dixit
926 642 1080 734 quatuor
1111 635 1307 727 orationes,
1335 642 1375 710 ut
1406 636 1504 729 alias,
1524 646 1555 710 et
1571 639 1626 714 alia

326 765 448 841 omnia
477 787 578 838 more
606 770 780 837 consueto
812 768 896 837 sunt
922 764 1122 837 observata.
1157 764 1372 836 Sermonem
1402 761 1485 834 lecit
1511 763 1626 858 quidam

327 893 439 966 irater
454 888 589 964 ordinis
605 889 650 962 de
666 893 788 962 lttonte
805 887 984 978 Carmelo,
1002 910 1067 985 pro
1085 893 1318 984 procuratore
1331 886 1627 984 ejusdemordinis;

330 1017 469 1113 aliaque
480 1015 603 1090 omnia
619 1021 702 1088 sunt
720 1014 911 1089 observata
931 1035 1034 1087 more
1054 1019 1243 1087 consueto.

246 1138 247 1142 ’
378 1141 481 1217 Faria
499 1140 669 1232 secunda,
693 1145 739 1212 2-1
763 1138 979 1229 decembrio,
1003 1139 1127 1236 vigilia
1143 1138 1335 1212 nativitatis
1358 1137 1502 1228 Christi,
1525 1139 1580 1211 SS.
1599 1141 1629 1210 o.

330 1271 389 1358 Ν.,
404 1273 550 1365 paratus
565 1265 791 1364 paramensis
811 1265 914 1357 albis,
940 1263 1039 1338 venit
1058 1264 1103 1337 ad
1125 1263 1311 1338 basilicam
1331 1289 1361 1338 s.
1382 1263 1479 1338 Petri
1493 1285 1560 1335 non
1573 1285 1633 1360 pro

329 1392 591 1483 cessionaliter‚
621 1391 707 1466 licet
737 1391 847 1466 abbas
871 1391 1023 1465 sacrista
1052 1410 1154 1462 more
1184 1394 1361 1488 consueto
1394 1411 1519 1462 omnes
1545 1389 1634 1460 bonas

331 1517 559 1594 ceremonias
583 1523 789 1614 pervertere
815 1517 977 1608 studens,
1005 1514 1161 1588 intimari
1177 1513 1322 1589 lecisset
1342 1513 1439 1611 quod
1462 1512 1635 1587 cardinales

251 1721 252 1725 ,
332 1651 367 1718 11
387 1642 516 1741 prelati
532 1642 647 1740 parati
666 1648 702 1716 et
724 1645 821 1738 Papa
844 1641 1163 1739 processionaliter
1184 1641 1305 1719 venire
1325 1641 1498 1716 deberent
1520 1641 1563 1714 ad
1584 1640 1637 1713 dic-

332 1774 407 1841 tam
430 1765 616 1840 basilicam
645 1764 924 1863 precedentibus
952 1788 1058 1840 cruce
1088 1771 1124 1839 et
1148 1765 1389 1840 cardinalibus
1417 1790 1460 1841 ac
1485 1765 1639 1862 sequenti-

332 1891 398 1964 bns
415 1891 562 1988 prelatis
578 1891 615 1963 in
629 1891 753 1989 cappis
775 1915 875 1964 more
893 1889 1013 1981 solito,
1030 1889 1091 1963 ubi
1107 1889 1201 1965 lacta
1219 1891 1418 1966 reverentia
1434 1891 1479 1966 ab
1496 1891 1639 1964 omnibus

333 2016 574 2090 cardinalibus
589 2015 626 2088 in
646 2015 769 2113 cappis
789 2041 797 2088 :
813 2015 978 2113 juniores
998 2015 1141 2088 diaconi
1160 2016 1194 2089 in
1215 2017 1338 2115 cappis
1362 2017 1435 2090 suis
1456 2023 1641 2089 manserunt

334 2143 379 2218 ad
395 2148 528 2239 Papam
549 2147 585 2215 et
605 2142 815 2216 assistentes
836 2165 878 2215 ac
897 2141 956 2216 alii
979 2165 1106 2214 omnes
1126 2149 1347 2238 acceperunt
1367 2147 1574 2239 paramenta
1592 2139 1641 2212 sibi

335 2267 598 2358 convenientia,
622 2266 752 2341 deinde
776 2266 891 2364 parati
914 2265 1124 2342 assistentes
1145 2273 1180 2338 et
1204 2265 1253 2338 illi
1278 2265 1348 2338 duo
1368 2265 1404 2338 in
1425 2265 1514 2338 locis
1534 2265 1600 2338 suis
1615 2289 1642 2337 se
1698 2319 1699 2322 ,

335 2397 520 2492 pararunt.
544 2391 717 2466 Omnibus
739 2391 884 2488 paratis,
910 2395 1008 2489 Papa
1028 2391 1165 2489 incepit
1183 2414 1350 2489 resperas
1372 2390 1569 2482 solemnes;
1588 2391 1644 2487 pri-

336 2541 434 2592 mam
455 2511 702 2614 antiphonam,
723 2517 899 2616 hymnum
920 2524 955 2591 et
975 2517 1209 2614 antiphonam
1230 2516 1275 2590 ad
1293 2513 1645 2614 Mapnificatintona-

338 2649 421 2716 runt
446 2646 560 2738 Pape;
591 2642 802 2732 secundam,
835 2641 1025 2715 cardinalis
1049 2640 1236 2732 Senensis3
1262 2640 1417 2732 tertiam,
1445 2638 1644 2714 vicecancel-

340 2767 470 2857 larius;
488 2771 667 2863 quartam,
686 2767 983 2857 Mediolanensis;
1006 2772 1042 2840 et
1057 2766 1233 2863 quintam,
1261 2768 1497 2842 camerarius.
1515 2771 1556 2840 D.
1579 2768 1646 2837 llat-

343 2893 449 2965 theus
464 2891 551 2964 Cibo
572 2889 813 2964 subdiaconus
832 2891 1072 2988 preintonavit
1097 2891 1328 2988 antiphonas,
1349 2893 1528 2991 hymnum
1548 2898 1645 2964 auten

341 3021 384 3090 D.
404 3016 617 3090 Franciscus
634 3019 786 3090 Brentus
800 3014 953 3090 auditor.
972 3013 1049 3088 Alia
1065 3015 1188 3088 omnia
1203 3038 1304 3088 more
1323 3015 1429 3090 solito
1446 3019 1530 3087 sunt
1545 3013 1646 3087 obser·

341 3149 433 3216 rata.
462 3141 586 3242 Finitis
610 3141 783 3238 vesperis,
808 3139 1011 3214 cardinales
1034 3139 1223 3237 etprelati,
1244 3141 1417 3240 depositis
1432 3139 1645 3240 paramentis.
1701 3149 1702 3230 ᾗ

339 3267 564 3340 associarunt
598 3268 662 3340 SS.
691 3269 734 3339 1).
761 3268 820 3355 Ν.,
843 3265 879 3338 in
902 3264 1026 3362 cappis
1051 3287 1167 3360 usque
1198 3265 1244 3338 ad
1267 3287 1464 3356 cameram,
1497 3273 1534 3339 ut
1557 3261 1646 3336 moris

340 3397 407 3466 est.
422 3394 461 3464 ln
477 3396 582 3464 nocte
600 3390 778 3487 sequenti,
797 3397 879 3464 ante
894 3391 1023 3463 horam
1039 3414 1099 3463 nn
1111 3397 1146 3463 et
1157 3413 1191 3462 nr
1204 3412 1268 3463 seu
1283 3413 1413 3487 parum
1430 3396 1527 3480 ante,
1545 3391 1600 3464 SS.
1614 3391 1645 3462 o.

340 3519 382 3590 N.
403 3515 549 3589 indutus
565 3514 711 3605 amictu,
730 3514 824 3606 alba,
842 3513 1001 3612 cingulo,
1015 3514 1107 3588 stola
1123 3514 1203 3589 alba
1215 3519 1250 3589 et
1265 3537 1381 3611 cappa
1395 3512 1440 3586 de
1454 3511 1645 3596 cremesino,

340 3638 617 3736 precedentibus
638 3662 746 3714 cruce
770 3647 805 3714 et
825 3639 1079 3730 cardinalibus,
1101 3639 1196 3713 venit
1219 3638 1265 3712 ad
1286 3637 1463 3735 capellam
1484 3639 1648 3736 majorem.

342 3767 420 3836 Duo
443 3763 644 3838 cardinales
667 3763 810 3838 diaconi
837 3763 897 3860 qui
919 3763 1039 3861 ipsum
1061 3763 1266 3856 induerunt,
1291 3764 1431 3838 iverunt
1453 3763 1491 3838 in
1509 3765 1584 3837 loca
1600 3782 1648 3832 sua

341 3895 423 3986 post
445 3912 590 3962 crucem
610 3895 694 3963 ante
719 3891 951 3990 presbyteros
973 3891 1186 3982 cardinales,
1210 3891 1386 3988 quianon
1406 3889 1448 3965 lit
1472 3886 1648 3964 assistentia

343 4017 452 4112 Papa.
470 4017 509 4087 ln
529 4014 586 4086 his
601 4015 799 4106 matutinis,
816 4016 854 4089 in
870 4017 1021 4114 capella,
1042 4021 1139 4115 Papa
1158 4016 1272 4091 oravit
1286 4017 1322 4089 in
1338 4017 1547 4090 faldistorio.
1567 4013 1647 4110 Epis-

342 4161 454 4236 copus
473 4137 669 4211 Alerieusis
683 4138 855 4214 assistens
869 4141 1022 4238 portavit
1033 4140 1193 4215 fimbrias
1205 4165 1319 4239 cappe
1335 4145 1450 4239 Pape;
1464 4142 1646 4216 assistentes

343 4266 438 4361 Papa
456 4271 631 4337 venerunt
646 4262 683 4335 111
698 4265 835 4362 cappis,
854 4273 893 4338 ut
907 4265 1017 4340 moris
1043 4273 1114 4358 est;
1139 4266 1198 4340 alii
1217 4274 1340 4341 tamen
1360 4291 1405 4340 ex
1426 4266 1479 4339 eis
1495 4265 1600 4340 minus
1613 4261 1645 4331 de

344 4387 561 4462 ceremoniis
576 4386 771 4480 informati,
785 4389 954 4463 dicebant
964 4391 1086 4466 venire
1102 4391 1235 4466 debere
1251 4390 1339 4464 utin
1353 4391 1534 4464 matutinis
1548 4387 1648 4461 detun-

344 4518 485 4585 ctorum
496 4511 532 4584 in
546 4511 603 4586 die
620 4512 787 4586 Omnium
801 4516 1016 4589 Sanctorum
1029 4517 1123 4590 male
1138 4521 1312 4592 venerant
1328 4541 1336 4589 :
1354 4515 1534 4591 intellecto
1549 4519 1644 4585 tamen

346 4661 463 4728 more,
490 4637 757 4734 acquieverunt.
794 4642 903 4736 Papa,
931 4639 1027 4716 lacta
1057 4642 1234 4733 oratione,
1267 4641 1430 4715 ascendit
1459 4641 1503 4715 ad
1531 4636 1644 4711 sedem.

347 4765 391 4835 D.
415 4761 606 4858 episcopus
641 4761 836 4837 Aleriensis
868 4766 999 4863 aptavit
1025 4765 1198 4840 fimbrias.
1228 4768 1308 4839 [tuo
1337 4766 1479 4840 diaconi
1506 4762 1644 4838 assistere

349 4885 506 4960 solentes
529 4886 752 4960 associarunt
768 4892 902 4988 Papam
917 4915 1031 4988 usque
1050 4891 1096 4965 ad
1116 4891 1260 4980 solium,
1282 4890 1413 4965 deinde
1436 4877 1646 4964 redieruntad

348 5011 505 5084 bancum
523 5033 661 5084 corum.
683 5015 781 5110 Papa
799 5014 903 5097 sedit.
928 5017 1056 5090 deinde
1079 5017 1234 5090 surrexit
1255 5025 1292 5092 et
1311 5018 1399 5091 dixit
1418 5019 1524 5092 Pater
1539 5020 1643 5090 noster,

350 5131 420 5204 alte
435 5131 640 5230 incipiendo
658 5141 694 5210 et
713 5138 892 5214 submissa
909 5164 995 5216 voce
1020 5141 1264 5239 perficiendo;
1282 5167 1325 5218 11
1350 5143 1471 5218 omnia
1486 5139 1548 5214 alia
1565 5151 1644 5208 more
