3496 6056
65 505 207 568 'narrar
369 495 495 555 annun
518 495 748 556 unslnnnun
772 459 1034 558 oonnrnurann.
1320 503 1368 556 151
1470 553 1472 557 .

100 659 258 746 Sabbata,
292 649 471 728 emensis
496 651 651 747 augusti,
680 655 743 726 SS.
772 657 815 726 l).
841 657 884 726 N.
914 658 1059 749 paratus
1091 653 1236 744 amictu,
1275 653 1368 743 alba,

58 785 192 882 cingulo,
210 781 305 854 stola
317 778 490 867 violacea,
508 776 651 874 pluviali
667 777 779 852 rubeo
795 784 832 850 et
849 778 956 851 mitra
971 777 1147 875 simplice,
1166 779 1369 876 preceden-

59 915 135 987 tibus
151 931 257 982 cruce
274 911 311 978 et
326 902 580 992 cardinalibus
598 903 694 976 venit
713 903 759 976 ad
778 903 965 1000 capellam.
977 905 1156 1001 majorem
1178 905 1238 978 ubi
1258 906 1372 979 inter-

59 1040 110 1111 luit
128 1035 232 1108 misse
251 1031 505 1104 defunctorum
524 1051 590 1126 pro
610 1028 853 1102 anniversario
871 1030 958 1102 Sixti
972 1053 1063 1126 pape
1080 1033 1157 1121 llll,
1176 1030 1372 1127 predeces-

61 1161 137 1234 soris
159 1159 226 1250 sui,
254 1181 321 1256 per
347 1160 388 1228 R.
416 1159 456 1228 P.
486 1158 527 1228 u.
558 1155 801 1245 Leonardum,
826 1154 1034 1250 episcopum
1056 1155 1371 1251 albenganensem

59 1284 209 1358 ricarium
225 1281 346 1371 Urbis,
358 1279 562 1354 celebrate.
586 1282 628 1352 Et
643 1279 680 1352 in
697 1280 782 1370 line,
801 1280 878 1377 ipsa
898 1279 1062 1374 pontifex
1078 1279 1164 1352 fecit
1181 1280 1374 1355 absolutio-

59 1435 131 1485 nem
149 1431 249 1484 morc
270 1411 460 1482 consueto.
486 1404 730 1478 lnteriucrunt
750 1428 814 1478 sex
835 1404 1037 1476 cardinales
1061 1411 1200 1477 tantum
1221 1405 1258 1476 in
1278 1407 1372 1478 Urbe

58 1537 253 1625 existentes,
277 1531 446 1606 videlicet
465 1558 472 1602 :
491 1528 761 1626 Neapolitanus,
785 1553 814 1601 s.
834 1529 929 1604 Petri
951 1529 997 1602 ad
1016 1529 1182 1620 Vincula,
1208 1531 1358 1628 Andaga

59 1660 175 1748 sensis,
193 1659 239 1732 de
258 1655 471 1742 comitibus,
489 1654 640 1728 Sabellis
654 1661 690 1730 et
705 1657 891 1730 Columna.

93 1785 195 1858 Albas
211 1782 364 1856 sacrista
378 1787 503 1854 noster
518 1781 742 1854 ordinaverat
764 1782 862 1879 quod
882 1786 979 1879 Papa
999 1782 1136 1856 veniret
1150 1783 1187 1855 in
1201 1807 1316 1881 cappa
1331 1784 1376 1858 de

58 1910 217 1998 scarlato;
237 1915 360 1982 tamen
375 1906 421 1980 ad
435 1906 701 1980 ordinationem
716 1931 835 1982 meam
852 1915 888 1982 et
904 1909 999 2004 quia,
1011 1912 1108 2005 Papa
1116 1908 1375 2004 interrogante,

59 2034 238 2108 cardinalis
261 2032 517 2128 Neapolitanus
549 2038 585 2106 et
616 2031 814 2105 Aleriensis
841 2057 883 2106 ac
910 2033 1118 2106 Tiburtinus
1152 2035 1312 2132 episcopi
1342 2043 1378 2110 et

60 2157 190 2253 quidam
210 2157 271 2232 alii
294 2158 427 2233 ibidem
446 2165 635 2254 presentes
655 2157 881 2232 affirmarunt
900 2159 1108 2256 opinionem
1129 2166 1165 2232 et
1185 2160 1379 2234 ordinatio-

16 2335 19 2344 .
61 2305 134 2355 nem
147 2307 283 2374 meam,
301 2287 398 2380 Papa
411 2283 507 2356 venit
521 2283 558 2354 in
573 2283 730 2380 pluviali,
747 2290 786 2357 nt
801 2285 966 2382 superius
981 2285 1117 2358 dictum
1133 2291 1204 2375 est;
1221 2286 1286 2360 sed,
1302 2286 1378 2384 ipse

63 2407 200 2482 sacrista
214 2432 289 2482 non
310 2409 403 2484 male
422 2409 560 2484 dixerat
579 2409 750 2506 quoniam
766 2409 802 2482 in
817 2409 965 2484 arbitrio
984 2414 1078 2507 Pape
1091 2410 1309 2509 estpluriale
1326 2413 1379 2486 rel

61 2555 161 2631 cappa
181 2535 248 2607 uti.

102 2660 203 2734 Faria
237 2663 409 2750 secunda,
442 2666 484 2734 15
511 2660 648 2735 mensis
678 2661 834 2757 augusti,
865 2662 956 2736 sesto
985 2661 1242 2760 assumptionis
1275 2664 1380 2739 beate

58 2784 158 2857 llarie
173 2767 335 2882 uirginis,
354 2789 417 2862 SS.
435 2791 477 2860 D.
494 2791 552 2877 Ν.,
570 2786 607 2858 in
623 2793 746 2860 manto
764 2811 873 2884 super
883 2788 1087 2878 rochetum,
1107 2790 1241 2886 absque
1256 2814 1377 2879 cruce,

59 2908 127 2982 sine
153 2911 273 3008 aliquo
299 2912 493 3004 cardinale,
519 2913 616 2986 venit
648 2913 693 2985 ad
720 2913 897 3010 capellam
921 2915 1099 3011 majorem
1123 2916 1379 3014 supradictam,
1482 2907 1483 2912 ’

59 3035 112 3107 ubi
137 3036 232 3110 tacta
256 3038 293 3110 in
318 3036 518 3112 faldistorio
544 3037 707 3112 oratione
734 3061 834 3112 more
858 3039 977 3131 solito,
1003 3040 1089 3113 lecit
1110 3041 1382 3115 contessionem

59 3183 133 3233 cum
148 3163 371 3253 celebrante3
390 3170 466 3238 tum
482 3163 645 3237 ascendit
661 3163 804 3254 solium,
824 3164 859 3236 in
875 3189 958 3260 quo,
977 3171 1097 3238 amota
1115 3166 1200 3239 sede
1225 3168 1379 3262 majore,

62 3287 146 3359 sedit
160 3287 198 3359 in
212 3288 366 3384 quadam
388 3289 473 3362 sede
496 3288 665 3362 camerali
685 3290 729 3362 de
751 3290 899 3362 brocato
925 3289 990 3363 sibi
1016 3296 1153 3386 parata,
1181 3290 1382 3364 faldistorio

61 3433 176 3485 coram
199 3415 385 3510 seposito,
413 3421 448 3488 et
468 3414 624 3510 desuper
645 3413 916 3504 missali,libro;
939 3415 1000 3488 ubi
1024 3439 1106 3488 cum
1132 3415 1278 3514 prelatis
1309 3416 1383 3489 suis

62 3537 258 3614 domesticis
271 3541 309 3613 in
325 3562 452 3614 eorum
470 3541 650 3616 mantellis
674 3541 709 3614 in
730 3541 821 3615 locis
836 3540 1018 3614 consuetis
1029 3541 1219 3631 stantibus,
1237 3541 1384 3616 missam

62 3665 183 3738 audivit
202 3689 309 3762 quam
334 3670 376 3739 R.
401 3670 440 3740 P.
467 3670 509 3739 D.
536 3667 721 3740 Jobannes
747 3667 938 3764 episcopus
965 3667 1245 3763 StrungulensiS,
1275 3668 1384 3740 etiam

62 3790 209 3884 prelatus
230 3815 315 3864 suus
338 3791 573 3883 domesticus,
590 3793 848 3890 pontificaliter
862 3791 1016 3865 diacono
1032 3796 1067 3864 et
1083 3791 1304 3866 subdiacono
1318 3792 1385 3864 sibi

61 3915 349 4008 ministrantibus,
367 3918 534 3992 cantavit.
554 3921 633 3992 Non
649 3943 728 3990 sum
748 3941 835 3990 usus
852 3918 1002 3991 incenso
1021 3916 1058 3988 in
1080 3917 1258 4014 principio
1275 3917 1385 3990 misse

61 4063 172 4136 neque
195 4043 240 4117 ad
262 4043 502 4140 evangelium,
529 4044 574 4117 ad
599 4044 826 4140 quodetiam
853 4042 1044 4115 luminaria
1066 4067 1140 4115 non
1161 4041 1231 4114 teci
1254 4041 1388 4115 delerri

64 4173 139 4262 post
162 4168 400 4266 evangelium,
435 4169 552 4266 primo
583 4169 754 4267 episcopo
784 4169 974 4242 assistente
1005 4166 1231 4240 ministrante
1257 4166 1388 4238 librum

65 4315 165 4386 quem
191 4295 236 4370 de
266 4295 432 4368 manibus
458 4295 547 4369 mais
573 4295 722 4392 recepit.
754 4298 850 4392 Papa
879 4293 1103 4390 evangelium
1131 4297 1185 4366 est
1208 4293 1388 4366 osculatus

67 4425 99 4491 ct
118 4420 160 4492 ab
181 4420 326 4512 eodem,
352 4445 417 4495 suo
445 4426 621 4518 tempore,
644 4421 785 4517 accepit
810 4443 939 4517 pacem
962 4443 1028 4516 per
1046 4419 1324 4493 instrumentum
1345 4419 1390 4493 ad

71 4542 137 4616 boc
153 4553 327 4642 paratum,
355 4547 451 4642 quod
474 4547 518 4620 de
543 4552 670 4644 postea
693 4545 770 4618 aliis
797 4544 943 4642 prelatis
972 4543 1115 4642 porrexi
1138 4544 1386 4618 osculandum.

72 4669 177 4744 Finita
195 4671 320 4762 missa,
344 4677 438 4770 Papa
463 4679 561 4745 stans
585 4673 622 4744 in
642 4672 726 4744 sede
752 4671 925 4768 predicta,
950 4671 1066 4767 capite
1089 4675 1275 4767 cooperto,
1293 4671 1391 4744 dedit

72 4793 355 4872 benedictionem
379 4795 504 4871 dicens
523 4819 531 4869 :
549 4794 607 4868 Sit
628 4818 768 4884 nomen,
791 4805 854 4866 etc.
868 4819 883 4882 ,·
903 4799 979 4866 turn
1001 4793 1046 4866 ad
1066 4817 1248 4868 cameram
1269 4816 1392 4868 rever-

73 4941 130 4991 sus
144 4928 207 5012 est,
225 4922 412 5020 principali
425 4922 564 5018 prelato
587 4920 748 4993 fimbrias
765 4919 877 4992 manti
893 4919 998 4991 simul
1023 4919 1193 4994 collectas
1206 4919 1391 4994 deferente

74 5045 129 5137 qui
143 5047 247 5120 etiam
265 5047 355 5138 illas,
378 5047 548 5145 pontifice
565 5071 609 5119 ex
625 5067 770 5134 camera
785 5044 964 5132 veniente,
978 5048 1193 5140 portaverat.
1209 5049 1277 5118 Pro
1289 5043 1395 5117 oller-

74 5169 157 5243 torio
187 5173 411 5248 ministrante
441 5171 605 5270 predicto
631 5172 822 5245 assistente
850 5167 1064 5258 naviculam,
1100 5173 1196 5267 Papa
1223 5159 1394 5265 imposuit
