3578 6032
687 423 898 507 appennius.
1404 427 1458 481 ese

123 581 245 642 simam
268 583 402 659 gentem
426 577 526 640 armis
550 577 744 657 perturbat;'
759 577 860 641 fortes
880 577 1015 658 quidem
1034 577 1166 658 hispani
1187 593 1269 658 pace
1283 577 1455 654 fruuntur3

123 683 259 756 tempus
274 677 345 739 ocio
359 681 505 740 terentes
515 676 717 756 assiduoque
737 677 921 757 cogitantes
942 693 1008 756 quo
1022 683 1117 756 pacto
1129 677 1308 742 barbaram
1322 683 1456 760 gentem

122 777 230 838 hetice
245 776 500 855 imperitantem,
516 773 636 837 fretum
652 774 846 854 gaditanum
858 775 1005 837 traiicere
1021 779 1052 838 ct
1067 775 1193 854 patrios
1207 775 1295 838 lares
1309 791 1457 839 remeare

124 877 258 951 cogant.
282 873 492 942 Theutonum
506 873 597 936 natio
611 873 733 947 inolita,
750 888 816 952 que
836 873 1019 936 incolarum
1032 873 1217 952 frequentia
1231 875 1351 936 ceteris
1363 873 1456 938 facile

121 975 268 1051 prestat;
285 970 469 1050 principum
492 969 677 1048 pluralitate
693 985 821 1050 suaque
834 971 1061 1051 magnitudine
1076 971 1205 1034 laborat
1220 991 1228 1034 :
1244 977 1276 1033 et
1291 973 1454 1050 priuatam

123 1071 285 1133 ditionem
300 1069 398 1132 tutan
413 1069 556 1148 quisque
572 1068 626 1131 vel
646 1083 770 1149 augere
791 1069 916 1131 nititur.
940 1070 1058 1150 anglia
1073 1071 1217 1132 strenuis
1230 1069 1306 1134 viris
1320 1067 1452 1148 referta,

122 1173 154 1230 ei
170 1167 281 1231 dotale
295 1185 314 1230 a
330 1171 495 1230 scotorum
511 1183 589 1246 rege
613 1169 730 1245 repetit
749 1183 937 1247 sponseque
957 1172 1183 1247 contemptum
1198 1168 1363 1232 vindicare
1378 1185 1453 1248 pro·

123 1271 230 1344 perat.
258 1265 329 1342 Quo
352 1263 390 1326 fit
411 1269 448 1327 ut
471 1263 713 1327 bellicosissimi
730 1265 790 1328 viri
811 1266 881 1328 aori
898 1265 987 1328 bello
1010 1266 1234 1346 implicentur3
1264 1268 1345 1329 mira
1368 1272 1457 1329 certe

122 1379 256 1426 morum
268 1363 408 1438 insania,
426 1379 508 1442 pace
524 1365 673 1426 omnium
690 1363 771 1444 (zelo
785 1361 861 1426 fidei
877 1363 1053 1444 impulsus)
1067 1365 1216 1427 dixerim.
1230 1365 1319 1427 Gens
1329 1365 1458 1428 christi-

121 1463 194 1525 cola
210 1477 276 1542 que
289 1461 570 1540 suiredemptoris
594 1462 811 1542 ignominiam
833 1461 996 1526 vindicare
1011 1463 1120 1535 debet,
1141 1463 1281 1542 priuatis
1297 1463 1453 1528 obcecata

121 1561 307 1635 aflectibus,
328 1561 361 1622 in
382 1560 570 1638 prophanus
591 1577 671 1622 usus
691 1577 770 1622 suas
789 1562 886 1623 vertit
909 1563 1007 1624 vires,
1033 1563 1159 1626 utinam
1182 1579 1259 1625 seua
1273 1561 1449 1640 beamine,

121 1660 185 1722 hec
198 1659 295 1721 fortia
307 1663 450 1737 pectora,
467 1658 509 1718 he
524 1659 622 1736 vires,
639 1659 672 1720 hi
694 1675 815 1721 census
839 1659 962 1722 thurcis
978 1659 1187 1722 obicerentur
1199 1665 1234 1722 ut
1250 1660 1368 1722 saltem
1379 1675 1451 1740 gre-

121 1758 171 1820 cia
188 1761 222 1819 et
235 1756 414 1836 imperialis
431 1755 527 1820 sedes
539 1755 750 1837 (tempestate
763 1757 890 1838 nostra)
905 1757 1062 1820 catholico
1078 1759 1177 1820 cultui
1193 1757 1315 1833 ablata,
1330 1759 1451 1820 christo

119 1855 402 1935 redintegareiur,
427 1859 459 1918 et
483 1854 572 1934 quod
596 1855 701 1917 nostri
722 1860 833 1934 patres
862 1873 990 1936 nosque
1016 1853 1075 1918 liiii
1100 1855 1317 1936 perdidimus,
1343 1861 1456 1918 nostro

120 1953 226 2016 cultui
239 1951 464 2028 vendicemus,
481 1953 603 2014 missas
619 1952 777 2016 iaciamus
801 1955 954 2034 querelas
971 1974 978 2016 :
997 1954 1079 2016 deus
1105 1955 1177 2016 sine
1202 1954 1298 2036 cujus
1313 1959 1395 2017 nutu
1405 1955 1452 2018 nil

119 2057 216 2114 recte
244 2051 366 2132 agitur,
392 2052 449 2130 qui
475 2067 516 2113 ex
541 2051 606 2114 alta
632 2052 764 2131 specula
789 2069 892 2134 vagas
922 2053 1094 2115 hominum
1124 2057 1254 2115 mentes
1283 2053 1452 2131 prospicit,

118 2150 284 2230 graticam
298 2149 465 2212 mentibus
480 2147 723 2230 infundai;·qua
739 2150 915 2228 illuminati
932 2151 1080 2214 catholici
1097 2151 1137 2213 de
1152 2151 1328 2230 nephanda
1343 2155 1453 2230 tyran·

120 2247 212 2322 uide,
242 2247 418 2310 vindictam
441 2249 641 2328 quandoque
673 2253 816 2312 sumant.
842 2252 908 2313 Nec
930 2251 1016 2314 inter
1041 2251 1101 2313 hos
1126 2250 1266 2330 quidem
1288 2264 1457 2311 armorum

119 2345 275 2408 fremitus
296 2351 327 2408 et
341 2345 639 2410 truculentissimas
659 2345 738 2410 fidei
758 2347 904 2410 hostium
927 2348 1014 2411 vires
1038 2349 1236 2428 horridaque
1251 2363 1353 2410 arma.
1377 2346 1451 2410 Cla·

124 2444 259 2506 rissirna
274 2442 399 2506 rhodus
413 2445 532 2507 minori
549 2445 620 2508 asie
632 2443 711 2528 (que
727 2446 841 2508 thurco
864 2450 968 2525 paret)
994 2447 1148 2510 adiacens
1172 2447 1282 2528 quieta
1294 2445 1452 2524 persistit.

122 2545 199 2622 ipsa
216 2546 306 2604 certe
315 2543 418 2606 multa
441 2543 648 2618 detrimenta,
663 2545 767 2607 multa
782 2546 938 2624 pericula,
960 2547 1062 2608 multa
1077 2547 1215 2626 insuper
1227 2549 1391 2607 tormenta
1402 2548 1453 2606 est

120 2645 269 2720 experta.
304 2641 430 2718 Quibus
463 2642 538 2704 licet
572 2648 763 2724 oppugnata
797 2643 983 2724 afflictaque
1015 2661 1129 2723 pressa
1152 2643 1319 2706 fuit:non
1341 2647 1454 2706 tamen

119 2725 311 2819 expugnata
326 2739 408 2801 victa
428 2739 481 2802 vel
501 2739 655 2804 distracta
679 2741 793 2804 extitit.
818 2743 882 2805 Sed
905 2743 1158 2805 christianorum
1186 2743 1312 2805 cultum
1326 2743 1455 2804 fortiter

123 2843 230 2900 tutata
244 2843 309 2913 est,
326 2851 365 2898 ac
379 2835 513 2900 iuvante
529 2835 603 2914 deo,
629 2839 763 2902 retinuit
784 2843 819 2901 ut
839 2841 873 2902 in
895 2840 1014 2918 pusillo
1029 2841 1214 2920 principatu
1227 2845 1259 2903 et
1271 2855 1453 2919 paucorum

15 2941 16 2944 ’
116 2951 220 2996 cruce
245 2935 452 3014 signatorum
478 2941 563 3012 cetu,
588 2936 843 3000 machabeorum
868 2939 974 3000 instar
988 2938 1097 3000 divina
1116 2939 1219 3000 virtus
1243 2938 1396 3014 eluceret,
1418 2941 1451 2999 et

117 3033 313 3096 thurcorum
325 3037 428 3094 tetras
442 3037 572 3094 mentes
587 3039 795 3112 perterreret,
813 3034 869 3114 qui
889 3033 965 3114 (deo
980 3032 1182 3114 posthabito)
1202 3049 1262 3096 sua
1282 3031 1449 3098 ferocitate

118 3128 293 3194 confidunt
305 3135 337 3192 et
349 3131 491 3210 propriis
507 3131 631 3194 viribus
646 3133 841 3196 innituntur.

120 3391 133 3420 ι
153 3364 355 3427 Phorcorum
373 3355 443 3426 licor
458 3364 650 3428 Rhodiorum
664 3345 774 3443 pacem
796 3368 948 3444 affectans
970 3367 1128 3444 quosdam
1152 3365 1311 3428 submittit
1331 3366 1389 3448 qui
1407 3367 1451 3430 od

399 3463 512 3540 foedus
523 3463 768 3544 percurrendum
780 3466 970 3543 nequirem
983 3465 1159 3528 hortentur.

160 3659 174 3692 ι
193 3634 361 3714 impulsus
376 3633 487 3714 itaque
502 3635 658 3715 Bagyazit
681 3633 871 3696 thurcorum
891 3633 1081 3714 imperator,
1094 3635 1174 3698 dum
1187 3635 1323 3700 fratrem
1338 3653 1446 3718 perse·

116 3735 232 3816 quitur
244 3738 277 3796 et
288 3749 393 3813 regno
419 3732 551 3810 spoliat,
578 3731 770 3794 rhodiorum
788 3733 1011 3813 generositate
1032 3749 1147 3812 paoem
1170 3735 1253 3798 inire
1262 3735 1392 3798 allectat
1408 3741 1443 3800 ut

115 3833 209 3895 fratri
224 3830 366 3912 coniuge
383 3845 459 3910 spes
473 3831 622 3893 aulierat.
643 3830 707 3893 Sed
725 3831 889 3896 barbarus
905 3831 1069 3911 princeps,
1084 3835 1248 3913 grauitate
1259 3841 1391 3898 seruata
1406 3851 1449 3898 ne

114 3929 333 4008 imperiosum
355 3927 632 3991 othumannidum
657 3929 748 3992 ledat
760 3931 919 4005 animum,
936 3931 1150 3994 clandestinis
1165 3931 1311 3994 consiliis
1330 3930 1448 3994 foedus

114 4028 209 4108 petit.
224 4027 392 4106 Quosdam
413 4027 538 4106 quippe
553 4027 718 4090 submittit
733 4028 790 4109 qui
812 4029 1025 4108 negociorum
1040 4033 1192 4107 pretextu
1205 4025 1300 4091 vafro
1315 4028 1448 4110 ingenio

114 4126 375 4205 excogitatorum
385 4140 499 4204 pacem
510 4125 593 4186 inire
605 4125 785 4188 hortentur.
797 4125 998 4188 Rhodiorum
1011 4142 1088 4187 vero
1099 4125 1280 4204 precellens
1291 4127 1450 4206 magister

113 4233 231 4305 petrus
253 4225 460 4300 daubusson,
484 4225 621 4288 consilio
652 4227 831 4305 perspicaci
859 4225 1018 4304 preditus,
1044 4229 1161 4303 tegnes
1188 4224 1306 4286 horum
1329 4225 1447 4302 vitane,

113 4341 296 4405 parumper
310 4324 408 4389 surda
425 4340 505 4386 aure
517 4325 642 4387 monita
664 4325 814 4403 preterit,
831 4340 869 4386 ac
882 4328 1014 4402 tempus
1027 4326 1151 4398 terens,
1168 4319 1296 4384 dissidii
1310 4320 1449 4386 fratrum

114 4424 222 4502 operit
250 4421 386 4484 exitum.
417 4423 576 4500 Bagyazit
604 4422 744 4484 huiusce
772 4422 900 4502 negocii
927 4435 1082 4484 suarores
1099 4439 1107 4481 :
1123 4436 1191 4482 non
1216 4421 1297 4482 satis
1327 4421 1450 4486 habere

114 4521 274 4600 ponderis
296 4521 507 4584 coniectans:
525 4523 611 4584 clam
635 4519 835 4582 Sankiakbei
859 4519 932 4581 licie
953 4517 1131 4597 presidem,
1153 4517 1345 4581 rhodiorum
1365 4517 1450 4582 fines

113 4617 314 4682 incolentem
327 4617 380 4698 (ut
402 4621 603 4696 artepacem
625 4614 780 4690 suadeat;
809 4629 913 4693 seque
939 4613 1157 4676 mediatorem
1173 4613 1300 4690 ollerat)
1312 4613 1446 4692 inducit.

114 4717 383 4797 Magisteraures
396 4731 575 4795 parumper
600 4711 802 4787 accomodat,
829 4711 918 4790 quod
939 4713 1056 4792 grauis
1083 4713 1133 4774 vir
1158 4717 1247 4774 esset
1262 4729 1387 4791 preses.
1400 4715 1450 4776 Sic

113 4819 294 4877 semestres
307 4813 439 4876 inducia
454 4817 548 4891 pacta
564 4827 630 4891 quo
646 4811 687 4874 de
702 4826 783 4898 pace
806 4809 914 4872 tucius
937 4814 1107 4884 tractetur,
1123 4813 1187 4873 Nec
1210 4813 1369 4892 magister
1381 4827 1449 4875 ma-

111 4927 261 4992 gnopere
276 4909 377 4973 fldem
396 4910 529 4973 barbari
548 4909 655 4972 fallaci
678 4907 812 4988 ingenio
838 4907 987 4984 adhibet;
1012 4908 1072 4970 sed
1092 4913 1128 4970 ut
1150 4909 1356 4972 induciarum
1377 4928 1449 4990 pre·

114 5015 207 5072 textu
235 5015 441 5072 commeatus
464 5009 626 5083 vendicet,
652 5023 744 5068 more
765 5007 908 5069 barbaro
919 5007 1016 5086 gerit.
1040 5009 1079 5069 At
1099 5014 1224 5087 quanto
1251 5009 1359 5088 magis
1383 5025 1447 5088 pax

114 5108 274 5183 differtur,
301 5109 457 5187 Bagyazit
486 5105 656 5170 ardentior
674 5109 769 5170 tanto
791 5103 951 5168 redditur.
980 5107 1093 5184 ltaque
1124 5105 1259 5169 dissidio
1283 5105 1445 5186 flagrante
