3496 6056
223 469 258 528 76
679 469 855 530 JOHANNIS
878 471 1100 538 BURCHARDl.
1391 469 1472 536 [⁸⁰51t
1487 473 1553 538 ΗΒὗ]

275 629 353 702 Due
364 623 488 700 valisin
504 624 548 700 de
565 625 718 702 scarleto
735 625 812 702 sine
832 627 942 702 armis
963 650 1045 702 cum
1065 631 1220 724 quatuor
1237 626 1378 723 mappis
1401 624 1562 722 quelibet

226 757 262 824 et
277 750 381 824 nodis
397 773 477 826 sese
493 751 695 828 cremesine
709 777 754 830 ex
765 777 854 828 auro
870 753 1003 828 mixtis.

276 875 381 951 Scala
400 879 497 977 Papa
519 900 564 952 ex
585 877 700 954 tribus
726 879 897 977 gradibus
917 879 1119 976 composita
1141 902 1223 954 cum
1248 901 1383 974 equum
1402 877 1567 952 ascendit

232 1024 351 1100 panno
367 1001 520 1078 scarleto
536 1011 721 1103 cooperta.

279 1127 477 1204 Duodecim
491 1129 608 1204 vexilli
625 1131 725 1206 rubei
739 1132 783 1208 de
799 1133 936 1210 zandali
952 1157 1044 1232 quos
1061 1157 1228 1208 cursores
1244 1136 1401 1231 portant.

282 1253 473 1330 Tredecim
489 1255 617 1331 vexilla
633 1256 806 1332 tredecim
822 1259 1011 1356 regionum
1031 1259 1131 1332 urbis
1147 1257 1255 1333 etiam
1271 1257 1315 1330 de
1337 1254 1491 1330 zendali.

284 1383 366 1456 Duo
380 1380 508 1458 vexilla
523 1383 662 1480 majora
676 1405 758 1458 cum
774 1383 915 1460 duobus
930 1385 1151 1460 cherubinis.

283 1511 403 1584 Unum
417 1507 584 1584 vexillum
600 1532 772 1607 magnum
788 1533 872 1585 cum
888 1509 997 1584 armis
1015 1510 1137 1608 populi
1154 1509 1304 1584 romani.

282 1639 399 1712 Unum
414 1634 581 1712 vexillum
599 1635 714 1710 simile
731 1623 903 1733 magnuni
918 1659 1002 1710 cum
1017 1659 1127 1710 cruce
1143 1635 1246 1732 nigra
1259 1657 1326 1733 per
1339 1632 1512 1708 medium.

281 1769 399 1840 Unum
414 1759 582 1838 vexillum
599 1761 715 1836 similo
731 1785 815 1836 cum
830 1761 939 1836 armis
953 1765 1064 1860 Papo.

287 1893 404 1964 Unum
421 1887 588 1964 vexillum
606 1885 722 1963 simile
738 1911 821 1962 cum
837 1887 946 1962 armis
962 1886 1138 1962 Ecclesie.

283 2021 402 2093 Unum
416 2013 590 2090 vexillum
606 2012 722 2088 simile
739 2018 855 2088 totum
870 2012 1022 2088 rubeum
1038 2035 1121 2088 cum
1137 2034 1244 2118 cruce
1261 2012 1354 2088 elba.

287 2141 450 2241 Quinque
475 2145 593 2215 vestes
617 2161 683 2238 pro
704 2137 941 2238 portitoribus
968 2137 1147 2214 diciorum
1176 2141 1333 2237 quinque
1356 2137 1571 2212 vexillorum

239 2292 309 2366 que
325 2290 451 2342 omnes
467 2289 548 2341 esse
564 2263 698 2340 debent
713 2288 757 2340 ex
777 2262 949 2338 telletano
970 2263 1044 2338 sive
1065 2265 1203 2339 zenduli
1223 2265 1406 2340 divisionis
1421 2263 1572 2338 vexillo-

237 2415 332 2482 rum,
349 2391 506 2488 demptis
532 2388 627 2465 illius
653 2388 714 2487 qui
738 2394 858 2487 portat
883 2387 1051 2462 vexillum
1077 2391 1238 2465 Ecclesie
1265 2415 1335 2488 que
1364 2389 1473 2464 debet
1488 2411 1573 2464 esso

236 2524 310 2594 tote
324 2515 450 2606 rubea,
468 2523 504 2590 et
519 2513 665 2590 alterius
677 2513 738 2610 qui
762 2519 880 2612 portat
906 2514 1076 2588 vexillum
1090 2519 1185 2614 Papa
1203 2523 1277 2590 tota
1292 2516 1385 2590 alba.

287 2642 452 2742 Quinque
469 2645 685 2739 cooperture
702 2661 892 2736 equorum,
910 2639 969 2736 qui
983 2635 1111 2716 omues
1131 2643 1270 2716 bardati
1290 2666 1371 2719 esse
1386 2643 1521 2718 debent
1536 2651 1575 2717 et

166 2865 170 2874 Ι
242 2769 398 2846 totaliter
426 2789 540 2865 usque
569 2767 614 2840 ad
644 2773 753 2862 caput
780 2765 951 2844 inclusive
979 2767 1141 2866 cooperti
1168 2767 1212 2842 de
1236 2768 1406 2843 taffetano
1434 2769 1575 2843 eisdem

245 2893 439 2984 coloribus
458 2897 496 2966 ut
511 2892 556 2968 de
571 2891 728 2966 vestibus
744 2891 879 2966 dictum
895 2899 962 2968 est.
979 2893 1115 2994 Viginti
1127 2900 1261 2986 vestes,
1279 2895 1351 2970 sive
1362 2896 1577 2970 mantelline

243 3043 286 3094 ex
302 3021 468 3118 instagno
484 3039 546 3092 sau
566 3017 728 3092 buccano
744 3016 875 3092 coloris
895 3026 934 3092 ut
955 3043 1063 3118 supra
1081 3043 1147 3116 pro
1168 3027 1320 3116 quatuor
1338 3021 1578 3098 familiaribus

243 3145 434 3246 cujuslibet
449 3167 493 3218 ex
508 3141 739 3242 portitoribus
755 3142 933 3218 dictorum
949 3143 1105 3242 quinque
1122 3145 1346 3220 vexillorum.

287 3275 451 3358 Quatuor
478 3267 606 3366 capelli
634 3266 679 3340 de
710 3267 828 3342 veluto
866 3269 1069 3346 cremosino
1104 3295 1186 3345 cum
1221 3273 1358 3348 orlettis
1391 3275 1512 3350 aureis
1540 3282 1579 3350 et

241 3394 481 3502 pendentibus
496 3416 584 3468 auro
600 3397 636 3466 et
650 3393 852 3468 cremesino
868 3394 1002 3468 mixtis.

291 3517 552 3596 Buldechinum
569 3515 708 3592 brocati
724 3517 793 3592 albi
809 3540 873 3616 pro
890 3543 1042 3618 corpore
1054 3521 1185 3594 Christi
1200 3521 1297 3619 quod
1315 3523 1450 3598 habere
1466 3523 1580 3599 debet

241 3649 459 3747 drapelonos
477 3645 612 3720 similes
632 3667 714 3718 oum
734 3643 843 3720 armis
867 3645 1031 3744 corporis
1058 3646 1189 3722 Christi
1216 3647 1382 3723 videlicet
1402 3649 1514 3724 calice
1540 3657 1579 3724 et

240 3774 372 3866 hostia,
390 3777 485 3872 Papo
499 3777 535 3846 et
551 3768 726 3844 Ecclesie.

287 3897 549 3976 baldachinum
565 3894 681 3970 simile
697 3918 780 3970 cum
796 3895 905 3970 armis
929 3898 1023 3995 Pape
1040 3903 1076 3972 et
1101 3899 1263 3975 Ecclesia
1289 3899 1387 3998 quod
1409 3902 1586 3980 Romanis

239 4029 374 4101 monet.
714 4121 716 4126 Α

293 4149 398 4226 uliud
418 4146 672 4226 baldachinum
698 4145 814 4222 simile
832 4170 898 4246 pro
920 4147 1037 4223 reditu
1057 4153 1154 4248 l‘ape
1174 4173 1218 4223 ex
1238 4153 1415 4226 Laterano
1434 4155 1478 4224 ac
1497 4151 1580 4225 aliis

243 4279 467 4379 temporibus
483 4277 698 4376 portandum
713 4272 960 4347 umbraculum
976 4274 1020 4348 de
1035 4275 1172 4350 zendali
1189 4275 1300 4350 rubeo
1320 4281 1356 4350 et
1378 4275 1474 4350 albo.

289 4405 471 4483 Vexillum
491 4425 663 4501 magnum
685 4422 750 4499 pro
767 4397 854 4474 turri
870 4398 978 4474 castri
996 4423 1025 4472 s.
1043 4399 1170 4498 Angeli
1186 4423 1269 4474 cum
1284 4400 1394 4474 armis
1409 4404 1521 4496 Papo.

294 4533 453 4618 Quntuor
466 4526 596 4602 vexilla
608 4525 748 4600 minora
769 4530 942 4622 punctata
960 4546 1042 4597 cunr
1063 4524 1199 4598 eisdem
1225 4525 1333 4598 armis
1348 4547 1414 4623 pro
1429 4523 1580 4598 inferio-

247 4656 345 4729 ribus
361 4655 516 4728 turribus
532 4653 634 4752 juxta
656 4655 803 4750 pontem
825 4657 860 4724 et
880 4647 1125 4724 summitatem
1140 4647 1335 4748 superioris
1354 4649 1483 4724 domus
1499 4647 1576 4723 sive

239 4779 596 4880 putariiuieuaasui.
707 4755 710 4762 ’

296 4907 456 4990 Quatuor
470 4901 586 4980 buculi
600 4900 832 5002 longitudinis
847 4905 999 4998 quatuor
1017 4899 1218 4998 palmorum
1238 4899 1386 4996 quilibet
1401 4899 1436 4972 in
1453 4899 1576 4996 capite

196 5033 200 5042 '
249 5027 402 5104 rotundo
431 5029 467 5102 in
497 5029 644 5103 modum
669 5027 810 5117 tellerii,
841 5033 879 5100 ut
904 5025 1082 5124 capellum
1111 5023 1254 5098 firmum
1283 5030 1430 5098 teneant
1453 5022 1575 5098 veluto

252 5153 456 5229 cremesino
471 5154 631 5251 cooperti
644 5177 708 5252 pro
723 5159 876 5249 quatuor
887 5151 1033 5250 capellis
1049 5151 1272 5250 supradictis.
