3508 6034
329 476 382 530 166
784 471 960 528 acuamus
986 471 1209 542 6666611161,
1492 473 1566 539 [rus
1581 477 1641 542 161]

329 629 425 719 nire;
448 626 545 724 quod
561 633 684 701 tamen
707 627 771 700 SS.
799 629 842 698 D.
865 629 907 700 N.
935 627 1055 702 lacere
1081 651 1154 701 non
1178 627 1325 724 placuit.
1351 632 1537 704 Venerunt
1552 625 1648 723 igitur

330 762 492 830 oratores
508 751 659 849 predicti
675 751 721 825 ad
736 750 883 842 Urbem,
906 775 927 825 a
946 751 1082 826 familia
1103 750 1197 826 Rmi.
1221 751 1358 825 domini
1377 751 1648 826 vicecancellarii

331 881 527 967 dumtaxat,
546 875 799 950 et-curialibus
825 876 926 973 regni
961 877 1108 952 Polonie
1138 879 1320 970 associati,
1352 879 1396 952 ad
1425 879 1571 952 domum
1592 901 1650 974 pro

329 1003 490 1099 ipsorum
505 1000 727 1074 habitatione
740 1005 918 1098 paratam,
934 999 1059 1075 ordine
1077 1007 1266 1076 consueto.

377 1125 481 1199 Feria
503 1131 616 1215 sexta,
636 1129 682 1199 30
705 1125 869 1221 ejusdem
885 1125 1020 1199 mensis
1040 1127 1172 1217 martii,
1197 1130 1322 1200 limus.
1341 1130 1384 1199 D.
1400 1125 1590 1199 cardinalis
1612 1128 1651 1200 de

329 1251 478 1325 Medicis
503 1250 540 1322 in
561 1273 668 1324 mane
690 1256 772 1324 ante
787 1251 979 1348 prandium
998 1251 1151 1325 visitavit
1179 1255 1334 1324 llllmos.
1357 1253 1434 1324 llll.
1462 1251 1652 1324 cardinales

330 1375 625 1466 Ulixbonensem,
641 1397 750 1471 quem
773 1373 907 1472 reperit
930 1373 966 1446 in
982 1373 1261 1449 ecclesiasancti
1277 1374 1462 1448 Laurentii
1477 1375 1515 1446 in
1529 1375 1653 1448 Lucina

329 1501 432 1574 titulo
449 1499 516 1572 sibi
532 1499 800 1589 commendato,
824 1503 1057 1591 teanensem,
1075 1499 1120 1573 de
1136 1499 1324 1591 Columna,
1342 1498 1387 1573 de
1404 1499 1600 1574 (inmitibus
1621 1509 1651 1573 et

328 1626 371 1699 de
392 1626 557 1715 Sabellis,
577 1632 611 1699 et
626 1623 912 1722 pertranseundo
932 1624 1065 1721 palatia
1086 1625 1321 1698 cardinalium
1342 1624 1458 1698 sancti
1478 1625 1601 1722 Angeli
1622 1631 1652 1698 et
1723 1682 1724 1704 2

328 1751 443 1825 saneti
471 1750 566 1824 Petri
590 1749 636 1822 ad
664 1749 829 1840 Vincula,
855 1756 894 1822 ut
915 1771 979 1823 eos
1000 1771 1145 1846 quoque
1172 1749 1345 1840 risitaret,
1375 1748 1511 1846 reperit
1534 1771 1594 1822 eos
1620 1750 1650 1820 in
1723 1745 1724 1754 ’

326 1874 492 1949 domibus
510 1898 637 1949 eorum
652 1897 724 1948 non
741 1899 840 1966 esse;
865 1874 1040 1949 retardavi
1060 1883 1183 1948 autem
1206 1874 1413 1974 hujusmodi
1439 1873 1651 1949 visitationes

327 2024 440 2098 usque
456 2000 580 2093 modo,
594 2022 661 2097 pro
677 2023 720 2074 eo
736 1999 834 2097 quod
849 2024 872 2073 a
885 2000 942 2073 die
959 2004 1004 2073 26
1020 2000 1105 2074 dicti
1123 1999 1259 2073 mensis
1279 2000 1381 2091 citra,
1398 2001 1652 2098 propterlabu·

324 2151 381 2203 res
396 2149 487 2224 quos
503 2127 540 2199 in
553 2126 729 2199 visitando
745 2125 834 2198 alios
850 2130 1004 2200 RRmos
1024 2129 1100 2200 llll.
1128 2124 1328 2199 cardinales
1348 2125 1490 2216 habuit,
1507 2125 1646 2198 1611611-

324 2235 535 2350 quantulum
561 2252 747 2326 alteratus.
770 2253 856 2323 Post
879 2249 1071 2347 prandium
1094 2249 1191 2322 venit
1212 2255 1316 2323 extra
1337 2255 1483 2348 portam
1509 2249 1649 2323 ecclesie

325 2384 448 2453 sancte
465 2377 577 2452 Maria
592 2377 629 2449 in
648 2375 835 2450 Dominica
856 2375 923 2447 sibi
938 2374 1147 2466 commisse,
1166 2379 1205 2446 ut
1221 2397 1301 2449 eam
1323 2373 1496 2465 visitaret,
1517 2374 1581 2448 sed
1598 2397 1647 2448 rc·
1724 2379 1725 2420 ³

322 2504 416 2603 perit
424 2505 553 2600 Januas
564 2502 718 2576 clausas.

371 2627 560 2701 Dominica
581 2627 708 2716 latare,
730 2632 859 2723 quarta
873 2624 1162 2723 quadragesime,
1185 2631 1197 2697 l
1220 2624 1356 2698 mensis
1369 2625 1507 2722 aprilis',
1526 2628 1587 2699 SS.
1605 2629 1642 2698 l).

324 2759 449 2825 noster
468 2751 506 2824 in
517 2773 663 2825 camera
684 2775 761 2843 sua,
788 2753 890 2850 juxta
911 2773 1093 2825 cameram
1118 2750 1296 2848 papagalli
1320 2750 1357 2822 in
1379 2750 1468 2825 sede
1490 2749 1645 2824 camerali

325 2876 456 2952 sedens
473 2899 514 2951 ac
530 2877 658 2950 stolam
675 2901 785 2974 supra
804 2877 1020 2975 capucinum
1036 2883 1073 2950 et
1093 2877 1282 2950 rochetum
1303 2876 1459 2964 habens,
1477 2875 1647 2950 benedixit

323 3021 443 3075 rosam
463 3025 571 3098 quam
596 3004 638 3073 ll.
669 3001 838 3076 Nicolaus
863 3001 1105 3076 Ferrariensis
1125 3001 1314 3100 acolythus
1336 3002 1568 3098 apostoliam,
1589 3023 1645 3098 pro
1725 3101 1726 3106 Ἰ

324 3149 368 3200 66
386 3127 483 3224 quod
504 3125 623 3200 nullus
641 3105 803 3201 'clericus
826 3149 969 3200 camere
992 3125 1126 3200 ibidem
1148 3149 1298 3222 presens
1323 3135 1413 3218 erat,
1441 3127 1645 3223 genuflexus
1725 3113 1726 3140 1

322 3273 446 3326 coram
462 3275 506 3325 eo
519 3252 666 3326 tenebat
685 3251 722 3323 in
744 3255 961 3324 Rllmorum.
981 3255 1057 3325 llll.
1078 3276 1107 3325 s.
1125 3253 1315 3325 Anastasia
1331 3259 1366 3327 el
1384 3253 1556 3328 Senensis
1579 3275 1646 3325 car-

322 3376 495 3450 dinalium
516 3375 712 3474 presentia.
744 3378 822 3462 Qua
837 3376 1041 3467 benedicta,
1058 3383 1343 3475 supervenerunt
1368 3387 1405 3452 et
1428 3379 1552 3451 RRmi.
1577 3379 1641 3450 llll.

324 3502 610 3590 Beneventanus,
627 3499 847 3571 camerarius
859 3500 947 3572 etde
958 3500 1120 3574 Medicis.
1137 3503 1226 3573 Tum
1237 3508 1385 3576 vocatus
1400 3507 1442 3577 l).
1461 3501 1644 3600 Sinulphus

322 3625 588 3721 protonotarius
604 3624 823 3721 apostolicus
840 3633 875 3698 et
895 3649 1039 3700 camere
1060 3627 1257 3724 apostolice
1277 3629 1442 3722 clericus,
1461 3633 1583 3729 jussus
1596 3635 1643 3702 est

322 3751 421 3823 aSS.
444 3753 489 3822 l).
511 3755 635 3823 nostro
655 3771 776 3824 rosam
792 3751 837 3824 ad
852 3751 1028 3849 capellam
1049 3758 1193 3848 portare
1218 3753 1314 3849 quod
1329 3759 1365 3827 et
1383 3753 1483 3845 iecit,
1502 3775 1643 3850 sequen-

323 3873 417 3946 tibus
431 3873 550 3970 ipsum
572 3874 713 3947 llllmis.
739 3877 815 3948 DD.
831 3875 989 3972 quinque
1010 3876 1250 3950 cardinalibus
1262 3879 1427 3976 superius
1443 3877 1638 3953 nominatis.

321 3998 469 4072 luterim
483 3999 579 4073 venit
595 3999 703 4073 etiam
718 4000 765 4074 ad
779 4001 955 4100 capellam
973 4002 1216 4098 supradictam
1231 4003 1423 4077 cardinalis
1438 4029 1467 4078 6.
1487 4005 1640 4078 Clemen-

323 4124 366 4196 tis
392 4124 637 4199 celebraturus
664 4129 701 4199 et
724 4126 864 4223 accepit
887 4133 1100 4225 paramenta
1127 4134 1300 4203 consueta
1322 4137 1359 4204 et
1382 4129 1469 4204 iecit
1492 4127 1638 4204 officium

322 4271 423 4323 more
449 4250 554 4323 solito
576 4275 583 4323 :
605 4273 811 4325 sermonem
840 4251 925 4325 fecit
949 4260 1166 4349 procurator
1196 4251 1333 4326 ordinis
1365 4254 1634 4328 carmelitarum.

321 4373 438 4449 Finita
453 4375 575 4466 missa,
594 4375 742 4448 dimissa
755 4376 792 4450 in
805 4376 907 4450 altari
923 4401 1019 4468 rosa,
1032 4384 1264 4452 recesserunt
1277 4401 1405 4453 omnes
1421 4379 1632 4454 cardinales:

318 4504 402 4596 post
416 4521 571 4594 quorum
586 4521 770 4574 recessum
786 4523 868 4576 rosa
883 4502 962 4600 ipsa
973 4503 1038 4576 luit
1056 4503 1102 4576 ad
1116 4527 1299 4578 cameram
1314 4507 1379 4579 SS.
1398 4509 1442 4578 D.
1461 4505 1634 4579 116611116-

317 4628 461 4720 portata
481 4625 616 4720 absque
630 4627 870 4716 ceremoniis;
888 4652 997 4724 quam
1013 4628 1144 4703 deinde
1167 4631 1344 4704 Sanctitas
1359 4655 1423 4705 sua
1438 4631 1534 4704 misit
1547 4629 1629 4702 illus.

319 4750 361 4820 D.
379 4747 541 4840 Albcrto,
559 4774 604 4823 ex
619 4751 771 4826 ducibus
794 4755 966 4847 Saxonis,
990 4757 1221 4830 Maximiliani
1237 4761 1484 4831 Romanorum
1499 4754 1630 4854 regiain

317 4870 482 4945 Flandria
503 4874 691 4972 capitaneo
715 4879 874 4975 generali
890 4903 956 4978 per
975 4882 1232 4980 D.·Henricum
1253 4883 1366 4958 lleier
1382 4881 1628 4958 cubicularium

317 5018 421 5068 suum
449 4997 510 5092 qui
537 5001 690 5074 recessit
719 5026 764 5076 ex
795 5005 891 5079 Urbe
915 5029 998 5080 cum
1026 5005 1140 5080 tribus
1166 5004 1627 5091 lamiliaribusdiesabbati,

279 5133 283 5142 '
317 5125 336 5193 7
355 5121 518 5218 ejusdem
533 5126 669 5200 mensis
684 5127 820 5224 aprilis
