3496 6056
324 498 376 556 154
779 495 954 551 Joaauurs
978 492 1199 562 auncuaauu
1410 496 1571 558 [Novembre
1587 499 1654 560 ¹⁴⁸⁵]

325 655 525 730 confratres
539 653 750 728 defunctum
763 653 799 726 in
815 678 881 726 suo
893 653 1083 740 catalecto,
1101 650 1209 748 pallio
1225 649 1336 748 ipsius
1352 651 1652 726 confraternitatis

325 779 564 879 superposito,
586 803 699 875 usque
719 781 764 853 ad
782 779 974 854 ecclesiam
994 776 1193 876 predictam
1210 781 1457 874 portaverunt,
1487 776 1651 850 fratribus

246 907 253 914 ’
325 906 370 978 de
386 904 513 978 eadem
529 903 683 978 ecclesia
697 903 925 1000 aliquantulis
945 901 1205 1000 adjuvantibus
1230 902 1407 976 Dicebant
1423 902 1524 976 enirn
1541 904 1654 976 amba·

326 1055 405 1104 rum
420 1029 755 1104 confraternitatum
771 1029 1015 1126 predictarum
1031 1026 1232 1102 confratres
1252 1028 1450 1124 quodlicet
1466 1027 1654 1101 defunctus

326 1156 529 1252 quicunque
549 1155 593 1228 de
615 1154 684 1228 alia
700 1154 754 1227 vel
774 1153 935 1251 predicta
954 1151 1179 1226 Annunciate
1200 1152 1499 1228 confraternitate
1520 1153 1656 1249 predic-

328 1292 444 1358 tarum
457 1286 566 1368 esset,
585 1279 613 1352 si
630 1279 844 1367 confratres,
867 1277 1051 1350 salvatoris
1070 1277 1287 1352 interessent
1308 1279 1424 1376 ipsum
1445 1278 1654 1352 defunctum

191 1435 203 1456 ·
327 1409 363 1482 in
386 1432 450 1480 suo
475 1404 651 1478 catalecto
677 1410 713 1478 et
738 1403 844 1500 pallio
866 1408 1011 1500 portare
1036 1402 1182 1476 debent.
1210 1407 1296 1476 Post
1317 1403 1423 1476 funus
1453 1403 1654 1498 equitarunt

327 1532 454 1634 prelati
470 1530 577 1604 etalii
594 1529 746 1602 curiales
762 1552 862 1602 more
879 1527 999 1600 solito.
1017 1527 1213 1600 Cardinalis
1226 1528 1497 1624 andegavensis
1508 1531 1655 1602 recessit

327 1661 371 1732 de
398 1658 506 1731 domo
536 1653 698 1752 predicta
727 1654 771 1726 ad
801 1677 902 1728 suam
929 1652 1121 1744 rediturus,
1154 1653 1409 1750 Neapolitanus
1436 1679 1523 1730 vero
1552 1657 1655 1730 etde

329 1782 527 1859 Comitibus
542 1804 614 1852 non
630 1802 712 1853 curn
732 1777 919 1868 defuncto,
939 1777 1003 1850 sed
1024 1801 1090 1874 per
1104 1776 1209 1852 aliam
1230 1777 1323 1852 viam
1348 1789 1594 1876 pervenerunt
1617 1783 1656 1854 ad

330 1906 522 1982 ecclesiam
537 1930 567 1978 s.
587 1905 731 1994 Sabine,
750 1904 847 1978 circa
863 1905 963 2000 cnjus
980 1903 1138 1978 medium
1159 1911 1241 2000 post
1263 1905 1415 1978 chorum
1437 1906 1577 2003 positus
1596 1907 1657 1979 fnit

329 2034 517 2110 defunctus
534 2055 642 2128 snper
657 2031 804 2104 feretro.
823 2033 865 2104 Et
879 2029 1014 2102 ibidem
1034 2035 1188 2124 quatuor
1211 2031 1442 2126 responsoria
1464 2031 1563 2106 dicta
1577 2057 1658 2106 cum

330 2164 481 2256 quatuor
496 2155 730 2246 orationibus,
747 2155 903 2252 primum
921 2179 987 2252 per
1007 2155 1136 2228 fratres
1152 2179 1181 2228 s.
1205 2155 1349 2244 Sabine,
1374 2157 1576 2232 secundum
1598 2183 1658 2256 per

329 2283 465 2358 clerum
488 2305 691 2370 romanum,
719 2280 864 2354 tortium
888 2304 953 2377 per
980 2280 1069 2354 alios
1091 2281 1232 2372 fratres,
1255 2287 1421 2376 quartum
1441 2281 1575 2358 iterum
1598 2309 1659 2382 per

331 2409 461 2484 fratres
477 2434 506 2481 s.
526 2407 657 2483 Sabine
674 2431 682 2482 :
702 2407 787 2482 satis
803 2411 925 2482 tamen
940 2405 1066 2480 fuisset
1081 2429 1191 2480 unum
1212 2406 1483 2503 responsorium
1499 2433 1584 2484 cum
1602 2433 1660 2483 sua

333 2535 496 2609 oratione
512 2533 647 2608 dicere.

381 2661 496 2735 Finito
517 2665 643 2756 quarto
666 2658 909 2757 responsorio,
937 2679 1005 2754 ego
1028 2658 1072 2730 de
1099 2657 1267 2730 mandato
1288 2657 1478 2732 cardinalis
1499 2659 1661 2758 Neapoli·

331 2788 417 2878 tani,
438 2786 495 2883 egi
512 2787 643 2883 gratias
665 2785 870 2860 oratoribus
891 2791 926 2857 et
948 2782 1094 2880 prelatis
1112 2783 1246 2856 ibidem
1264 2782 1501 2857 existentibus
1522 2809 1589 2882 pro
1606 2787 1660 2884 pia

332 2935 458 2987 eorum
485 2911 676 3002 societate;
699 2911 828 2984 deinde
854 2916 1033 3007 portatum
1059 2908 1125 2982 fuit
1151 2908 1260 2982 funus
1283 2915 1380 2983 retro
1409 2909 1522 2984 altare
1549 2913 1662 3008 majus

332 3037 464 3111 ibidem
488 3037 755 3136 deponendum.
784 3039 860 3122 Quo
887 3034 995 3124 facto,
1020 3035 1126 3107 ambo
1150 3035 1351 3108 cardinales
1370 3035 1522 3131 predicti
1543 3061 1587 3110 ac
1604 3037 1660 3110 abi

332 3187 459 3238 omnes
470 3169 711 3238 recesserunt.
726 3165 815 3234 Cera
826 3161 902 3234 sive
919 3161 1068 3234 candele
1080 3167 1115 3234 et
1130 3161 1283 3257 pecunie
1299 3185 1373 3234 non
1388 3161 1532 3234 fuerunt
1548 3162 1665 3236 fratri-

332 3289 397 3362 bus
413 3287 616 3377 distribute,
633 3293 738 3384 prout
753 3285 833 3358 lieri
854 3286 957 3375 solet,
981 3285 1204 3380 quianullus
1225 3285 1340 3358 fuerat
1362 3281 1662 3383 superintendens

333 3413 379 3488 ad
392 3413 462 3486 hoc
479 3412 677 3500 ordinatus,
696 3415 731 3485 et
748 3410 868 3484 omnia
884 3410 969 3482 satis
985 3409 1136 3482 confuse
1153 3415 1189 3484 et
1204 3410 1407 3484 inordinate
1421 3418 1504 3486 acta
1519 3421 1615 3486 sunt.

382 3537 600 3614 Vacationes
627 3535 815 3633 generales
839 3521 968 3631 nuper,
994 3533 1160 3608 videlicet
1185 3539 1205 3608 3
1233 3535 1369 3610 mensis
1396 3535 1476 3633 julii
1502 3538 1663 3632 proxime

333 3663 494 3762 preteriti
515 3661 648 3736 indicte
672 3685 786 3758 usque
811 3662 857 3734 ad
878 3661 1048 3735 kalendas
1074 3660 1247 3752 octobris,
1271 3661 1328 3734 die
1354 3665 1398 3735 23
1422 3663 1560 3736 mensis
1586 3688 1665 3760 sep-

334 3787 484 3864 tembris
500 3810 614 3882 usque
630 3787 676 3860 ad
691 3792 737 3859 20
753 3787 848 3860 diem
865 3786 1000 3860 mensis
1015 3787 1193 3882 presentis
1210 3786 1346 3860 mensis
1362 3788 1534 3878 octobris,
1552 3786 1665 3886 primo

334 3913 465 3988 deinde
485 3913 542 3986 die
568 3918 609 3985 19
631 3912 796 4009 ejusdem
822 3934 937 4006 nsque
961 3935 1027 4007 per
1050 3915 1167 3983 toturn
1191 3913 1288 3984 hunc
1315 3936 1481 3986 mensem
1503 3913 1549 3986 de
1574 3938 1668 3986 man·

334 4042 417 4114 dato
443 4041 506 4113 SS.
530 4043 573 4112 D.
592 4041 634 4112 N.
651 4045 799 4136 propter
817 4043 958 4135 pestem
973 4038 1154 4134 vigentem
1172 4037 1319 4112 fuerunt
1338 4045 1546 4135 prorogate.

385 4165 520 4239 Eadem
536 4163 593 4238 die
609 4163 778 4238 mercurii
795 4168 838 4236 19
854 4161 990 4236 mensis
1006 4161 1180 4250 octobris,
1193 4164 1307 4236 Rome
1321 4162 1460 4236 obiitR.
1477 4163 1512 4236 in
1526 4163 1663 4238 Christo

337 4295 375 4364 P.
408 4293 449 4364 D.
479 4289 685 4385 Alpbonsus
713 4288 905 4384 episcopus
936 4287 1178 4377 Caularensis,
1208 4288 1397 4384 hospitalis
1427 4289 1662 4386 Hispanorum

335 4417 497 4516 provisor
511 4417 555 4489 de
571 4415 665 4489 Urbe
681 4413 740 4509 qui
757 4413 885 4486 eadem
901 4411 957 4486 die
974 4412 1071 4486 circa
1085 4411 1213 4484 horam
1229 4435 1293 4484 xru
1307 4413 1353 4485 ad
1366 4413 1560 4486 ecclesiam
1575 4415 1663 4510 ejus-

334 4542 418 4616 dem
441 4540 629 4637 hospitalis
653 4543 815 4636 portatus
844 4545 900 4610 est
927 4543 961 4609 et
988 4536 1025 4610 in
1055 4559 1098 4610 ea
1126 4537 1327 4612 honorifice
1355 4539 1530 4635 sepultus,
1565 4539 1659 4634 cujus

336 4667 456 4740 anima
470 4665 719 4763 requiescatin
734 4686 836 4759 pace.
857 4662 920 4736 Hic
939 4685 985 4735 xc
1008 4685 1071 4736 sue
1090 4661 1193 4735 etatis
1216 4685 1312 4735 anno
1336 4667 1411 4735 erat
1432 4661 1656 4736 constitutus.

385 4789 488 4864 Faria
511 4788 685 4879 secunda,
709 4787 834 4861 ultima
857 4787 1029 4875 octobris
1048 4787 1113 4860 fuit
1129 4787 1282 4861 mutatio
1298 4811 1511 4884 capparum,
1531 4793 1565 4860 et
1585 4807 1658 4856 ves-

335 4939 422 5014 pere
460 4915 640 4989 solemnes
674 4914 711 4988 in
749 4915 886 5010 majore
917 4912 1055 5011 capello
1083 4913 1287 5011 supradicta
1319 4912 1414 4986 dicte
1445 4917 1541 5000 sunt,
1571 4913 1659 5004 Papa

335 5045 504 5140 presente
518 5046 553 5113 et
569 5040 730 5114 officium
745 5039 915 5113 faciente.

384 5166 450 5240 Die
466 5166 644 5262 sequenti,
665 5173 679 5240 l
700 5165 918 5254 novembris,
938 5165 1031 5240 festo
1051 5164 1214 5238 omnium
1235 5168 1455 5248 sanctorum,
1482 5161 1654 5236 limosi).
