3424 6038
325 448 380 503 252
782 441 957 500 JOHANNlS
981 438 1202 510 BURCHAHDl,
1492 442 1564 508 [Au-b
1577 447 1639 510 ltu]

325 603 478 679 dicenda
505 627 513 676 :
543 624 673 699 aquam
699 621 765 697 pro
787 597 924 672 lotione
962 603 1134 670 manuum
1157 601 1252 694 Pape
1281 597 1459 673 dederunt
1485 625 1492 668 :
1519 598 1638 695 primo.

326 735 486 820 senatum
519 726 692 814 secundo,
729 729 852 799 orator
888 721 1132 820 imperatoris,
1167 723 1287 814 tertio,
1321 746 1445 798 comes
1472 724 1636 814 Tondillc;

325 861 467 951 quarto,
488 852 684 950 imperator
699 848 1130 945 Constantinopolitanus.

377 978 582 1054 Cardinalos
610 1002 639 1052 s.
663 976 871 1066 Clementis,
894 975 939 1048 de
964 975 1160 1050 comitibus
1187 982 1224 1048 et
1247 975 1468 1066 Parmensis,
1492 977 1643 1073 juniores

327 1105 527 1209 presbyteri
556 1107 792 1178 occurrerunt
816 1104 912 1198 Papa
936 1099 982 1174 ad
1005 1099 1273 1175 consessionem
1299 1101 1396 1173 eunti
1418 1101 1480 1197 qui
1505 1102 1643 1176 osculati

328 1241 410 1310 sunt
437 1236 570 1330 Papam
594 1230 712 1326 primo
727 1229 765 1302 in
785 1250 861 1319 ore,
878 1231 1005 1324 postea
1021 1225 1058 1298 in
1077 1231 1241 1322 pectore,
1263 1249 1337 1300 non
1355 1227 1391 1300 in
1412 1251 1522 1302 cruce
1542 1229 1643 1325 pallii.

329 1357 670 1452 subdiaconuspost
684 1353 858 1428 lotionem
871 1373 1043 1424 manuum
1056 1374 1202 1424 suarum
1214 1351 1500 1426 etextertionem
1517 1353 1645 1427 tobalea

231 1489 249 1506 ‘
330 1481 573 1580 superaltare,
589 1479 743 1576 portavit
757 1478 802 1552 de
818 1476 1004 1550 credentia
1018 1476 1170 1550 calicem
1182 1477 1417 1551 cristallinum
1433 1501 1518 1550 cum
1532 1478 1649 1551 hostiis

329 1633 395 1707 pro
409 1607 543 1706 populo
558 1613 594 1680 at
612 1606 769 1702 desuper
783 1605 930 1678 bursam
941 1601 1199 1700 corporalium,
1213 1601 1428 1676 hostiarium
1443 1608 1481 1677 et
1496 1602 1653 1700 purifica·

333 1733 479 1808 terium.
496 1730 692 1805 Cardinalis
706 1753 735 1802 s.
757 1729 901 1826 Georgii
923 1727 982 1823 qui
1002 1727 1227 1823 evangelium
1248 1736 1468 1820 cantaverat,
1492 1729 1530 1801 in
1546 1731 1654 1803 medio

334 1859 454 1934 altaris
481 1857 643 1932 extendit
665 1857 826 1945 bursam,
857 1854 904 1927 ad
934 1860 1074 1951 partem
1107 1853 1227 1951 posuit
1248 1855 1351 1951 juxta
1383 1855 1654 1930 instrumentum

335 2007 444 2084 super
461 1982 558 2080 quod
576 1981 682 2054 mitra
707 1984 801 2076 Pape
818 1978 1005 2076 reponitur
1032 1985 1069 2052 et
1095 1979 1246 2053 calicem
1273 1978 1512 2054 cristallinum
1535 1989 1656 2078 patena

334 2114 558 2208 coopertum.
583 2111 672 2181 Cum
696 2125 770 2177 non
790 2109 887 2176 esset
915 2101 964 2176 ibi
993 2101 1101 2199 palla,
1133 2102 1294 2200 reposuit
1323 2127 1435 2200 super
1462 2105 1656 2203 corporalia

335 2239 418 2309 ante
449 2241 484 2308 et
511 2258 625 2334 prope
649 2256 808 2308 crucem.
841 2233 930 2304 Cum
955 2234 1052 2326 Papa
1080 2227 1216 2303 diceret
1244 2252 1310 2326 pro
1340 2229 1525 2304 oblatione
1550 2232 1655 2305 hostie

338 2359 530 2460 Offeramus
559 2360 633 2449 tibi,
668 2357 830 2446 Domine,
856 2365 937 2442 eta,
978 2353 1169 2428 cardinalis
1200 2379 1230 2426 s.
1267 2355 1410 2452 Georgii
1446 2357 1657 2454 discopemit

336 2483 488 2558 calicem
509 2461 744 2558 cristallinum
778 2491 814 2558 et
845 2457 929 2557 eum
960 2505 1072 2580 propa
1099 2480 1311 2578 pontificem
1337 2481 1450 2555 tenuit
1479 2483 1657 2578 usquead

337 2609 555 2706 completam
578 2610 793 2700 orationem,
824 2614 902 2682 tum
932 2631 1016 2682 oum
1040 2606 1202 2703 reposuit
1223 2607 1268 2680 ad
1294 2607 1452 2704 primum
1478 2607 1602 2681 locum
1629 2617 1655 2682 et

337 2733 538 2831 cooperuit,
552 2738 649 2832 Papa
664 2735 806 2809 dicente
826 2761 832 2806 :
849 2734 921 2809 Per
934 2735 1066 2824 omnio,
1089 2743 1154 2807 eto.
1171 2737 1265 2807 Ante
1286 2734 1543 2830 prelationem,
1557 2735 1659 2809 cardi-

338 2859 427 2932 nalis
439 2859 483 2932 de
496 2859 673 2934 Columna
687 2867 724 2934 et
738 2860 914 2934 Ascanius
929 2859 1072 2934 diaconi
1095 2882 1134 2934 se
1154 2859 1200 2932 ad
1214 2881 1351 2933 cornua
1364 2859 1486 2932 altaris
1507 2861 1656 2935 colloca-

337 2989 477 3074 verunt,
496 2983 660 3059 videlicet
675 2985 851 3060 Columna
870 2985 991 3059 sanior
1008 2985 1046 3058 in
1066 2984 1186 3060 medio
1205 3007 1317 3058 cornu
1333 2985 1484 3081 epistole
1499 2987 1600 3082 quod
1614 2997 1655 3060 est

338 3111 506 3185 adextris
527 3115 622 3207 Pape
638 3115 675 3182 et
695 3111 870 3183 Ascanius
890 3111 927 3182 in
947 3133 1061 3183 cornu
1076 3109 1264 3206 evangelii,
1283 3109 1391 3182 etiarn
1413 3111 1603 3193 assistens,
1620 3137 1656 3186 ne

338 3236 625 3310 incensationem
655 3235 870 3308 sacramenti
900 3235 1136 3333 impedirent;
1167 3236 1227 3309 ubi
1248 3245 1459 3311 manserunt
1478 3261 1656 3335 quousque

340 3366 436 3458 Papa
450 3361 663 3436 ascenderet
687 3361 733 3433 ad
756 3360 886 3434 solium
907 3361 1256 3438 communicaturus.
1280 3366 1415 3436 Tamen
1433 3365 1477 3437 ad
1498 3389 1568 3438 sua
1589 3366 1656 3438 loco

339 3486 535 3578 redierunt,
562 3491 753 3584 postquam
783 3491 879 3584 Papa
907 3486 994 3562 dixit
1023 3513 1030 3561 :
1061 3489 1136 3561 Per
1170 3490 1289 3562 omnio
1318 3490 1450 3580 seculo,
1482 3503 1566 3583 etc,
1589 3497 1656 3564 ante

338 3611 447 3688 Pater
472 3623 582 3684 noter.
610 3615 782 3686 Centoras
807 3635 880 3686 non
907 3613 1173 3712 responderunt
1197 3616 1335 3706 Amen,
1364 3617 1428 3689 sed
1453 3619 1554 3713 Papa
1585 3639 1656 3690 cou-

340 3737 488 3810 tinuavit
519 3737 680 3810 Oramus.
718 3738 913 3834 Preceptis,
949 3751 1030 3830 eta,
1067 3749 1102 3811 et
1132 3763 1215 3812 oum
1244 3739 1382 3814 diceret
1417 3740 1454 3812 in
1481 3740 1558 3815 fine
1590 3763 1656 3813 ora-

341 3861 448 3936 tionis
467 3861 596 3936 Liberu
611 3887 688 3954 uos,
703 3889 907 3961 quesumus,
927 3865 1093 3954 Domine,
1110 3877 1190 3956 eta,
1208 3867 1283 3938 Per
1303 3865 1464 3939 eumdem
1478 3865 1655 3940 Dominum

338 3998 517 4077 nocuum,
558 3999 638 4080 etc„
677 3988 785 4085 lregit
818 3989 975 4064 bostiam
1009 3989 1046 4063 in
1077 3997 1150 4064 tres
1182 3999 1303 4088 partes
1338 4014 1440 4066 more
1468 3997 1649 4066 consueto.

339 4118 375 4186 at
399 4121 593 4209 antequam
620 4114 758 4188 diceret
782 4117 857 4188 Per
883 4092 1002 4188 omitia
1030 4116 1148 4188 secedo
1176 4127 1257 4207 eta,
1292 4117 1376 4190 Pau
1397 4117 1560 4210 Domini,
1588 4129 1650 4190 eu..

339 4237 459 4333 posuit
481 4237 624 4312 tertiam
649 4239 860 4335 particulam
882 4240 920 4312 in
945 4241 1096 4316 calicem
1120 4264 1185 4339 per
1217 4266 1393 4318 errorem.
1426 4243 1566 4320 Deinde
1585 4263 1651 4316 cun

339 4359 478 4432 diceret
505 4359 591 4432 Pau
613 4359 766 4453 Domini,
797 4361 882 4436 vidit
908 4386 1070 4438 errorem
1106 4389 1213 4439 suum
1238 4373 1274 4440 at
1302 4390 1386 4440 cum
1416 4369 1538 4465 digitis
1560 4387 1651 4441 cunc-

320 4483 385 4556 ¹tis
424 4484 548 4558 dextre
585 4509 714 4559 manus
744 4486 894 4584 signavit
927 4513 1037 4587 super
1072 4490 1222 4564 calicem
1249 4515 1291 4566 ac
1322 4491 1352 4565 si
1383 4493 1593 4590 particulam
1623 4490 1649 4560 in

340 4610 506 4682 manibus
521 4610 684 4684 haberet.
709 4612 811 4686 Dicta
834 4615 997 4688 oratione
1017 4615 1170 4689 Domine
1186 4613 1274 4689 Jesu
1289 4617 1447 4710 Christe,
1470 4630 1550 4710 etc,
1572 4613 1649 4690 dedit

340 4756 467 4828 pacem
497 4734 670 4832 episcopo
699 4737 871 4810 cardinali
898 4738 1078 4813 assistenti
1109 4745 1145 4815 et
1172 4741 1217 4814 de
1252 4742 1428 4816 Columna
1454 4751 1491 4818 et
1517 4738 1648 4816 Assumo

342 4857 583 4934 cardinalibus
597 4861 657 4957 qui
679 4861 715 4933 in
740 4861 908 4935 cornibus
929 4864 1049 4936 altaris
1071 4865 1225 4954 stabant,
1249 4867 1334 4962 quia
1354 4867 1391 4940 in
1411 4868 1574 4941 domibus
1593 4860 1648 4934 suis

344 4983 737 5076 communicauerunt,
765 5010 794 5057 s.
821 4987 964 5084 Georgii
987 4993 1119 5079 autem,
1144 4992 1296 5065 Senensi
1316 5015 1357 5066 ac
1381 4993 1425 5065 de
1448 4991 1590 5067 Sabellis
1603 4983 1646 5082 qui

346 5107 441 5200 Papo
457 5105 672 5180 assistebant
691 5115 727 5182 et
748 5111 1039 5185 communicandi
1061 5120 1176 5204 erant,
1202 5121 1287 5190 tunc
1307 5139 1379 5190 non
1401 5117 1500 5191 dedit
1514 5133 1644 5214 pacem:
