3436 6038
112 503 273 571 33333]
393 559 397 572 ,
449 503 576 563 auauu
598 503 826 567 uaaauaauu
850 507 1113 572 couuauraau.
1397 523 1443 579 aar

110 668 305 754 consueto;
324 667 452 762 postea
473 662 606 761 populo
626 653 810 738 benedixit
838 669 875 738 et
895 663 1061 738 rediitad
1085 666 1225 740 tertiam
1247 669 1365 743 aulam
1382 695 1447 769 pa-

108 787 182 862 latii
194 789 263 862 sub
278 788 508 880 baldachino,
526 787 563 860 in
578 811 648 884 qua
661 809 840 884 pauperes
856 787 1186 863 tredecim-lavandi
1201 793 1315 889 parati
1328 803 1442 869 erant.

109 911 309 986 Redierunt
337 912 446 986 etiam
467 936 549 987 cum
573 910 744 1010 pontifice
769 910 870 1007 quasi
900 936 1025 988 omnes
1050 917 1251 993 cardinales
1277 921 1315 992 in
1340 945 1446 1018 para-

109 1038 241 1112 mentis
267 1038 362 1128 suis;
381 1044 418 1111 et
439 1038 489 1112 sic
505 1036 634 1136 parati,
651 1042 828 1111 steterunt
843 1061 955 1134 usque
971 1039 1144 1116 adfinem
1160 1045 1331 1136 mandati,
1350 1048 1447 1142 quod

109 1173 232 1240 tamen
249 1165 329 1242 lieri
343 1173 557 1242 consuetum
570 1189 643 1240 uon
658 1169 839 1260 estneque
855 1163 1070 1255 honestum;
1087 1159 1150 1242 sed
1163 1172 1447 1266 paramentisdi·

109 1293 247 1382 missis,
257 1292 294 1366 iu
303 1293 426 1391 cappis
442 1298 582 1366 tantum
597 1295 745 1389 possent
756 1289 785 1362 si
795 1289 927 1363 vellent
941 1292 1037 1387 Papa
1052 1291 1294 1367 assistentiam
1309 1296 1442 1388 iacere,

108 1418 258 1515 dempto
273 1422 395 1492 tamen
414 1441 486 1491 uno
507 1416 689 1491 cardinale
712 1415 864 1488 diacono
884 1410 1108 1512 evangelium
1123 1417 1317 1508 lecturoet
1334 1422 1445 1494 etiam

108 1541 330 1618 subdiacono
352 1543 409 1639 qui
437 1543 570 1617 bullam
595 1543 631 1614 in
652 1540 749 1637 logia
771 1540 872 1637 legit,
894 1541 954 1636 qui
975 1547 1120 1638 paratus
1142 1545 1309 1619 omnibus
1338 1571 1445 1644 para-

109 1669 243 1742 mentis
259 1667 505 1743 diaconalibus
520 1667 655 1740 ibidem
671 1666 797 1739 adesse
813 1665 934 1739 debet.
954 1669 993 1738 ln
1010 1667 1091 1740 aula
1107 1675 1241 1762 autem,
1258 1671 1294 1744 in
1311 1674 1442 1770 capite,

109 1799 194 1866 ante
210 1793 374 1868 ultimum
391 1815 455 1870 seu
470 1792 678 1868 insaniorem
695 1791 847 1889 gradum
864 1791 943 1864 solii
958 1792 1092 1868 ibidem
1107 1800 1231 1890 parata
1246 1806 1323 1870 erat
1339 1798 1444 1871 sedes

106 1919 230 2016 lignea
245 1944 318 2017 pro
330 1943 422 2018 papa
439 1943 522 1994 cum
543 1919 683 1993 duobus
704 1917 869 1992 scabellis
884 1941 986 1992 more
1011 1927 1199 2012 consueto,
1217 1929 1254 1998 et
1268 1923 1340 1997 duo
1364 1949 1445 1998 sca-

106 2043 202 2118 bella
216 2044 303 2118 hinc
328 2043 462 2119 atinde
484 2067 549 2141 pro
574 2042 714 2116 duobus
736 2041 978 2119 cardinalibus
998 2043 1159 2118 diaconis
1178 2045 1441 2141 assistentibus,

106 2176 142 2242 et
167 2193 189 2243 a
212 2169 348 2244 dextris
375 2169 472 2243 sadis
496 2172 592 2266 Papa
619 2167 753 2242 ibidem
778 2191 926 2242 scamna
949 2168 1021 2242 alta
1043 2169 1153 2267 longa
1177 2195 1243 2268 pro
1270 2175 1444 2247 tredecim

106 2295 326 2392 pauperibus
338 2295 495 2368 lavandis
511 2293 572 2392 qui
585 2293 656 2368 illia
673 2293 860 2384 sedebant,
879 2293 949 2367 alta
964 2294 1055 2367 adeo
1076 2295 1173 2390 quod
1186 2295 1253 2393 ipsi
1265 2321 1443 2394 pauperes

107 2420 280 2494 tenebant
299 2420 410 2516 pedes
426 2443 535 2518 supra
553 2419 734 2494 banchum
757 2419 952 2492 altitudinis
967 2418 1060 2492 illius
1077 2444 1187 2517 super
1206 2444 1314 2518 quem
1329 2423 1445 2497 cardi-

106 2545 209 2619 nales
236 2545 364 2619 sedere
389 2545 653 2620 consueverint.
673 2545 864 2619 Credentia
887 2544 996 2620 otiam
1016 2551 1141 2642 paratu
1160 2551 1238 2620 erat
1259 2547 1296 2620 in
1311 2549 1443 2647 angulo

107 2671 144 2744 in
164 2671 333 2771 opposito
357 2672 452 2746 sedis
472 2675 568 2768 Papa
585 2671 688 2768 juxta
710 2693 853 2744 murum
877 2675 913 2744 et
932 2669 1089 2768 desuper
1113 2695 1203 2746 vasa
1223 2674 1292 2746 duo
1313 2697 1445 2772 magna

108 2797 273 2870 inaurata
288 2801 324 2870 et
339 2795 408 2870 alia
422 2799 616 2894 perornata
630 2818 673 2868 ac
688 2800 770 2868 octo
786 2793 912 2868 bacilia
930 2800 966 2868 et
979 2795 1049 2871 alia
1062 2821 1128 2896 pro
1144 2803 1286 2890 ornatu,
1304 2823 1345 2874 ac
1361 2808 1443 2874 octo

107 2922 237 2997 bacilia
253 2929 289 2997 et
302 2947 366 2996 sex
380 2922 521 2996 bucalia
537 2931 573 2995 et
588 2921 655 2994 alia
671 2931 777 3019 prout
793 2919 830 2992 in
845 2922 1078 2996 ceremoniali
1093 2923 1236 3000 dicitur.

158 3052 257 3146 Papa
270 3072 353 3123 oum
378 3053 474 3122 esset
494 3047 642 3138 ibidem,
664 3047 865 3122 cardinales
883 3047 1094 3121 assistentes
1114 3049 1357 3147 deposuerunt
1374 3051 1440 3124 sibi

108 3173 260 3272 pluviale
288 3181 323 3247 et
349 3174 477 3248 stolam
510 3171 705 3273 pretiosam
735 3179 771 3247 et
797 3177 969 3270 pararunt
994 3197 1079 3246 eum
1109 3175 1201 3248 stola
1224 3173 1383 3250 violacea
1407 3183 1444 3250 et

106 3299 249 3396 pluviali
272 3299 385 3373 rubeo
407 3299 562 3397 simplici
582 3323 624 3373 ac
642 3299 816 3396 pectorali
836 3321 920 3371 cum
941 3298 1051 3396 perlis
1071 3305 1107 3372 et
1127 3298 1233 3372 mitra
1255 3299 1439 3397 simplice;

109 3429 144 3496 et
170 3423 243 3498 alia
272 3422 366 3497 lacta
392 3429 476 3496 sunt
502 3428 608 3520 prout
632 3423 670 3494 in
697 3422 944 3496 ceremoniali.
967 3425 1092 3496 Rmus.
1114 3426 1159 3496 D.
1179 3425 1370 3499 cardinalis
1395 3427 1440 3498 de

111 3547 263 3622 Sabellis
293 3548 452 3622 cantavit
482 3547 722 3645 evangelium.
757 3551 866 3645 Papa,
903 3547 1068 3644 deposito
1099 3549 1198 3645 prius
1232 3549 1376 3646 pluviali
1408 3557 1443 3624 et

110 3697 304 3748 remanens
318 3673 355 3747 in
371 3675 451 3748 alba
468 3679 504 3748 et
521 3672 614 3746 stola
628 3680 665 3748 et
683 3671 790 3746 mitra
810 3672 1021 3768 genuflexus
1037 3697 1120 3746 cum
1135 3675 1241 3748 mitra
1260 3674 1348 3748 lavit
1368 3674 1442 3748 sin-

109 3799 197 3895 gulis
220 3799 353 3896 pedem
379 3799 558 3890 dextrum,
585 3798 769 3872 osculatus
794 3805 850 3872 est
875 3821 959 3870 eum
980 3803 1017 3872 et
1040 3796 1138 3872 dedit
1162 3799 1313 3897 singulis
1336 3823 1443 3874 suum

110 3925 257 4000 mantile
269 3930 306 3998 et
320 3923 409 3998 duos
426 3924 576 4000 ducatos
595 3947 678 3997 cum
693 3923 833 3997 duobus
853 3922 1018 3996 corlenis.
1044 3924 1163 3999 Baeile
1177 3948 1259 3999 cum
1276 3925 1443 4022 pecuniis

110 4049 263 4147 portavit
276 4052 317 4124 D.
331 4053 469 4148 Gaspar
483 4049 642 4124 Blondus
659 4048 812 4123 clericus
828 4071 987 4139 camere,
1003 4047 1099 4122 aluid
1113 4050 1228 4124 bacile
1245 4075 1327 4124 cum
1343 4073 1444 4124 man-

112 4175 231 4250 tilibus
245 4175 400 4273 portarit
414 4180 457 4250 11.
474 4176 688 4250 Franciscus
703 4173 852 4248 Brevius
863 4173 1105 4265 auditorrote,
1116 4175 1199 4270 quia
1212 4175 1331 4248 nullus
1347 4175 1439 4249 alius

112 4301 264 4376 clericus
287 4325 432 4377 camere
455 4301 504 4374 ibi
526 4309 616 4376 erat.
642 4301 792 4376 lllustris
822 4306 866 4378 D.
891 4323 1044 4398 magnus
1071 4299 1144 4374 dux
1172 4299 1442 4398 ltlonopolensis

113 4427 207 4503 dedit
219 4450 352 4525 aquam
368 4425 543 4528 pontifici.
562 4426 641 4500 Alia
660 4427 783 4502 omnia
802 4427 997 4502 factasunt
1018 4431 1127 4523 prout
1149 4425 1187 4499 in
1209 4421 1442 4499 ceremoniali

113 4577 217 4629 novo.

156 4683 251 4754 Nota
265 4683 389 4752 tamen
410 4677 504 4774 quod
524 4681 650 4750 Rmus.
669 4679 712 4749 b.
736 4675 928 4750 cardinalis
949 4701 979 4749 s.
1002 4673 1113 4749 Marci
1134 4698 1192 4748 me
1208 4671 1444 4772 reprehendit

115 4804 207 4901 quod
220 4803 371 4901 permisi
382 4802 618 4876 mutationem
639 4801 728 4876 stole
750 4806 786 4875 et
806 4801 968 4899 pluvialis
989 4805 1083 4898 Papa
1104 4800 1149 4875 de
1165 4798 1254 4874 albis
1270 4799 1306 4872 in
1322 4798 1442 4872 rubeis

114 4927 188 5003 lieri
202 4929 241 5003 in
261 4929 400 5028 capella
418 4927 557 5025 majora
579 4932 661 5024 post
682 4926 844 5018 missam,
868 4934 1063 5022 antequam
1083 4950 1214 5024 corpus
1236 4923 1382 4998 Domini
1398 4923 1444 4997 ad

113 5077 254 5150 parram
273 5054 450 5153 capellam
469 5053 720 5128 associaretur.
739 5053 864 5129 Visum
878 5051 976 5124 enim
992 5051 1058 5123 luit
1074 5051 1108 5125 ei
1123 5057 1158 5125 et
1174 5051 1309 5148 optime
1325 5049 1441 5122 risum

119 5180 211 5274 quod
225 5181 260 5254 in
277 5180 368 5254 albis
382 5179 602 5277 paramentis
623 5165 779 5256 debebat
798 5181 1064 5252 sacramentum
1080 5176 1215 5273 portari
1232 5182 1268 5248 et
1282 5175 1390 5250 etiam
1407 5173 1445 5246 in
