3496 6056
350 475 403 532 aaa
806 463 981 524 tonsurus
1005 459 1228 532 BURcttnnnt,
1438 459 1586 527 neema
1600 465 1653 530 aar}

351 627 421 702 alia
436 627 546 702 etiam
563 649 607 702 ex
621 626 798 701 zuccharo
815 624 993 712 confecta,
1016 628 1052 698 et
1071 621 1233 718 pinetum
1251 617 1542 694 inauccharatum
1558 625 1590 696 et
1602 622 1657 697 alia

350 754 579 850 hujusmodi;
597 757 633 826 et
648 748 807 824 scutiferi
825 771 907 823 cum
922 747 1003 820 vino
1019 751 1055 820 et
1074 767 1179 840 aqua,
1204 750 1239 818 et
1257 743 1294 816 id
1310 750 1438 840 quarto
1452 743 1657 822 observatum

352 882 408 951 est
422 876 466 950 de
483 876 590 950 rebus
605 879 710 972 prout
725 871 886 968 pontifici
907 870 1025 943 fuerat
1040 867 1299 941 ministratum.

404 999 521 1078 Finita
557 999 751 1074 collatione
788 996 1042 1084 cardinalium,
1081 994 1131 1066 illi
1165 993 1322 1090 quinque
1354 995 1560 1070 cubicularii
1592 1023 1658 1072 cum

353 1124 492 1198 duabus
516 1121 782 1221 guardanappis
809 1119 921 1195 secuti
953 1125 1036 1194 suut
1062 1117 1300 1193 cubicularios
1328 1125 1364 1192 et
1388 1123 1587 1214 scutiferos,
1611 1127 1660 1222 qui

352 1251 516 1326 ultimum
548 1254 585 1322 ot
615 1255 784 1345 quartum
812 1245 989 1326 ferculum
1022 1250 1058 1320 et
1083 1251 1211 1342 potum
1240 1251 1470 1341 portaverant
1497 1252 1662 1346 usquead

355 1373 589 1465 credentiam,
621 1373 681 1448 ubi
710 1373 833 1447 omnia
860 1371 1096 1461 admiserunt,
1127 1376 1163 1446 et
1192 1370 1370 1446 scutiferis
1398 1377 1495 1470 Papa
1516 1374 1662 1472 imposito

356 1505 439 1574 sunt
456 1500 625 1598 mappulc
647 1523 755 1597 super
778 1497 956 1588 humeris,
977 1521 1131 1594 quorum
1156 1501 1238 1572 octo
1267 1497 1479 1596 consignata
1503 1508 1582 1574 sunt
1596 1510 1664 1576 octo

355 1625 483 1701 bacilia
507 1649 590 1700 cum
616 1604 853 1724 pinocchiatis
884 1647 949 1723 pro
978 1624 1172 1700 collatione
1197 1629 1396 1716 oratorum,
1423 1624 1619 1723 principum
1639 1635 1666 1701 et

355 1753 592 1851 prelatorum,
609 1751 687 1826 aliis
701 1759 818 1826 tassee
834 1773 916 1825 cum
931 1750 1013 1824 vino
1029 1756 1065 1824 et
1079 1748 1242 1824 buccalia
1252 1773 1335 1824 cum
1346 1772 1440 1846 aqua
1456 1750 1529 1824 hoc
1544 1751 1664 1824 ordine.

356 1877 477 1954 Primo
492 1877 587 1952 venit
599 1876 749 1951 scutifer
760 1899 844 1950 cum
859 1873 966 1950 bacili
986 1875 1031 1948 de
1051 1873 1301 1972 pinocchiatis,
1320 1898 1429 1972 quem
1443 1875 1669 1972 sequebantur

356 2007 428 2078 tres
445 2001 602 2077 scutiferi
627 2023 710 2078 oum
733 2002 846 2076 tribue
868 2001 995 2076 tasseis
1019 2000 1103 2089 vini,
1127 2006 1165 2076 et
1184 2023 1277 2074 uuus
1304 2023 1389 2074 cum
1415 2000 1552 2075 buocali
1577 2025 1666 2098 aque.

356 2131 445 2204 Tum
467 2127 556 2203 alius
580 2127 727 2204 scutifer
750 2151 833 2202 cum
866 2128 973 2203 bacili
1000 2133 1037 2202 et
1060 2126 1313 2224 pinaechtatis,
1337 2133 1374 2200 et
1397 2131 1480 2222 post
1503 2147 1586 2198 eum
1612 2135 1669 2204 tres

359 2255 519 2329 scutiferi
539 2279 623 2329 cum
645 2255 757 2328 tubus
778 2253 906 2327 tasseis
923 2252 992 2325 vini
1015 2257 1050 2326 et
1071 2277 1162 2325 unus
1181 2276 1264 2326 cum
1290 2253 1429 2329 buccali
1452 2279 1559 2352 aque,
1581 2255 1670 2330 etsie

358 2383 403 2456 de
418 2382 511 2456 aliis.
525 2382 582 2456 llii
597 2382 634 2454 in
653 2382 735 2456 aula
753 2405 883 2478 magna
904 2378 1100 2452 diviserunt
1122 2403 1160 2453 se
1182 2378 1276 2452 inter
1295 2379 1492 2478 principes,
1512 2387 1667 2467 oratores,

358 2508 517 2606 prelatos
537 2515 573 2583 et
593 2508 682 2582 alios
702 2507 885 2582 ordinaria
903 2505 986 2578 loca
1007 2504 1044 2577 iu
1065 2503 1204 2600 capella
1227 2503 1403 2579 habentes
1425 2505 1556 2580 molius
1581 2529 1671 2602 quam

362 2633 441 2707 fieri
456 2633 587 2730 potuit;
604 2641 641 2708 et
655 2638 846 2730 postquam
861 2629 1108 2729 pinocchiatas
1129 2634 1164 2703 et
1182 2629 1303 2704 vinum
1322 2630 1589 2726 dispensarunt,
1604 2633 1672 2728 quie

362 2757 440 2832 sine
456 2757 582 2832 ordine
600 2758 723 2832 omnia
741 2756 1037 2856 projiciebantur,
1060 2737 1245 2830 redierunt
1263 2755 1310 2830 ad
1330 2757 1552 2834 credentiam
1572 2765 1604 2832 et
1617 2757 1673 2830 alia

362 2881 491 2958 bacilia
507 2905 591 2956 cum
614 2883 691 2957 aliis
714 2882 1001 2958 confectionibus
1021 2888 1058 2956 et
1074 2880 1155 2954 vino
1171 2883 1374 2979 portabant,
1399 2891 1507 2980 prout
1531 2881 1672 2981 pontifici

362 3015 398 3082 et
412 3008 654 3110 cardinalibus
674 3010 790 3084 fuerat
811 3009 1066 3100 ministratum,
1092 3015 1126 3082 et
1146 3015 1339 3106 postquam
1354 3009 1538 3084 cialdnnes
1553 3014 1587 3084 et
1605 3007 1671 3080 ulti·

361 3157 440 3210 mus
456 3140 562 3234 potus
578 3143 688 3226 esset,
706 3143 745 3210 ut
759 3137 952 3235 prefertur,
967 3158 1051 3209 cum
1071 3135 1200 3209 saltem
1220 3158 1352 3233 magna
1371 3135 1581 3210 confusione
1601 3156 1673 3208 con-

362 3269 540 3358 sumptus,
566 3262 661 3336 facto
683 3261 839 3351 silentio,
865 3259 1018 3335 surrexit
1043 3260 1216 3357 pontifex,
1246 3269 1281 3337 et
1306 3261 1352 3336 ad
1377 3283 1564 3336 cameram
1587 3257 1675 3334 rediit

363 3385 687 3461 ordineconsueto.

411 3513 487 3608 Ego
510 3511 668 3586 remansi
687 3511 756 3586 hec
773 3518 880 3587 nocte
900 3511 937 3585 in
956 3509 1088 3608 palatio
1115 3510 1328 3609 apostolico,
1351 3534 1423 3585 una
1442 3533 1527 3586 cum
1545 3508 1675 3584 domino

208 3639 217 3658 ’
315 3649 317 3653 ·
362 3634 562 3732 Augustino
585 3635 752 3727 Patricio,
785 3634 938 3710 sirecte
965 3634 1128 3726 memini,
1157 3641 1193 3710 et
1222 3635 1456 3710 dormivimus
1484 3637 1522 3710 in
1551 3655 1676 3711 camera

363 3757 491 3857 prioris
507 3783 537 3831 s.
556 3759 704 3834 Balbine
721 3759 983 3835 bibliothecarii
1000 3763 1063 3836 SS.
1082 3765 1124 3836 ll.
1143 3765 1185 3836 N.

412 3884 468 3959 Ad
484 3885 676 3960 matutinas
689 3886 797 3982 hujus
812 3886 928 3960 noctis
944 3887 1039 3962 venit
1055 3889 1118 3961 SS.
1138 3889 1181 3960 D.
1205 3890 1247 3960 N.
1271 3887 1418 3979 amictu,
1434 3887 1529 3976 albe,
1551 3883 1676 3983 cingulo

370 4009 461 4087 stola
476 4017 512 4085 et
527 4033 642 4108 cappa
661 4011 705 4086 de
721 4012 923 4086 cremesino
945 4019 1104 4111 paratus,
1128 4011 1225 4086 circa
1247 3999 1376 4086 horam
1399 4019 1560 4086 octavam
1580 4007 1677 4084 noctis

365 4137 443 4210 sine
459 4137 578 4228 mitra,
601 4160 709 4212 cruce
724 4136 918 4233 pendente,
943 4145 978 4213 et
994 4140 1236 4216 cardinalibus
1257 4140 1495 4236 sequentibus
1514 4139 1560 4212 ad
1574 4133 1678 4233 capel-

364 4262 436 4338 lam
460 4264 637 4360 majorem
667 4263 925 4361 supradictam,
959 4264 1019 4336 ubi
1054 4266 1179 4340 oravit.
1210 4265 1383 4340 Ascendit
1416 4267 1461 4339 nd
1497 4263 1622 4340 solium
1651 4267 1678 4333 et

365 4387 499 4488 incepit
515 4387 707 4462 matutinas
717 4411 818 4462 more
832 4389 950 4462 solito.
968 4393 1115 4487 lucepto
1127 4391 1358 4489 responsorio
1370 4397 1498 4488 quarte
1510 4385 1674 4474 lectionis,

365 4513 519 4588 conduxi
532 4514 815 4588 lllustrissimum
832 4515 874 4587 [l.
894 4515 1125 4590 franciscum
1139 4517 1182 4591 de
1198 4515 1377 4614 aragonia
1397 4514 1679 4612 dicturumquin-
1733 4569 1734 4580 ,

368 4645 439 4712 tam
455 4639 664 4730 lectionem,
681 4639 724 4714 de
740 4639 821 4715 loco
833 4662 897 4714 suo
914 4645 1008 4714 retro
1021 4642 1210 4738 pulpitum,
1229 4641 1266 4714 in
1281 4665 1353 4738 quo
1369 4641 1448 4716 fieri
1465 4641 1559 4716 solet
1576 4655 1677 4713 sermo
1733 4629 1734 4672 t

368 4763 405 4836 in
427 4765 566 4862 capella
592 4765 650 4840 nbi
674 4765 706 4839 ei
728 4767 883 4864 imposui
906 4767 1195 4865 superpellicium
1218 4772 1253 4841 et
1277 4789 1402 4842 ensem
1425 4767 1581 4866 desuper
1598 4765 1677 4838 illum

370 4889 478 4978 cinxi,
499 4895 573 4962 tum
589 4891 730 4986 pluviali
748 4914 831 4966 eum
847 4891 960 4982 indui,
982 4897 1020 4965 ut
1039 4892 1150 4965 moris
1169 4897 1224 4966 est
1244 4899 1279 4966 et
1301 4891 1483 4988 capellum
1507 4915 1551 4966 ex
1568 4889 1676 4965 bireto,

370 5013 489 5109 ipsum
503 5038 585 5086 cum
605 5015 761 5111 pluviali,
785 5023 822 5090 ut
837 5017 948 5090 moris
965 5023 1033 5107 est,
1064 5016 1176 5106 indui,
1199 5023 1235 5092 et
1266 5013 1443 5113 capellum
1471 5042 1516 5092 ex
1533 5017 1639 5091 bireto
1654 5011 1678 5082 ci
1733 5005 1734 5084 l

373 5137 542 5236 imposui,
564 5141 625 5235 qui
645 5142 789 5233 deinde,
810 5143 958 5218 servatis
978 5143 1195 5218 ceremoniis
1216 5141 1411 5232 consuetis,
1433 5143 1521 5217 dixit
1540 5142 1679 5240 quintam
1733 5187 1734 5242 ,
