3422 6034
79 473 150 540 [bvril
166 473 232 538 llas]
396 472 523 528 RERUM
547 470 775 528 URBANARUM
798 469 1060 528 COMMENTARH.
1343 479 1392 534 351

73 652 206 703 camere
224 627 401 726 pepagalb
428 650 530 700 more
555 625 660 700 solito
686 625 1004 723 processionaliter
1025 627 1118 698 venit
1139 627 1183 698 ad
1206 625 1391 702 basilicam

75 781 99 828 s.
122 754 212 828 Petri
233 754 302 826 sub
323 751 554 838 baldachino,
581 751 741 826 officium
765 755 988 849 peracturus.
1018 753 1156 846 Aquam
1182 750 1396 824 ministravit

75 879 177 976 primo
207 878 357 975 quidem
388 901 502 974 nepos
531 877 624 950 Rmi.
652 882 695 950 Ι).
727 876 919 950 cardinalis
948 875 1191 973 Neapolitani;
1220 877 1392 968 seeundo,

76 1009 183 1078 orator
204 1008 447 1094 Venetorum3
473 1002 592 1092 tertio,
619 1008 741 1075 orator
764 1003 859 1099 regis
888 1001 1076 1098 Hispanie;
1103 1007 1244 1098 quarto,
1268 1005 1311 1074 D.
1335 1006 1397 1076 lo·
1510 1093 1514 1100 1

77 1130 203 1202 lraones
231 1127 557 1225 Fuschsmagensis
591 1135 715 1204 orator
744 1126 953 1226 imperialis.
988 1128 1217 1224 Evangebum
1245 1127 1396 1202 latinum

77 1253 152 1326 dixit
176 1257 304 1326 Rmus.
330 1258 372 1328 D.
404 1254 596 1328 cardinalis
620 1254 664 1328 de
688 1258 785 1327 Fuso
813 1260 847 1328 et
871 1253 1060 1349 epistolam
1082 1256 1125 1327 Ι).
1154 1252 1395 1351 Hieronymus

77 1379 298 1476 Calagranus,
317 1403 424 1476 quam
448 1379 485 1452 in
509 1403 618 1477 greco
641 1379 727 1453 dixit
746 1383 787 1453 Ι).
816 1378 1017 1454 Demetrius
1045 1385 1080 1451 et
1104 1377 1329 1474 evangelium
1350 1381 1393 1451 Ι).

78 1505 308 1604 Hieronymus
323 1508 465 1580 Scottus
480 1481 617 1580 electos
639 1505 836 1580 Suenensis
856 1505 916 1602 qui
930 1511 1124 1601 antequam
1139 1503 1280 1577 Munda
1297 1503 1396 1578 dice-

77 1636 134 1718 ret,
150 1630 283 1727 pedem
299 1655 372 1704 non
389 1654 485 1728 genu
499 1636 608 1729 Pape,
626 1655 684 1706 me
699 1632 901 1722 ordinante,
913 1631 1097 1706 osculatus
1109 1635 1163 1706 est
1178 1653 1225 1704 ex
1240 1652 1285 1703 eo
1300 1628 1396 1725 quod

77 1775 138 1824 non
167 1760 245 1828 erat
272 1761 516 1830 consecratus.
542 1759 651 1830 Facta
674 1755 871 1830 elevatione
901 1755 1131 1846 sacramenti,
1156 1755 1200 1828 de
1225 1754 1395 1828 mandato

76 1877 245 1973 pontificis
260 1881 380 1954 vultus
396 1889 542 1954 sauctus
563 1887 730 1956 ostensus
749 1886 858 1954 estut
879 1881 1034 1978 populus
1055 1879 1191 1954 lacilius
1212 1879 1257 1954 ed
1275 1879 1397 1954 locum

77 2004 332 2080 benedictionis
347 2007 430 2081 ivet.
449 2012 545 2104 Papa
563 2006 841 2082 communicavit
862 2012 1038 2103 quotquot
1062 2006 1108 2080 ad
1127 2029 1210 2080 eum
1230 2027 1397 2078 accesse-

78 2139 147 2204 runt
160 2131 310 2207 nemine
325 2134 539 2231 postposito,
561 2133 669 2208 etiam
692 2137 766 2207 Ι)Ι).
789 2132 962 2208 iacobum
983 2131 1169 2220 Crouffral,
1189 2130 1395 2204 Cornelium
1505 2195 1509 2206 .

80 2257 321 2332 etlehannem
342 2259 468 2348 Aablc,
488 2259 682 2333 familiares
704 2283 819 2332 meos.
846 2264 932 2332 Post
951 2259 1112 2347 missam,
1137 2259 1234 2352 Papa
1253 2278 1399 2352 proces·

80 2380 252 2458 sionaliter
281 2391 442 2480 portatus
453 2390 508 2458 est
523 2385 568 2458 ad
582 2385 701 2460 locum
723 2383 983 2460 benedictionis
1010 2407 1075 2480 per
1091 2381 1254 2456 ultimam
1267 2403 1396 2454 novem

80 2507 130 2578 ubi
145 2509 227 2582 vidit
242 2509 381 2584 vultum
396 2509 541 2584 Domini
556 2509 592 2582 in
605 2510 687 2584 loco
704 2510 809 2583 solito
828 2535 836 2582 :
852 2509 950 2582 dedit
965 2508 1256 2582 benedictionem
1268 2507 1398 2580 solem·
1514 2523 1518 2534 '

80 2654 151 2706 nem
172 2633 310 2732 populo
339 2635 376 2707 in
404 2635 655 2732 copiosissimo
689 2641 724 2709 et
754 2635 912 2709 maximo
944 2657 1096 2710 numero
1130 2633 1260 2706 astanti
1289 2655 1398 2728 quam

80 2779 225 2852 unquam
243 2765 409 2856 tempore
433 2759 614 2856 pontificis
635 2759 745 2858 hujus
769 2760 882 2834 nostri
905 2757 1105 2834 innocentii
1126 2757 1280 2831 alluerit.
1305 2761 1397 2832 Gem

82 2881 181 2955 sultan
197 2883 445 2981 iraterltlagni
468 2885 572 2960 Turei
598 2885 694 2958 stetit
719 2885 755 2956 in
780 2883 947 2958 fenestris
971 2883 1150 2958 lobiarum
1169 2879 1396 2978 superiorum

81 3029 175 3103 supra
202 3014 348 3106 portam
378 3009 614 3107 principalem
648 3010 814 3084 introitus
840 3008 961 3106 palatii
988 3015 1025 3080 ut
1054 3016 1089 3080 et
1116 3008 1194 3104 ipse
1224 3005 1396 3102 populum

81 3129 200 3205 videret
215 3139 250 3206 et
278 3133 358 3231 ejus
383 3133 613 3209 devotionem
638 3159 725 3231 erga
751 3134 882 3207 Christi
912 3133 1081 3208 vicarium
1101 3137 1280 3206 cerneret.
1309 3135 1400 3204 Data

83 3255 320 3336 bencdictione
349 3285 415 3359 per
442 3261 653 3359 pontificem
686 3261 809 3334 RRmi.
837 3263 911 3334 Ι)Ι).
935 3284 964 3331 s.
987 3257 1130 3354 Georgii
1161 3259 1198 3330 in
1221 3257 1333 3330 latino
1361 3262 1398 3329 ct

81 3383 239 3460 Columna
254 3387 398 3460 diaconi
413 3387 614 3462 cardinales
628 3387 663 3460 in
680 3387 816 3485 vulgari
831 3385 1118 3484 pronunciarunt
1132 3382 1267 3480 populo
1283 3381 1401 3454 indul·

79 3509 202 3599 gentias
214 3511 397 3608 plenarias
410 3537 476 3610 per
491 3519 625 3611 Papam
646 3537 852 3587 concessas.
878 3517 1002 3586 limus.
1019 3515 1061 3584 Ι).
1079 3507 1396 3584 vicecancellarius

79 3628 148 3704 lecit
159 3633 195 3706 in
208 3636 334 3726 missa,
356 3643 393 3710 et
407 3638 579 3735 pontifice
593 3661 631 3710 se
648 3644 812 3734 parante,
831 3637 993 3710 cilicium
1010 3633 1226 3708 assistentis.

119 3759 259 3834 luterim
286 3761 371 3835 dum
395 3768 432 3834 et
458 3763 562 3836 tertia
590 3763 782 3855 diceretur,
812 3763 1047 3837 demandato
1074 3763 1137 3835 SS.
1169 3763 1210 3832 Ι).
1238 3762 1281 3832 N.
1313 3759 1396 3834 dedi

79 3873 183 3957 locum
198 3885 294 3960 inter
312 3887 523 3962 assistentes
540 3892 612 3960 ΙΙΙ).
632 3891 707 3962 Ι)Ι).
727 3889 999 3986 archiepiscopo
1019 3887 1215 3962 Cusentino
1234 3893 1270 3959 et
1290 3889 1332 3960 N.
1350 3885 1395 3958 de

81 4004 194 4104 Birago
208 4012 458 4108 protonotario
474 4013 686 4111 apostolico.
703 4015 782 4089 Alia
796 4015 920 4090 omnia
932 4037 1034 4088 more
1051 4013 1156 4087 solito
1172 4018 1255 4086 sunt
1268 4011 1396 4087 obser-

82 4138 158 4204 vata.
177 4139 266 4210 Cum
282 4137 434 4234 prelatio
453 4139 685 4237 inciperetur,
709 4141 832 4214 RRmi.
854 4145 930 4214 Ι)Ι).
957 4139 1002 4214 de
1029 4138 1165 4212 Ursinis
1186 4138 1222 4210 in
1243 4137 1394 4234 epistole
1483 4173 1484 4178 ¹

83 4261 112 4326 et
123 4259 290 4336 Ascanius
310 4263 452 4338 diaconi
473 4265 672 4339 cardinales
696 4267 734 4340 in
758 4267 931 4364 evangelii
952 4265 1121 4339 cornibus
1141 4263 1260 4336 altaris
1285 4261 1395 4335 assis-

83 4383 186 4458 terunt
200 4387 267 4461 sibi
291 4389 445 4462 invicem
469 4389 580 4464 facies
603 4399 797 4484 vertentes,
817 4391 907 4465 duos
931 4391 1011 4464 illos
1035 4392 1184 4488 angelos
1205 4413 1398 4487 represen-

85 4508 199 4585 tantes.
219 4515 483 4609 Superlueront
499 4515 622 4612 plures
637 4517 756 4592 hostie
775 4524 987 4592 consecrate
1003 4541 1093 4613 quas
1109 4540 1218 4614 super
1233 4515 1345 4589 altare
1361 4513 1398 4586 in

84 4630 179 4708 calice
193 4635 409 4714 dimisimus.
428 4645 525 4738 Papo
538 4641 635 4716 venit
650 4666 732 4717 cum
747 4643 854 4741 pallio
878 4643 922 4716 ad
936 4642 1057 4717 locum
1079 4638 1342 4716 benedictionis
1359 4645 1395 4713 et

84 4752 158 4831 tiara
171 4785 274 4858 quam
291 4765 400 4840 etiarn
416 4765 461 4840 de
478 4791 622 4843 camera
638 4768 838 4867 paramenti
854 4767 1008 4866 portavit
1025 4769 1070 4842 ad
1085 4766 1294 4841 ecclesiam.

123 4889 333 4968 Ferietertia
348 4896 502 4986 Pasche,
521 4901 561 4969 al
584 4895 718 4994 aprilis,
741 4900 864 4968 Rmus.
886 4898 929 4968 Ι).
948 4893 1137 4968 cardinalis
1152 4917 1182 4964 s.
1198 4891 1395 4966 Clementis

85 5009 255 5093 celebravit
268 5021 417 5096 missam
442 5023 643 5098 solemnem
667 5022 705 5096 in
727 5022 866 5121 capelle
889 5021 1063 5120 predicta,
1092 5025 1188 5118 Papa
1208 5025 1393 5118 presente,

87 5131 229 5218 similiter
243 5169 326 5222 cum
342 5172 415 5222 una
429 5149 591 5225 oratione
608 5155 645 5224 et
659 5147 737 5224 eliis
755 5148 971 5223 ceremoniis
986 5147 1183 5224 consuetis.
1204 5152 1329 5222 Rmus.
1349 5148 1392 5219 Ι).
