3496 6056
109 511 272 584 [Novembre
290 513 357 578 1⁴85]
450 511 577 570 RERUM
601 511 829 570 URBANARUM
853 511 1115 572 COMMENTARH.
1399 520 1450 576 {65

156 667 349 740 Promissis
384 665 501 755 lectis,
537 665 663 763 positis
692 666 867 740 ambabus
895 668 1061 741 manibus
1094 691 1204 766 super
1237 669 1447 766 scripturam

109 793 393 890 evangeliorum,
411 792 448 864 in
469 791 561 865 libro
581 791 617 864 in
638 791 805 864 manibus
822 793 886 866 SS.
904 795 946 866 D.
966 795 1007 867 N.
1032 792 1198 869 existenti
1215 795 1445 894 scriptorum,

109 919 198 992 sicut
217 918 360 1014 legerat
384 917 529 1016 juravit.

156 1047 236 1132 Duo
251 1043 362 1134 facto,
382 1041 541 1117 oblatum
562 1043 625 1116 fuit
640 1041 809 1116 vexillum
826 1041 987 1117 Ecclesia
1003 1065 1086 1116 cum
1103 1049 1230 1141 stanga
1250 1069 1313 1120 sua
1328 1045 1447 1143 ponti·

108 1168 178 1257 frci,
198 1169 263 1266 qui
284 1168 373 1242 illud
392 1168 516 1242 dextra
531 1175 684 1266 tangens
705 1167 849 1242 tradidit
865 1167 953 1241 illud
969 1166 1065 1242 dicto
1082 1171 1124 1242 D.
1144 1171 1301 1244 Roberto
1322 1195 1445 1248 coram

106 1319 142 1367 se
156 1291 352 1391 genuflexo
368 1300 403 1368 et
417 1293 592 1368 ambabus
608 1295 775 1369 manibus
792 1291 991 1389 recipienti,
1018 1291 1141 1367 dicens
1156 1319 1164 1368 :
1182 1296 1312 1396 Accipe
1337 1297 1447 1373 cecil·

106 1419 178 1492 lam
199 1429 267 1492 etc.
288 1417 427 1492 Deinde
445 1441 511 1516 per
524 1441 592 1492 nos
610 1417 778 1492 traditum
805 1414 873 1488 fuit
888 1414 1025 1490 dictum
1050 1417 1217 1493 vexillum
1244 1419 1293 1494 illi
1310 1423 1355 1496 ad
1372 1423 1444 1500 hoc

106 1543 287 1632 ordinato,
302 1547 338 1617 et
349 1542 515 1616 vexillum
530 1545 744 1636 secundum,
756 1541 922 1618 uidelicet
936 1565 1017 1616 cum
1034 1543 1143 1618 armis
1157 1549 1266 1644 Pape,
1280 1547 1443 1646 pontifici

108 1669 270 1743 oblatum
287 1675 323 1743 et
338 1668 473 1743 lactum
495 1676 600 1768 prout
619 1669 664 1743 de
684 1671 814 1768 primo.
833 1673 923 1746 Tum
939 1675 983 1752 D.
1000 1673 1178 1750 Robertus
1194 1676 1373 1753 osculatus
1389 1685 1445 1753 est

106 1796 236 1893 pedem
258 1797 356 1893 Papo
379 1795 439 1892 qui
465 1796 631 1888 surrexit,
662 1804 697 1870 et
720 1797 765 1871 ad
790 1797 964 1896 palatium
989 1825 1153 1876 reversus
1182 1807 1250 1893 est,
1277 1801 1374 1876 dioto
1397 1805 1439 1878 D.

106 1920 266 1995 Doberto
290 1928 372 1994 aute
396 1945 542 1996 crucem
566 1923 686 2019 ipsum
706 1923 938 2020 precedente.
963 1929 1059 2024 Papa
1083 1928 1182 2002 dedit
1209 1927 1276 2002 snb
1302 1927 1442 2026 porticu

106 2047 196 2120 dicte
243 2047 391 2121 basilice
425 2047 609 2123 licentiam
649 2050 903 2142 cardinalibus,
948 2049 1008 2149 qui
1042 2049 1171 2124 exinde
1201 2050 1329 2123 domos
1359 2058 1443 2124 sunt

107 2173 250 2264 reversi,
270 2172 440 2270 pontifice
455 2173 629 2269 palatium
642 2173 877 2266 ascendente,
892 2181 926 2250 et
941 2199 1023 2250 cnm
1039 2197 1082 2248 eo
1098 2173 1194 2248 dicto
1213 2176 1254 2246 D.
1283 2174 1441 2276 Doberto

107 2298 175 2394 qui,
198 2304 394 2395 postquam
419 2302 552 2397 Papam
580 2299 624 2374 ad
648 2322 832 2374 cameram
857 2301 1090 2388 conduxerat,
1117 2299 1314 2373 associatus
1341 2305 1442 2372 esta

107 2425 251 2523 prelatis
269 2427 405 2526 palatii,
428 2423 653 2500 cubiculariis
676 2432 712 2499 et
727 2424 906 2500 scutiferis
923 2431 1032 2523 Papo,
1057 2424 1259 2500 oratoribus
1279 2429 1315 2497 et
1335 2423 1441 2498 fomi-

106 2548 159 2622 liis
186 2549 426 2624 cardinalium
451 2573 517 2650 por
540 2548 740 2624 cardinales
764 2557 846 2646 post
875 2551 1031 2626 reditum
1057 2549 1228 2639 dimissis,
1260 2547 1439 2643 apalatio

107 2675 265 2770 predicto
280 2699 393 2772 usque
408 2675 453 2747 ad
468 2673 639 2772 palatium
656 2676 719 2747 SS.
738 2674 984 2772 apostolorum
1005 2675 1102 2772 quod
1114 2677 1239 2748 Durus.
1261 2675 1304 2746 D.
1323 2671 1439 2746 cardi-

107 2799 191 2873 nalis
208 2801 324 2875 sancti
339 2800 435 2874 Petri
454 2798 500 2874 ad
513 2799 668 2874 Vincula
681 2799 870 2892 inhabitat,
895 2821 979 2875 cunr
996 2823 1067 2897 quo
1089 2800 1186 2873 idem
1202 2801 1243 2871 D.
1260 2797 1438 2871 Robortus

109 2925 293 3019 prandium
309 2924 468 3027 facturus
485 2931 562 2998 erat
582 2922 707 2997 ordine
726 2921 955 3022 inlrascripto
978 2924 1240 3020 equitantibus:

137 3049 336 3142 -Tnbicine,
361 3073 450 3147 gons
472 3051 663 3145 armigera,
687 3048 917 3122 inferioribus
941 3050 1232 3148 precedentibus
1250 3049 1327 3123 aliis
1352 3047 1438 3120 sub-

110 3175 350 3272 sequentibus,
375 3177 572 3274 majoribus
595 3199 660 3252 seu
680 3175 913 3250 nobilioribus
932 3175 1120 3250 reservatis
1145 3176 1204 3271 qui
1226 3175 1314 3248 duos
1331 3171 1438 3247 vexil-

110 3297 225 3374 liferos
261 3307 345 3374 ante
374 3299 660 3374 confalonerium
696 3303 900 3398 equitantes
934 3301 1170 3375 associarunt.
1195 3343 1243 3355 --
1266 3297 1435 3372 Scutiieri

112 3425 355 3499 cardinalium.
374 3469 421 3480 -
444 3426 611 3500 Scutiieri
627 3431 736 3526 Papo.
754 3427 963 3500 —Nobiles
979 3425 1116 3498 romani
1132 3449 1204 3498 nou
1229 3424 1370 3500 armati.
1387 3467 1436 3478 -

112 3550 274 3625 Dratores
296 3551 377 3624 laici
401 3559 436 3625 et
456 3551 577 3626 clerici
599 3577 672 3626 non
693 3553 834 3651 prelati.
853 3597 900 3608 —
918 3556 997 3626 Duo
1013 3551 1204 3648 portitores
1224 3549 1434 3624 vexillorum

112 3697 187 3750 cum
216 3677 340 3774 paucis
368 3677 603 3751 nobilioribus
634 3679 793 3752 armatis.
820 3721 868 3733 -
898 3681 941 3750 D.
967 3678 1146 3751 aubertus
1166 3673 1434 3749 confalonerius

110 3801 241 3875 modius
266 3803 360 3878 inter
377 3803 696 3878 vicecomerarium
716 3803 803 3876 alias
820 3803 1100 3900 gubernatorem
1123 3799 1226 3872 Urbis
1254 3823 1275 3872 a
1298 3798 1433 3872 dextris

110 3935 141 3997 et
154 3902 353 4022 profectum
371 3929 474 4003 Urbis
487 3929 715 4027 capitaneum
730 3929 890 4002 Ecclesia
911 3925 1110 4000 asinistris
1129 3968 1176 3980 —
1193 3923 1323 3998 Prolati
1338 3923 1434 4022 pale-

110 4049 141 4121 tii
159 4073 180 4125 a
200 4053 352 4127 sinistris
376 4053 554 4129 babentes
577 4063 740 4129 oratores
765 4053 935 4151 prelatos.
957 4095 1005 4106 -
1024 4051 1092 4124 xlii
1115 4049 1240 4148 prelati
1265 4055 1346 4146 post
1368 4072 1432 4122 eos

78 4171 81 4182 '
109 4175 322 4268 cubicularii,
349 4185 424 4252 tum
446 4179 505 4253 alii
525 4179 714 4278 capellani.
730 4222 777 4234 -—
800 4181 893 4252 Ante
915 4183 1057 4275 portam
1077 4174 1199 4272 palatii
1223 4179 1431 4246 sanctorum

108 4303 344 4394 apostolorum
364 4303 632 4379 confalonerius
650 4305 754 4378 vertit
774 4328 813 4376 se
834 4303 951 4400 capilo
969 4301 1268 4398 discooperto,.et
1284 4297 1430 4396 prelatis

108 4443 144 4495 ac
160 4429 359 4502 oratoribus
374 4429 625 4504 recedentibus
641 4431 773 4527 gratias
788 4428 874 4525 egit.

149 4553 413 4629 Advertendum
428 4555 522 4651 quod
538 4555 715 4652 premissa
729 4554 773 4627 de
787 4553 970 4628 creatione
983 4549 1219 4624 confalonerii
1233 4549 1352 4622 notavi
1367 4569 1428 4622 sou

109 4679 266 4778 rescripsi
282 4679 344 4752 diu
365 4689 447 4778 post
470 4703 547 4753 rom
567 4687 705 4777 gestam
729 4702 773 4754 ex
793 4677 950 4778 quodam
966 4676 1084 4750 rotulo
1099 4676 1159 4748 diu
1177 4675 1222 4748 ad
1237 4675 1308 4748 hoc
1323 4681 1429 4749 antea

109 4823 165 4896 per
187 4829 243 4880 me
271 4813 464 4903 concepto,
491 4805 588 4902 quod
615 4810 831 4901 conceptum
859 4805 895 4876 in
922 4802 1134 4877 executione
1156 4801 1272 4874 fuerat
1297 4799 1429 4872 immu-

113 4931 225 5020 tatum,
244 4937 280 5004 et
300 4935 382 5027 post
402 4929 579 5028 premissa
604 4929 654 5002 sic
679 4928 864 5024 rescripta,
891 4925 1008 5024 reperi
1028 4931 1150 4998 notam
1165 4947 1287 4998 voram
1301 4947 1428 4999 eorum

112 5071 173 5144 que
187 5055 362 5150 premissa
373 5061 454 5130 acta
469 5056 626 5146 fuerunt,
643 5053 886 5150 conscriptum
901 5051 950 5124 hu
951 5049 1111 5150 jusmodi
1131 5049 1279 5124 tonoris.
1478 5037 1482 5044 ’

156 5178 215 5251 Die
236 5180 418 5269 mercurii,
446 5183 492 5255 lo
521 5179 726 5255 novembris
754 5179 846 5253 festo
872 5203 901 5250 s.
933 5177 1077 5252 Andree
1111 5175 1278 5275 apostoli,
1305 5179 1430 5250 limus.
