3496 6056
69 432 211 496 [Septembre
225 429 290 493 lsai]
382 427 508 484 RERUM
532 427 759 486 URBANARUM
783 428 1045 486 COMMENTARll.
1341 429 1376 482 95

70 593 194 684 pectore
213 585 314 682 juxta
328 606 475 656 crucem
500 583 610 680 pallii,
631 583 824 681 incipiente
839 583 1029 658 cardinale
1051 581 1096 654 de
1122 579 1319 652 Comitibus
1340 587 1376 652 et

71 713 135 784 aliis
152 711 287 783 duobus
307 709 402 781 idem
422 715 504 805 post
519 733 602 782 eum
623 709 836 783 iacientibus
855 737 861 781 :
881 709 941 806 qui
960 733 1100 802 omnes,
1118 711 1289 810 pontifice
1304 708 1375 780 hoc

70 837 161 909 nodo
178 843 338 933 recepto,
363 834 480 932 ipsum
505 861 618 932 usque
642 836 687 909 ad
710 835 822 908 altare
847 836 962 932 majus
987 836 1224 928 associarunt,
1247 834 1377 907 imme-

71 963 149 1036 diate
163 969 242 1037 ante
257 961 458 1036 cardinales
473 961 645 1035 diaconos
661 961 881 1034 incedentes.

102 1093 186 1184 Papa
200 1093 281 1161 ante
296 1090 412 1186 majus
430 1089 540 1162 altare
562 1089 769 1180 constituto,
793 1087 977 1162 redierunt
992 1088 1036 1161 ad
1057 1113 1122 1161 sua
1139 1087 1220 1162 loca
1235 1085 1321 1163 dicti
1332 1085 1378 1185 (l)

73 1222 131 1286 tres
149 1213 346 1312 presbyteri
359 1211 583 1313 [cardinalem
606 1220 642 1286 et
658 1218 766 1310 Papa,
790 1211 953 1308 deposita
973 1212 1080 1286 mitra
1097 1211 1157 1312 (ἓ),
1180 1212 1380 1285 tecit'reve-

72 1339 203 1410 rentiam
227 1339 328 1412 cruci
353 1338 390 1411 in
416 1339 518 1412 altari
541 1339 675 1438 posite3
699 1339 830 1413 deinde
856 1339 1123 1414 contessionem
1147 1339 1272 1413 ordine
1297 1361 1381 1412 con-

73 1471 160 1537 sueto
175 1463 272 1537 dixit.

104 1593 201 1662 Facta
219 1589 464 1678 confessione,
489 1592 586 1685 Papa
608 1613 682 1662 nou
705 1589 869 1663 ascendit
888 1589 934 1664 ad
959 1591 1071 1664 altare
1097 1590 1161 1664 sed
1185 1591 1231 1665 ad
1255 1591 1380 1665 sedern

66 1715 95 1786 in
113 1715 209 1810 plano
229 1715 297 1788 sibi
321 1719 484 1812 paratam
508 1714 603 1787 inter
625 1713 859 1805 eminentem,
887 1720 923 1788 et
948 1715 1060 1789 altare
1086 1716 1188 1812 juxta
1216 1716 1381 1790 infimum

67 1837 200 1933 gradum
214 1837 308 1928 solii,
328 1838 389 1912 ubi
404 1837 450 1911 ad
469 1838 581 1912 altare
601 1863 725 1912 versus
749 1839 853 1929 sedit,
877 1837 1020 1912 mitram
1040 1839 1077 1911 in
1099 1839 1215 1936 capite
1238 1845 1378 1932 tenens,

68 1987 160 2058 quam
182 1964 321 2060 recepit
350 1964 446 2037 lacta
476 1964 704 2038 consessione
732 1971 924 2060 antequam
954 1965 999 2038 de
1030 1965 1112 2039 looo
1143 1965 1382 2060 consessionis

69 2089 252 2178 recederet,
278 2095 424 2163 etcum
448 2113 490 2163 ea
514 2097 597 2164 ante
619 2113 803 2165 recessum
828 2091 888 2190 (3),
916 2090 1013 2164 eruci
1037 2090 1197 2188 predicte
1221 2090 1257 2164 in
1281 2091 1382 2166 altari

70 2213 167 2310 posite
195 2215 280 2288 lecit
309 2215 559 2289 reverentiam.
587 2221 684 2314 Papa
708 2217 759 2290 sic
783 2215 819 2288 in
842 2216 937 2288 dicta
958 2215 1043 2289 sede
1067 2216 1230 2305 sedente,
1258 2239 1383 2290 acces-

69 2347 173 2412 serunt
187 2347 269 2416 ante
291 2341 376 2416 eum
394 2348 465 2416 tres
487 2344 592 2440 primi
612 2343 771 2440 episcopi
797 2342 1013 2432 cardinales,
1035 2341 1200 2416 videlicet
1216 2342 1384 2415 vicecan-

68 2467 228 2556 cellarius,
257 2467 453 2564 episcopus
483 2469 707 2557 Portuensis,
737 2467 879 2565 collegii
907 2468 1087 2556 decanum
1112 2467 1382 2564 Neapolitanae,

69 2591 241 2690 episcopus
258 2577 485 2684 sabinensis,
504 2600 585 2667 ets.
604 2593 728 2684 llarci,
741 2595 932 2692 episcopus
946 2595 1197 2684 Prenestinus;
1216 2593 1385 2668 omnibus

69 2716 196 2811 prelatis
212 2741 254 2791 ac
272 2718 352 2791 aliis
369 2718 405 2790 in
421 2717 495 2790 suis
508 2718 598 2791 locis
615 2721 897 2794 remanentibus.
918 2719 962 2793 Hi
978 2727 1051 2793 tres
1072 2725 1155 2793 ante
1175 2720 1384 2817 pontificem

66 2841 145 2915 inter
173 2843 284 2940 ipsius
314 2843 438 2916 sedern
476 2843 676 2940 predictam
706 2852 742 2919 et
770 2846 900 2935 altare,
928 2845 1030 2942 juxta
1066 2854 1187 2918 tamen
1221 2843 1385 2916 infimum

67 2967 197 3060 gradum
222 2967 360 3057 altaris,
389 2968 435 3040 ad
463 2968 582 3066 ipsum
606 2969 815 3066 pontificem
844 2969 935 3043 uersi
960 2993 1000 3044 se
1028 2969 1206 3058 locarunt,
1231 2969 1384 3064 quisque

68 3115 175 3164 eorum
190 3117 296 3166 suum
311 3093 561 3190 cappellanum
576 3095 620 3167 de
642 3096 747 3168 mitra
764 3095 829 3166 sibi
846 3094 1061 3185 servientem
1075 3099 1158 3191 pust
1173 3116 1211 3166 se
1227 3093 1380 3166 habens.

68 3221 184 3290 Omnes
205 3219 318 3293 etiam
339 3219 399 3292 alii
421 3220 635 3310 cardinales,
665 3220 831 3293 videlicet
857 3219 1016 3318 episcopi
1047 3225 1083 3292 et
1110 3217 1312 3316 presbyteri
1339 3217 1386 3291 ad

66 3341 245 3434 dexteram,
266 3344 408 3418 diaconi
423 3369 507 3418 vero
524 3346 568 3418 ad
585 3345 768 3420 sinistram
783 3371 875 3443 pape
896 3350 1130 3451 accesserunt
1145 3343 1240 3417 inter
1255 3343 1384 3416 solium

67 3473 96 3537 et
112 3467 214 3543 altare
235 3474 388 3559 stantes²
411 3470 639 3568 cappellanus
661 3496 744 3544 suos
767 3472 811 3545 de
834 3471 940 3544 mitra
964 3471 998 3545 ei
1019 3471 1217 3545 servientes
1241 3474 1324 3567 post
1344 3493 1383 3544 se

68 3590 242 3668 habentes,

103 3716 268 3790 Omnibus
291 3715 344 3789 sie
367 3718 555 3809 stantibus
587 3719 759 3815 depositis
786 3745 807 3792 a
836 3724 944 3818 Papa,
976 3745 1018 3794 ac
1051 3723 1218 3795 omnihus
1252 3719 1382 3812 mitris,

67 3842 204 3915 surrexit
225 3841 387 3940 pontifex
412 3848 447 3939 et
470 3843 660 3916 cardinalis
686 3869 715 3916 s.
740 3845 851 3917 Marci
881 3843 1006 3918 tertius
1029 3851 1065 3917 et
1081 3844 1228 3917 ultimus
1244 3853 1386 3940 expre-

68 3965 305 4056 dictionibus,
328 3973 426 4039 stans
448 3967 482 4038 in
500 3968 620 4042 medio
642 3977 723 4042 ante
744 3969 880 4042 dictum
901 3968 1051 4065 gradum
1071 3956 1205 4058 altaris,
1228 3967 1320 4040 facie
1340 3967 1385 4040 ad

68 4089 261 4182 pontificem
280 4113 396 4178 versa,
419 4091 464 4163 ad
485 4092 671 4166 dexteram
696 4119 797 4167 suam
820 4095 959 4168 habens
982 4092 1331 4176 vicecancellarium‚
1350 4099 1385 4166 et

68 4213 105 4282 ad
125 4215 303 4288 sinistram
331 4217 604 4314 Neapolitanum
629 4219 848 4293 cardinalem
875 4220 934 4316 qui
955 4220 1055 4316 quasi
1080 4218 1147 4291 sibi
1168 4217 1254 4315 ipsis
1274 4217 1384 4290 iacies

68 4338 252 4427 vertebant,
271 4338 373 4412 sicuti
389 4341 598 4415 assistentes
614 4341 773 4439 episcopi
794 4343 831 4415 in
846 4340 1178 4416 consecrationibus
1194 4344 1385 4440 episcopo-

70 4481 134 4533 rum
149 4468 243 4537 stare
260 4463 389 4554 solent,
408 4464 521 4564 magis
538 4473 660 4542 tamen
674 4467 720 4540 ad
734 4468 945 4565 pontificem
965 4467 1169 4558 tendentes,
1188 4467 1277 4540 dixit
1291 4467 1385 4540 hano

70 4589 271 4681 orationem,
282 4587 641 4666 nullumuersiculum
656 4593 869 4691 premittens
884 4617 1001 4690 neque
1010 4589 1183 4667 Dominus
1195 4589 1382 4684 vobiscum,

69 4711 213 4790 absolute
229 4716 378 4815 incepit,
395 4717 532 4810 dicens,
549 4717 587 4792 in
602 4725 687 4792 tono
704 4720 907 4794 orationum
924 4719 1139 4794 solemnium
1154 4717 1385 4832 festivitatum

97 4957 118 5014 l.
133 4960 248 5018 Dumini.
262 4991 297 5004 -
308 4964 383 5021 Dans
397 4964 518 5026 Riualdi.

96 5050 118 5102 2.
135 5051 168 5108 Et
180 5051 208 5108 iu
223 5053 300 5111 altari
314 5053 413 5130 posita.
430 5087 465 5095 —
479 5056 599 5130 Manque
614 5057 682 5114 daris
702 5055 792 5115 Rinal.

96 5136 120 5194 3.
138 5141 208 5200 lnter
223 5145 314 5202 sedeur
329 5145 472 5220 prelatum.
486 5179 520 5191 -
535 5147 610 5205 Dans
621 5147 712 5206 Riual.
