3436 6038
55 479 198 546 [becambre
212 475 283 543 litis]
380 477 507 536 RERUM
530 477 758 541 URBANARUM
783 480 1045 544 conuuurauu.
1325 490 1372 546 171

55 633 253 708 Antoniotto
265 631 438 730 episcopo
454 635 737 726 Ventimilliano‚
755 639 912 729 datario;
928 640 1149 739 Hieronymo
1159 641 1374 740 Calagrano,

56 759 267 834 subdiacono
286 759 499 858 apostolico,
517 768 552 836 et
576 785 634 836 me
656 764 821 840 iohanne
842 765 1051 840 burchardo
1070 767 1244 864 magistro
1267 791 1370 844 cere·

56 907 263 962 mensarum.

97 1010 265 1100 Sabbeto,
300 1013 346 1083 24
383 1011 600 1104 decembris
635 1013 754 1112 vigilia
786 1015 980 1090 nativitatis
1018 1023 1060 1092 D.
1092 1023 1134 1092 N.
1168 1024 1198 1092 J.
1222 1021 1369 1114 Christi,

54 1141 190 1214 luerunt
213 1161 364 1236 vespere
389 1139 536 1237 papales
565 1140 746 1216 solemnes
771 1141 808 1214 iu
827 1141 974 1218 basilica
994 1167 1023 1217 s.
1042 1147 1151 1219 Petri.
1167 1145 1373 1222 cardinales

54 1271 220 1339 venerunt
242 1274 280 1339 et
303 1263 431 1363 prelati
451 1265 488 1338 in
512 1287 638 1340 eorum
662 1265 786 1363 cappis
811 1289 925 1363 usque
947 1268 1146 1344 addictam
1169 1271 1369 1346 basilicam.

55 1391 112 1480 lbi,
137 1391 231 1465 iacta
252 1390 465 1481 reverentia,
492 1389 693 1466 cardinales
715 1397 935 1488 aeceperunt
948 1399 1179 1489 paramenta.
1203 1394 1377 1471 Viceoan-

54 1515 211 1590 cellarius
253 1520 289 1590 et
324 1513 578 1614 Neapolitanus
623 1521 821 1612 arguerunt
854 1537 913 1590 me
950 1515 996 1591 da
1034 1520 1171 1608 errore,
1211 1517 1373 1592 dicentes

55 1665 90 1716 se
127 1642 164 1714 in
200 1641 422 1740 paramentis
457 1640 580 1717 venire
617 1641 750 1716 debere
787 1648 824 1716 et
863 1637 1032 1716 debuisse
1075 1646 1111 1714 et
1144 1640 1195 1714 sie
1229 1663 1375 1737 semper

54 1768 274 1842 observabam
312 1765 436 1856 luisse,
478 1765 540 1864 qui
569 1771 693 1840 lamen
730 1789 810 1840 mos
836 1789 1020 1862 nunquam
1050 1765 1115 1839 init
1139 1765 1371 1852 observatus3

55 1916 154 1989 super
183 1915 256 1990 quo
281 1895 409 1964 Rmus.
431 1893 478 1966 D.
511 1889 757 1965 cardinalias.
784 1891 894 1966 Marci
917 1891 1158 1989 iuterrogatus
1188 1891 1375 1988 respoudit

55 2017 248 2090 intimatum
271 2017 381 2090 luisse
404 2015 724 2114 processionaliter
743 2039 784 2091 se
804 2022 974 2091 venturos
998 2022 1190 2115 propterea
1208 2018 1245 2090 iu
1273 2040 1376 2113 para·

55 2143 225 2216 mentis-et
241 2145 376 2240 Papam
391 2141 458 2216 sub
473 2141 689 2217 baldachino
701 2141 822 2216 venire
838 2140 1021 2232 debuisse,
1038 2140 1193 2238 quisine
1212 2149 1374 2232 venerat,

56 2267 80 2336 si
93 2290 174 2339 vero
196 2265 402 2340 intimatum
424 2289 496 2339 non
519 2265 647 2340 luisset
668 2289 707 2338 se
729 2272 897 2342 venturos
920 2267 1249 2364 processionaliter,
1277 2265 1375 2342 bunc

56 2391 209 2466 ordinem
223 2415 307 2466 oum
323 2392 447 2490 cappis
462 2392 540 2466 sine
556 2391 776 2489 paramentis
792 2397 828 2466 et
844 2395 979 2490 Papam
999 2391 1066 2465 sub
1085 2391 1300 2466 baldachino
1314 2415 1374 2466 ue-¹

56 2518 122 2591 nire
143 2517 313 2593 debuisse
337 2517 593 2592 convenienter
619 2516 730 2590 inisse
756 2515 1000 2608 observatum3
1023 2541 1097 2590 non
1122 2517 1372 2607 considerans,

56 2665 128 2718 cum
148 2643 254 2718 venia
272 2642 440 2734 dicendo,
464 2641 562 2740 quod
580 2642 617 2714 in
638 2641 798 2739 vesperis
822 2666 1006 2739 nunquam
1027 2643 1072 2717 sit
1092 2641 1292 2740 processio,
1311 2643 1376 2716 sed

56 2795 112 2868 pro
135 2772 247 2845 missa
272 2777 424 2862 tantum,
445 2777 496 2843 ·et
522 2769 617 2866 quod
645 2791 811 2844 cursores
846 2792 1032 2866 nunquam
1065 2768 1260 2866 quicquam
1280 2769 1373 2844 bene

57 2895 222 2970 intimant.
262 2899 305 2968 l).
337 2895 577 2993 Hieronymus
618 2891 837 2990 Calagranus
876 2892 1117 2966 subdiaconus
1150 2891 1371 2989 apostolicus

57 3017 129 3092 lecit
148 3017 332 3109 officium3
356 3017 429 3114 qui,
452 3039 535 3090 mea
555 3017 789 3114 negligentia,
807 3018 844 3090 iu
863 3017 1003 3092 duobus
1025 3017 1177 3092 errarit:
1196 3016 1376 3090 intimavit

59 3146 141 3241 Pape
159 3144 313 3241 primam
334 3143 571 3241 antiphonam
588 3143 800 3239 geunllexus
815 3143 913 3240 quod
928 3142 1056 3218 stando
1072 3143 1150 3216 lieri
1168 3141 1368 3230 debuisset;

59 3275 87 3339 et
111 3267 348 3342 cardinalibus
384 3267 590 3365 antiphonis
623 3269 810 3359 intimatis,
837 3275 1031 3366 antequam
1058 3267 1125 3366 ipsi
1152 3267 1371 3356 intonarent,

60 3393 194 3466 recessit
221 3415 377 3489 quorum
407 3391 671 3468 intonationem
695 3399 887 3492 expectare
919 3393 1116 3469 debuisset.
1143 3391 1377 3468 vicecancel-

58 3515 150 3590 larius
168 3517 253 3592 ieoil
281 3517 442 3590 cilicium
464 3517 665 3592 assistentis
692 3545 700 3590 :
727 3523 921 3614 antequam
944 3523 1042 3616 ‘Papa
1067 3515 1306 3592 descenderet
1331 3514 1376 3588 ad

58 3663 225 3738 resperas,
249 3642 336 3716 dixit
354 3642 511 3716 lobanni
531 3643 643 3717 Maria
669 3643 768 3716 socio
791 3667 874 3717 meo
892 3667 934 3717 ac
960 3643 992 3716 ei
1010 3639 1192 3716 mandavit
1207 3639 1374 3735 quodme

60 3771 211 3863 tauquam
233 3766 392 3864 primum
409 3766 446 3840 in
463 3766 624 3842 cilicium
641 3769 837 3844 honoraret
856 3792 975 3866 neque
995 3775 1135 3867 partem
1155 3765 1377 3840 emolumen-

61 3893 161 3964 tomm
180 3889 290 3964 cilicii
312 3889 380 3964 sibi
395 3889 613 3964 imbursaret
634 3897 740 3987 prout
760 3891 816 3964 his
833 3891 960 3965 diebus
975 3893 1132 3988 iecerat;
1151 3894 1217 3970 sed
1229 3893 1376 3991 permit-

59 4015 136 4086 teret
156 3989 277 4088 omdia
295 4013 541 4090 emolumenta
561 4039 627 4113 pro
650 4015 822 4113 episcopo
841 4017 1063 4092 Plentineusi
1078 4043 1188 4116 quem
1201 4020 1238 4094 in
1252 4020 1373 4092 locum

61 4137 180 4213 Rebioli
206 4163 246 4215 se
273 4141 488 4238 subrogasse
516 4140 603 4214 dixit
630 4149 665 4216 et
692 4165 751 4216 me
774 4143 960 4244 recipere3
996 4151 1032 4217 et
1056 4143 1167 4219 linitis
1196 4145 1371 4242 vesperis.

60 4263 220 4339 mandavit
231 4259 410 4340 Sanctitas
425 4289 492 4339 sua
512 4269 554 4339 R.
568 4269 605 4340 P.
621 4269 664 4340 l).
685 4271 791 4342 Petro
807 4265 1059 4344 de'Viueentia
1069 4269 1166 4344 curie
1182 4292 1372 4344 causarum

59 4407 183 4466 camere
197 4389 394 4490 apostolice
404 4391 563 4488 generali
579 4391 732 4466 auditori
744 4393 840 4488 quod
856 4391 1096 4468 dearrestaret
1108 4393 1368 4490 quinquaginta

59 4512 188 4590 ducatos
208 4541 275 4617 per
298 4517 392 4592 bone
414 4517 590 4590 memorie
611 4521 654 4590 u.
673 4517 876 4592 iohannem
892 4517 1051 4615 priorem
1072 4521 1368 4617 predecessorem

60 4662 159 4732 suum,
179 4644 276 4744 apud
303 4647 346 4718 D.
380 4647 527 4718 Petrum
554 4642 598 4716 de
624 4643 754 4718 Sevilla
772 4643 819 4716 ad
845 4643 1050 4718 instantiam
1080 4644 1164 4718 dicti
1192 4642 1370 4721 iohannis

61 4764 154 4840 llario
178 4774 386 4844 arrestutos.
411 4777 414 4784 ’

100 4892 167 4965 lloc
192 4917 288 4986 sero,
319 4895 417 4970 circa
441 4895 571 4970 horam
599 4895 810 4993 vigesimam
845 4902 1009 4993 quartam
1037 4895 1135 4970 venit
1163 4896 1210 4970 ad
1235 4897 1369 4970 Urbem

63 5013 232 5094 chassus
245 5019 340 5094 lilius
356 5023 399 5094 D.
419 5021 567 5096 Roberti
583 5021 628 5096 de
649 5047 679 5096 s.
706 5021 877 5097 Severino
893 5020 1143 5114 confalonerii,
1163 5045 1246 5096 cum
1262 5045 1370 5118 squa-

62 5134 240 5218 drisxxxru
260 5144 376 5240 gentis
401 5168 598 5220 armorum.
620 5148 733 5220 Nocte
756 5150 945 5240 sequente,
967 5150 1049 5218 aute
1069 5145 1197 5220 boram
1220 5169 1367 5236 nouam,
