3496 6056
242 449 277 504 84
697 443 873 502 lOHANNlS
897 445 1122 516 educarunt,
1402 446 1484 512 [aoht
1496 448 1566 512 ror]

283 601 355 676 duo
371 595 490 674 clerici
507 597 765 696 superpelliciis
782 598 898 674 induti
917 623 1001 676 cum
1019 601 1157 686 duabus
1178 599 1352 680 lanternis
1367 605 1404 676 et
1417 599 1575 676 lumina-

244 728 356 819 rihuS,

285 878 400 952 equos
415 876 498 930 cum
512 857 738 927 sacramento
753 850 819 926 suh
834 851 1051 927 baldachino
1065 852 1251 948 incedens,

290 981 453 1072 sacrista,

290 1108 362 1182 duo
375 1104 525 1204 prefecti
539 1102 697 1196 navaleS,

285 1241 452 1310 cantores
467 1229 605 1328 capelle
621 1232 732 1324 Pape,

292 1359 473 1440 secretarii
490 1361 524 1430 et
537 1354 699 1430 advocati
714 1351 854 1426 mixtim
866 1354 969 1451 juxta
984 1354 1148 1430 ordinem
1161 1375 1226 1451 per
1245 1357 1308 1430 SS.
1330 1359 1374 1430 D.
1402 1361 1570 1430 nostrum

289 1485 577 1592 Bapomdatum,
1018 1492 1021 1498 “
1223 1491 1225 1494 ’

290 1611 494 1712 acolythi„

299 1737 421 1814 clerici
436 1759 594 1827 camere,

289 1867 472 1942 auditores
485 1867 577 1955 rote,

286 1989 493 2064 subdiaconi
509 1985 696 2087 apostolici
711 1981 891 2060 tunicellis
904 1981 994 2056 albis
1008 1981 1137 2074 induti,

286 2113 459 2188 diaconus
475 2120 511 2188 et
526 2111 769 2187 subdiaconus
783 2107 896 2208 greci,

287 2241 436 2316 abbates
451 2241 628 2330 forenses,

287 2367 461 2466 episcopi,

289 2492 567 2590 archiepiscopi,

287 2617 447 2715 episcopi
464 2623 499 2691 et
511 2612 774 2712 archiepiscopi
790 2617 886 2707 Papo
902 2609 1129 2702 assistentes,

287 2742 436 2816 abbates
452 2742 571 2835 Urbis,

286 2867 505 2962 patriarche,

287 2989 429 3066 diaconi
449 2993 663 3084 cardinales

285 3119 486 3218 presbyteri
499 3118 714 3208 cardinales,

228 3231 231 3242 ¹
286 3243 446 3342 episcopi
462 3244 677 3333 cardinales,

284 3365 425 3442 diaconi
442 3372 537 3466 Pape
551 3370 775 3456 assistentes,

290 3492 389 3588 Papa
401 3493 467 3568 sub
483 3493 711 3584 baldachino,

285 3621 519 3694 marescallus
534 3621 632 3696 curie
644 3619 700 3693 rel
716 3617 886 3693 soldanus
898 3614 1069 3712 pecunias
1087 3614 1320 3713 projicientes
1339 3622 1488 3719 populo,

285 3747 450 3820 Deoaous
479 3754 557 3822 rote
577 3771 660 3822 cum
685 3743 828 3820 tobalea
853 3741 898 3816 ad
913 3741 1046 3818 collum
1070 3765 1136 3838 pro
1166 3743 1273 3819 mitra
1297 3745 1438 3821 medius
1463 3747 1562 3822 inter

238 3868 328 3942 duos
347 3871 585 3947 cubicularios
598 3878 776 3962 secretos,

287 3997 552 4090 umbraculum,

284 4121 595 4215 vicecamerarius,
614 4122 642 4196 si
656 4123 701 4196 sit
714 4119 981 4220 protonotarius
993 4121 1049 4196 vel
1064 4120 1223 4219 prelatus
1235 4143 1306 4196 non
1321 4128 1487 4220 paratos,

281 4248 339 4322 alii
352 4249 492 4347 prelati,
508 4249 779 4347 qualescunque
795 4247 865 4321 siut
880 4272 953 4322 nou
966 4248 1097 4346 parati,
1397 4244 1402 4256 '

284 4375 533 4471 protonotarii,

285 4500 427 4575 auditor
447 4499 626 4576 audientia
642 4499 960 4592 contradictarum,

287 4635 471 4702 corrector
481 4627 669 4701 literarum
684 4626 977 4723 apostolicarum,

287 4752 345 4825 alii
361 4776 487 4826 omnes
501 4752 626 4850 togati,

283 4877 494 4974 propriore
525 4879 760 4953 diaconorum
791 4877 1041 4968 cardinalium,
1077 4875 1107 4950 si
1134 4875 1362 4972 evangelium
1386 4875 1424 4948 iu
1453 4874 1567 4950 missa

237 5002 395 5076 dicturus
422 5001 467 5074 sit
496 5004 593 5101 quod
628 5003 747 5102 ipsum
782 5003 982 5094 concernit,
1020 5001 1180 5099 alioquin
1211 4999 1375 5098 proelio
1409 5000 1567 5074 diacono

237 5127 419 5203 cardinale
448 5129 673 5226 evangelium
705 5129 825 5226 ipsum
856 5129 1008 5221 dicturo,
1047 5135 1236 5226 portentur
1271 5149 1337 5225 per
1376 5149 1494 5201 unum
1518 5149 1566 5202 ex
