3424 6038
49 461 234 530 [teneritas]
362 458 488 517 RERUM
514 457 741 516 URBANARUM
765 455 1027 515 COMMENTAHII.
1313 455 1366 512 283

88 614 187 688 Faria
222 613 393 705 secunda,
426 617 467 686 31
499 601 716 704 decembris,
755 613 901 686 luerunt
938 636 1088 710 vespere
1120 613 1304 688 solemnes
1330 614 1368 686 in

47 739 172 837 capella
192 740 332 836 majore
355 737 491 836 palatii,
509 737 638 834 quibus
658 740 722 812 SS.
741 741 782 812 D.
799 741 841 812 N.
862 739 1085 812 ornamentis
1107 739 1197 812 albis
1220 744 1368 837 paratus

46 889 117 940 rum
143 865 388 939 cardinalibus
409 862 574 938 interfuit
597 869 632 938 et
650 861 785 957 incepit
809 885 990 960 vesperus,
1017 887 1059 938 ac
1086 863 1155 938 alia
1179 863 1369 938 observata

46 997 117 1064 sunt
132 1013 237 1064 more
258 995 446 1065 consueto.
475 990 610 1076 Quibus
633 987 757 1082 finitis,
780 987 953 1062 officiales
973 987 1053 1060 nori
1076 988 1180 1063 Urbis
1196 988 1367 1086 publicati

46 1123 119 1189 sunt
132 1117 193 1212 qui
209 1116 445 1212 prestiterunt
460 1116 666 1212 juramenta
686 1114 868 1190 fidelitatis
888 1114 1126 1206 moresolito.
1146 1113 1283 1188 Deinde
1300 1116 1365 1188 SS.

46 1243 82 1313 D.
98 1241 138 1312 N.
156 1238 324 1314 rediitad
339 1263 536 1316 cameram.

519 1509 888 1582 MCGGGLXXXVlll.

84 1735 186 1809 Faria
199 1736 321 1826 tertia,
341 1742 354 1808 l
375 1736 511 1810 mensis
524 1735 695 1834 januarii,
710 1741 834 1810 Rmus.
852 1741 896 1810 D.
911 1736 1103 1811 cardinalis
1115 1737 1367 1812 Ulixbonensis

44 1861 104 1933 sire
123 1861 397 1957 Portugalansis
417 1861 610 1937 celebravit
629 1862 777 1936 missam
794 1862 996 1938 solemnem
1015 1863 1052 1936 in
1072 1862 1211 1959 capella
1230 1864 1367 1959 majore

44 1987 152 2083 palatii
176 1987 217 2060 in
245 1987 466 2085 paramentis
491 1987 599 2078 albis,
627 1987 685 2060 cui
707 1987 866 2060 interfuit
887 1989 950 2061 SS.
976 1992 1019 2061 D.
1043 1991 1086 2062 N.
1111 1993 1147 2060 et
1167 1987 1367 2060 cardinales

45 2136 135 2188 more
155 2114 281 2188 solito.
305 2117 520 2190 Sermonem
538 2111 625 2186 lecit
642 2115 684 2186 R.
710 2115 749 2185 P.
769 2115 812 2186 D.
835 2112 932 2186 Titus
953 2111 1145 2210 episcopus
1166 2111 1366 2186 Castrensis

44 2238 317 2335 inpatrimonio.

84 2362 255 2454 Sabbata,
278 2365 487 2462 5januarii,
509 2363 652 2438 luerunt
676 2387 824 2461 vespere
844 2363 992 2462 papales
1014 2363 1051 2437 in
1069 2363 1208 2461 capella
1226 2363 1365 2461 majore

44 2486 166 2580 palatii,
195 2491 295 2586 Papa
315 2489 405 2562 albis
429 2497 555 2587 parato
574 2495 744 2588 presente
769 2495 803 2562 et
830 2488 1085 2562 cardinalibus.
1109 2493 1207 2586 Papa
1231 2488 1367 2586 incepit

44 2637 200 2712 resperas
219 2621 256 2689 et
270 2615 340 2690 alia
360 2639 461 2690 more
483 2615 588 2690 solito
609 2620 691 2688 sunt
708 2614 907 2690 observata.
926 2615 1136 2690 lntimatum
1158 2614 1225 2687 luit
1248 2613 1366 2696 cardi-

47 2740 174 2814 nalibus
187 2741 287 2838 quod
304 2745 346 2816 D.
366 2741 514 2816 Carolus
533 2740 578 2814 de
599 2743 738 2816 Cesena
759 2763 838 2816 cras
864 2745 960 2814 esset
977 2740 1136 2814 lauturus
1157 2761 1366 2812 sermonem

46 2864 338 2940 intermissurum
361 2866 556 2956 solemnia3
579 2886 651 2962 quo
666 2886 739 2936 non
760 2862 938 2952 obstante,
962 2864 1088 2936 Rmus.
1112 2863 1155 2933 D.
1175 2860 1366 2934 cardinalis

48 3011 72 3058 s.
87 2991 212 3087 augeli
229 2997 414 3089 protector
429 2990 565 3066 ordinis
585 3011 771 3064 servorum
786 2988 891 3062 beate
904 2985 1028 3076 Maria,
1047 3007 1214 3058 asserens
1229 3007 1367 3057 sermo-

47 3135 121 3185 nem
135 3115 207 3188 diei
224 3114 381 3189 crastina
397 3114 443 3188 ad
461 3114 669 3212 religiosum
689 3113 825 3188 ordinis
842 3111 994 3209 predicti
1012 3117 1191 3208 spectare,
1214 3109 1365 3182 obtinuit

47 3239 132 3310 aSS.
150 3242 194 3312 D.
214 3241 256 3312 N.
272 3238 368 3333 quod
382 3239 483 3312 illum
498 3239 644 3336 quidam
659 3238 771 3312 irater
785 3237 950 3336 ejusdem
966 3235 1101 3310 ordinis
1117 3236 1266 3308 laceret.

87 3361 283 3452 Dominica‚
315 3365 335 3434 6
366 3362 536 3459 januarii,
566 3361 696 3436 testum
730 3361 943 3458 Epiphania,
969 3366 1010 3436 R.
1043 3366 1083 3436 P.
1110 3365 1154 3436 D.
1179 3362 1364 3436 lohannes

48 3484 224 3583 episeopus
234 3485 448 3562 Albanensis
463 3487 652 3562 cardinalis
664 3486 932 3584 Andagarensis
948 3486 1142 3562 celebravit
1155 3487 1366 3562 solemniter

49 3602 77 3675 in
90 3605 411 3706 basilicaprincipis
426 3611 687 3708 apostolorum,
702 3615 798 3708 Papa
813 3618 850 3684 et
865 3610 1107 3686 cardinalibus
1120 3611 1362 3710 presentibus.

49 3729 246 3806 Sermonem
262 3733 347 3807 lecit
361 3735 458 3808 idem
482 3737 593 3810 frater
612 3737 747 3810 ordinis
774 3760 956 3810 servorum
980 3737 1084 3812 beate
1104 3737 1216 3812 Maria
1239 3744 1365 3812 contra

47 3855 293 3933 ordinationem
307 3861 470 3958 magistri
485 3862 608 3960 palatii
620 3863 679 3959 qui
691 3885 898 3938 sermonem
911 3863 1119 3960 hujusmodi
1137 3865 1365 3962 disposuerat

48 3978 81 4048 D.
98 3984 218 4058 Carolo
234 3985 279 4058 de
294 3987 632 4062 Cesenaliterarum
655 3987 935 4085 apostolicarum
957 3988 1195 4063 abbreviatori
1216 3997 1252 4063 et
1265 3988 1363 4062 solli-

48 4102 184 4181 citatori.
198 4110 278 4184 Alia
294 4112 416 4186 omnia
432 4113 619 4188 observata
632 4118 714 4186 sunt
730 4136 832 4187 more
848 4112 967 4186 solito.

89 4234 169 4306 Cum
183 4233 221 4306 in
237 4236 452 4311 consistorio
468 4245 609 4312 secreto
623 4237 693 4310 diei
710 4242 754 4313 23
770 4238 906 4313 mensis
917 4239 1086 4336 januarii,
1096 4263 1163 4337 per
1178 4241 1241 4314 SS.
1258 4242 1300 4313 D.
1317 4241 1359 4312 N.

49 4374 160 4450 papam
183 4360 295 4442 verba
312 4361 533 4436 haberentur
546 4363 591 4436 de
607 4363 762 4437 adventu
777 4370 814 4436 et
828 4363 1035 4461 receptione
1057 4363 1151 4437 Rmi.
1177 4367 1219 4436 D.
1248 4363 1364 4437 cardi·

49 4480 126 4554 natis
139 4485 180 4558 de
201 4487 315 4576 Fuxo,
329 4486 389 4582 qui
405 4485 554 4562 aleliois
570 4487 830 4562 recordatiouis
846 4488 945 4562 Sixto
968 4491 1044 4578 llll,
1065 4512 1138 4562 uua
1157 4511 1238 4561 cum
1255 4492 1358 4562 Rmo.

51 4604 84 4676 D.
94 4609 267 4685 cardinale
283 4611 530 4704 Ulixbonensi,
548 4612 800 4711 Tyrasouensi,
815 4612 1042 4687 Urbinatensi
1068 4619 1104 4688 et
1119 4613 1190 4687 alio
1205 4613 1361 4710 quodam

50 4741 169 4810 creatus
203 4743 260 4812 est
294 4737 484 4812 cardinalis
514 4743 659 4836 etpost
687 4761 790 4812 suam
818 4738 1039 4813 creationem
1076 4738 1286 4836 hujusmodi
1315 4740 1361 4814 ad

52 4856 166 4934 Urbem
181 4886 365 4959 nunquam
381 4863 578 4956 advenerit,
596 4863 691 4938 dicta
704 4870 786 4937 suut
799 4863 954 4958 quedam
970 4863 1007 4935 in
1029 4885 1150 4954 mane,
1168 4864 1362 4961 presertim

53 4985 132 5073 quod
148 4987 205 5062 die
228 4987 432 5062 consistorii
456 4988 591 5086 publici
620 4988 838 5086 receptionis
866 5012 929 5062 sue
954 4989 1069 5061 iturus
1090 4994 1201 5080 esset,
1229 4997 1265 5064 ot
1289 5013 1363 5080 non

56 5113 155 5203 antea,
170 5136 192 5186 a
207 5114 350 5187 RRmis.
369 5114 536 5188 omnibus
549 5117 625 5188 DD.
639 5113 893 5206 cardinalibus,
910 5113 945 5186 in
962 5113 1120 5188 claustro
1132 5113 1237 5189 beate
1250 5113 1362 5187 Marie
