3424 6038
327 444 380 498 274
606 521 612 526 .
782 439 957 498 JOHNNNlS
982 437 1204 508 concedant,
1415 438 1562 506 {Novembres
1579 442 1643 506 iter]

327 595 540 670 cardinales.
573 596 689 669 Finita
719 596 843 686 missa,
870 599 934 669 88.
963 598 1006 667 Ι).
1031 595 1074 665 N.
1097 589 1233 688 incepit
1266 589 1313 662 Te
1335 590 1447 663 Deum
1474 589 1646 664 laudamus

337 720 433 813 quod
459 727 625 793 cantores
647 719 830 818 prosecuti
854 725 935 792 sunt
961 719 1006 792 ad
1037 718 1160 790 finem.
1189 716 1326 791 Deinde
1351 719 1415 790 SS.
1439 720 1481 788 o.
1505 720 1543 788 N.
1568 717 1647 788 dixit

332 843 526 918 versiculos
542 850 577 918 ot
592 844 629 917 in
643 843 716 918 fine
730 843 943 932 orationem,
960 841 1102 937 qualem
1117 846 1237 914 autem
1254 848 1290 914 et
1305 863 1414 936 quam
1430 839 1561 926 nescio,
1574 839 1647 934 quia

329 968 448 1042 socius
470 992 572 1041 meus
593 967 652 1064 qui
670 968 829 1042 interfuit
848 967 985 1042 referre
1009 965 1172 1040 nescirit.
1192 965 1328 1051 Quibus
1354 964 1472 1056 dictis,
1490 963 1647 1038 rediitad

328 1093 500 1190 palatium
517 1116 623 1166 suum
642 1094 738 1190 apud
754 1117 783 1166 s.
802 1097 963 1166 Petrum.

377 1219 481 1293 Faria
495 1226 621 1316 quarta
637 1225 672 1292 et
693 1219 819 1293 ultima
841 1217 1013 1304 octobris,
1036 1217 1132 1291 circa
1152 1217 1279 1290 boram
1300 1241 1382 1290 xvur
1402 1216 1446 1290 do
1467 1215 1647 1313 Argentina

332 1343 421 1418 redii
435 1344 481 1417 ad
495 1345 640 1418 Urbem.

382 1471 517 1543 Eadem
543 1471 600 1544 die
630 1469 774 1544 fuerunt
801 1467 951 1542 mutatio
980 1492 1175 1566 capparum
1209 1475 1245 1540 et
1272 1491 1422 1564 vespere
1451 1465 1593 1563 papales
1619 1465 1649 1537 in

333 1595 470 1692 capella
491 1594 612 1693 palatii
636 1595 733 1692 apud
755 1619 784 1667 s.
804 1598 962 1686 Petrum,
985 1593 1114 1690 quibus
1137 1594 1200 1666 88.
1222 1595 1263 1665 D.
1283 1597 1325 1666 N.
1343 1591 1506 1666 interfuit
1524 1599 1560 1665 et
1578 1590 1651 1663 ferit

320 1717 490 1792 ‘officium
504 1741 605 1792 more
622 1723 808 1792 consueto.
828 1717 907 1791 Fuit
922 1717 1040 1814 vigilia
1057 1717 1224 1790 Omnium
1241 1719 1470 1791 Sanctorum.

382 1843 671 1939 Feriaquinta,l
698 1843 915 1933 novembris
941 1843 1073 1916 festum
1095 1842 1258 1916 omnium
1285 1848 1508 1934 sanctorum,
1535 1844 1596 1915 88.
1614 1841 1647 1914 D.

331 1973 372 2044 N.
392 1971 488 2043 venit
503 1971 548 2043 ad
563 1969 748 2044 basilicam
769 1968 1015 2066 apostolorum
1040 1967 1100 2041 obi
1125 1967 1228 2042 altari
1248 1969 1387 2065 majore
1410 1968 1519 2040 misse
1536 1973 1571 2041 et
1586 1991 1651 2040 ser-

331 2095 429 2169 moni
453 2095 629 2169 interfuit.
654 2095 802 2168 Missam
827 2093 1019 2168 celebravit
1044 2097 1169 2166 Rmus.
1198 2097 1240 2167 D.
1267 2095 1451 2170 lohannes
1472 2092 1649 2167 cardinalis

331 2219 623 2310 ltfediolanensis,
642 2243 849 2294 sermonem
865 2218 995 2293 fecit...

374 2347 509 2422 Eadem
526 2348 597 2439 dic,
617 2347 715 2421 circa
735 2347 865 2420 horam
887 2371 961 2436 xxi,
984 2348 1047 2420 88.
1072 2347 1113 2418 D.
1135 2349 1177 2418 N.
1200 2345 1479 2443 precedentibus
1500 2367 1603 2420 cruce
1621 2351 1648 2416 ot

329 2472 584 2562 cardinalibus,
602 2471 747 2545 indutus
763 2495 877 2569 cappa
894 2495 1044 2545 rosacea
1063 2471 1140 2544 sine
1158 2470 1279 2560 mitra,
1299 2471 1395 2545 uenit
1410 2472 1457 2546 ad
1472 2471 1646 2570 capellam.

329 2597 497 2695 Episcopi
514 2597 725 2672 assistentes
741 2604 865 2694 preter
883 2597 1180 2671 consuetudinem
1197 2603 1233 2670 et
1249 2597 1362 2670 bonas
1377 2597 1600 2672 ceremonias
1613 2621 1646 2669 aa

330 2727 457 2796 contra
485 2723 706 2796 voluntatem
742 2745 862 2795 meam
896 2722 942 2796 ad
973 2722 1247 2820 persuasionem
1277 2722 1438 2820 episcopi
1465 2721 1646 2795 lileriensis

330 2867 456 2918 eorum
481 2845 637 2938 diaconi,
665 2839 840 2920 renerun't
868 2845 913 2920 ad
942 2846 1117 2942 capellam
1142 2846 1180 2919 in
1206 2847 1387 2921 manteNis
1410 2871 1495 2921 cunr
1521 2846 1645 2930 caudis,

327 2969 436 3066 aliqui
457 2993 501 3045 ex
525 2971 578 3045 eis
597 2971 714 3070 longis
739 2978 775 3046 ct
793 2995 859 3068 per
883 2977 1017 3045 terram
1038 2977 1121 3070 post
1137 2995 1176 3044 se
1193 2971 1421 3046 trahentibus
1443 2973 1488 3045 ad
1504 2977 1643 3068 quatuor

328 3095 382 3169 vel
409 3097 566 3193 quinque
582 3097 737 3194 palmos,
762 3096 912 3194 capucia
930 3096 1071 3170 inversa
1092 3121 1166 3170 non
1189 3097 1225 3168 in
1247 3097 1396 3171 modum
1418 3094 1643 3171 cubiculario·
1701 3067 1702 3082 ἵ

327 3243 406 3294 rum
421 3222 486 3295 sed
501 3221 537 3294 in
553 3223 671 3320 capite
683 3246 767 3297 cum
781 3221 966 3312 cornibus,
979 3229 1018 3296 ut
1030 3215 1192 3319 pontifex
1205 3222 1397 3318 aliquando
1410 3223 1483 3297 boc
1497 3231 1641 3317 ternpore

326 3353 362 3419 et
391 3345 426 3418 in
464 3347 649 3420 matutinis
677 3347 912 3422 tenebrarum
934 3353 1079 3446 portare
1105 3348 1209 3438 solet,
1235 3348 1426 3422 babentes,
1448 3345 1639 3442 Archiepis-

326 3492 439 3567 copus
456 3470 683 3545 Florentinus
698 3471 834 3570 primus
857 3473 1044 3565 assistens,
1067 3482 1105 3548 ut
1119 3472 1314 3570 prefertur,
1331 3473 1489 3564 indutus,
1505 3469 1639 3571 portarit

323 3599 450 3668 omnes
482 3595 781 3696 fimbriascappe
812 3598 993 3696 pontificis
1017 3623 1038 3672 a
1065 3607 1162 3674 retro
1195 3599 1302 3674 simul
1326 3600 1514 3674 collectas.
1553 3597 1636 3672 Dicte
1699 3671 1700 3684 .

324 3725 408 3792 sunt
435 3721 473 3792 in
497 3721 634 3819 capella
656 3745 820 3820 vespere,
851 3724 980 3798 deinde
1006 3724 1124 3822 vigilie
1156 3731 1396 3816 mortuorum,
1415 3749 1517 3799 more
1537 3721 1636 3797 solito.

376 3847 416 3918 ln
431 3845 502 3922 fine
517 3869 765 3943 vesperorum,
783 3847 947 3945 pontifex
962 3849 1049 3923 dixit
1063 3849 1188 3940 Pater,
1200 3849 1396 3924 versiculos
1408 3855 1444 3924 et
1456 3849 1637 3924 orationem
1698 3915 1699 3940 p

326 3966 503 4044 Fidelium
527 3971 621 4046 Deos
643 3973 803 4044 omnium
824 3984 908 4062 etc.,·
934 3999 1004 4070 qua
1028 3974 1137 4066 dicta,
1160 3999 1226 4071 per
1250 3997 1411 4050 errorem
1434 3997 1566 4062 meum,
1590 3965 1636 4042 ubi

326 4097 447 4172 dicere
457 4097 613 4172 debebat
623 4097 797 4196 Requiem
809 4111 965 4172 ataricum
978 4111 1058 4190 etc,
1073 4099 1343 4174 dixitllomioos
1355 4097 1541 4174 uobiscum.
1555 4090 1636 4184 Quot
1697 4191 1698 4212 Χ

325 4222 545 4298 evenitmibi
566 4245 610 4297 ex
629 4247 673 4297 eo
694 4224 791 4321 quod
818 4223 855 4297 in
879 4224 972 4298 libro
1001 4229 1095 4322 Pape
1124 4225 1213 4300 nibil
1238 4225 1282 4298 do
1307 4225 1379 4299 boc
1400 4229 1560 4299 notatum
1580 4221 1631 4294 est.
1697 4215 1698 4230 ¹

325 4349 435 4423 etiam
459 4347 543 4447 quia
566 4355 715 4446 proptor
736 4349 938 4424 fatuitatem
965 4349 1126 4448 episcopi
1152 4349 1349 4424 Aleriensis
1378 4347 1528 4447 predicti
1553 4363 1632 4420 con·
1696 4445 1697 4450 Ἰ

324 4481 444 4547 motus
470 4474 617 4547 omnino
640 4475 703 4547 fui.
732 4478 772 4548 ln
804 4475 877 4549 fine
904 4498 993 4549 vero
1026 4475 1205 4566 matutini,
1233 4474 1376 4573 precavi
1400 4499 1409 4548 :
1436 4473 1552 4548 omnia
1581 4465 1632 4541 alis

326 4600 729 4674 observatasuntmore
746 4606 935 4674 consueto.

376 4723 480 4800 Feria
493 4732 606 4816 sexta,
626 4725 877 4817 tnovembris
895 4725 1193 4800 commemoratio
1210 4723 1373 4800 omnium
1390 4725 1626 4800 defunctorum.
1695 4717 1696 4800 l

327 4845 391 4920 88.
410 4851 451 4920 l).
467 4851 510 4922 N.
530 4847 674 4944 indutus
697 4847 844 4938 amictu,
867 4847 961 4940 alba,
985 4847 1143 4947 cingulo,
1168 4847 1260 4922 stola
1278 4847 1452 4940 violacea,
1479 4867 1580 4945 cappa
1594 4837 1626 4908 dc

325 4971 493 5061 scoriate,
510 4979 548 5047 ut
562 4973 643 5048 beri
659 4997 754 5066 sero,
772 4971 867 5047 venit
882 4973 928 5047 ad
943 4973 1120 5071 capellam
1136 4997 1307 5069 magnam
1329 4971 1389 5046 ubi
1412 4970 1562 5048 interfuit
1579 4955 1624 5036 toti
1694 4979 1695 5004 ³

325 5094 446 5170 misse.
462 5099 541 5172 Non
556 5099 622 5173 fuit
636 5097 733 5172 facta
748 5099 984 5174 reverentiae
1003 5097 1255 5175 cardinalibus.
1283 5100 1488 5175 Cardinales
1510 5091 1625 5170 assiste-
