3436 6038
294 479 348 534 223
747 471 922 528 ronanus
947 472 1168 542 nuncianum,
1384 472 1612 536 [Decembrem
1705 407 1706 452 ι

294 651 378 702 cere
393 651 466 700 non
483 627 608 724 potuit.
635 631 673 698 ln
695 627 765 698 line
788 626 910 716 misse,
934 626 1082 722 quilibet
1104 623 1354 714 cardinalium,
1375 647 1435 698 me
1457 629 1608 720 petente,

296 753 395 827 dedit
418 752 676 849 indulgentiam
698 758 844 824 centurn
869 752 1008 825 dierum
1039 774 1145 846 quam
1171 757 1293 824 tamen
1320 749 1521 838 celebrans,
1555 771 1613 821 suo

298 869 414 974 capite
433 901 529 967 usus,
548 877 662 951 noluit
675 877 875 974 publicare.

349 1003 453 1076 Feria
480 1010 592 1094 sexto,
627 1008 647 1074 8
679 1002 896 1092 decembris,
924 1002 1056 1075 testum
1090 1001 1337 1098 conceptionis
1369 1001 1475 1075 beate
1510 1001 1611 1074 lllarie

297 1129 456 1226 virginis,
492 1131 555 1202 SS.
589 1131 631 1200 l).
662 1130 704 1200 N.
733 1150 840 1224 supra
868 1127 1057 1201 rochetum
1091 1126 1219 1199 stolam
1250 1127 1369 1198 albam
1401 1126 1553 1214 habens,
1583 1135 1614 1198 et

296 1257 453 1352 desuper
464 1258 627 1326 mantum
650 1252 726 1325 sine
743 1275 864 1340 cruce,
888 1252 1059 1349 episcopo
1081 1251 1234 1324 Civitatis
1249 1251 1393 1324 Castelli
1414 1250 1612 1338 assistente,

296 1377 455 1451 fimbrias
471 1375 576 1449 simul
591 1374 762 1450 collectas
778 1381 955 1472 portante,
969 1374 1064 1448 venit
1079 1375 1125 1447 ad
1139 1375 1314 1470 capellam
1330 1376 1509 1472 majorem
1525 1375 1616 1471 pala·

295 1503 332 1576 tii
349 1503 403 1576 sui
419 1503 513 1600 apud
529 1527 558 1574 s.
574 1505 720 1574 Petrum
736 1502 771 1573 in
785 1524 856 1598 qua
870 1506 912 1574 R.
931 1501 967 1573 in
980 1501 1121 1574 Christo
1138 1504 1177 1574 P.
1201 1505 1244 1573 D.
1262 1501 1419 1574 Thomas
1432 1500 1614 1597 episcopus

294 1627 427 1700 Exinus
443 1627 636 1701 celebrauit
651 1627 797 1700 missam
812 1627 1026 1700 solemnem.
1045 1630 1142 1723 Papa
1154 1625 1190 1698 in
1207 1625 1404 1700 faldistorio
1420 1625 1614 1700 orationem

294 1753 391 1844 lecit,
424 1752 690 1826 contessionem
722 1751 806 1825 lecit
839 1775 921 1824 cum
957 1752 1176 1841 celebrante,
1217 1750 1345 1824 deinde
1383 1751 1547 1824 escendit
1577 1750 1616 1822 ad

295 1877 424 1950 solium
441 1883 477 1951 et
497 1877 589 1950 sedit
610 1876 647 1948 in
673 1877 757 1951 sede
788 1879 895 1950 bassa
914 1876 1046 1950 ibidem
1071 1877 1138 1948 sibi
1163 1881 1300 1972 parata,
1322 1883 1404 1950 ante
1424 1901 1462 1950 se
1488 1877 1615 1950 hebens

295 2002 535 2077 faldistorium
550 2026 633 2077 cum
650 2004 785 2076 missali
800 2004 956 2101 desuper
970 2004 1102 2099 posito.
1119 2005 1208 2076 Cum
1227 2001 1388 2075 dicturus
1409 2007 1487 2075 erat
1505 2000 1616 2074 introi-

295 2134 384 2220 tum,
403 2129 571 2226 graduale
585 2136 620 2202 et
642 2130 862 2226 hujusmodi,
877 2129 1035 2226 episcopi
1052 2128 1209 2202 Civitatis
1227 2127 1370 2200 Castelli
1383 2126 1616 2200 el'dleriensis

294 2252 503 2327 assistentes
524 2254 583 2350 qui
604 2278 647 2329 eo
664 2255 699 2326 in
715 2255 795 2328 loco
818 2260 991 2329 consueto
1012 2253 1238 2342 assisterunt,
1261 2251 1417 2342 stabant,
1434 2252 1612 2348 genuflec-

295 2374 415 2448 tebant
430 2375 515 2449 hinc
533 2385 569 2450 et
588 2377 671 2450 inde
690 2379 794 2476 juxta
811 2377 1051 2454 faldistorium
1077 2401 1161 2451 cum
1183 2376 1333 2450 candela
1358 2383 1394 2450 ot
1417 2399 1502 2450 oum
1532 2381 1612 2450 Pon-

293 2501 388 2575 tilrce
409 2502 576 2576 dicebant
595 2505 759 2581 dicenda.
784 2510 861 2579 Non
880 2505 948 2578 leci
979 2503 1156 2578 incensori
1186 2502 1298 2575 altore
1328 2507 1411 2574 ante
1438 2501 1612 2573 introitum

293 2648 409 2720 neque
423 2633 566 2721 portare
583 2625 628 2699 ad
647 2629 873 2724 evangelium
890 2629 1078 2703 incensum
1097 2635 1132 2700 et
1153 2627 1358 2716 luminaria,
1377 2650 1497 2722 ireque
1519 2649 1611 2699 oscu-

291 2748 514 2845 loripedem
543 2754 638 2847 Papa
668 2776 734 2848 per
762 2755 1021 2828 subdiaconum
1051 2759 1133 2850 post
1165 2753 1299 2826 dictam
1334 2751 1538 2848 epistolam,
1563 2750 1608 2822 rel

293 2873 486 2947 diaconum
506 2881 588 2950 ante
611 2877 852 2976 evangelium3
883 2880 1015 2952 librum
1039 2884 1121 2975 post
1144 2877 1377 2975 Evangelinm
1399 2883 1436 2949 et
1460 2875 1613 2948 navicula

293 3023 358 3096 pro
382 2999 602 3096 imponendo
628 3002 776 3077 incenso
805 3009 841 3078 et
872 3027 998 3102 pacem
1028 3025 1112 3077 cum
1139 3001 1379 3074 instrumento
1408 2998 1610 3072 ministrarit

293 3126 387 3220 Pape
418 3125 609 3223 episcopus
640 3127 797 3202 Civitatis
831 3130 987 3203 Castelli.
1019 3128 1123 3202 Dicta
1142 3126 1208 3199 luit
1239 3126 1456 3199 solum-una
1483 3125 1605 3198 oratio.

292 3247 472 3322 Diaconus
497 3257 579 3323 aute
609 3254 832 3349 evangelium
866 3257 1006 3354 accepit
1036 3251 1326 3332 benedictionem
1355 3274 1376 3324 a
1400 3253 1498 3347 Papa
1519 3271 1608 3323 more

288 3371 392 3445 solito
423 3380 459 3448 et
492 3397 566 3448 non
593 3375 854 3474 indulgentias;
885 3383 930 3454 acl
957 3382 1194 3457 elevationem
1227 3381 1424 3479 genullexit
1458 3381 1495 3451 in
1526 3379 1609 3451 dicto

286 3497 483 3572 faldistorio
497 3505 579 3574 ante
603 3504 777 3598 seposito
798 3532 804 3576 :
824 3505 942 3578 nullus
966 3507 1201 3580 cardinalium
1222 3505 1399 3594 interluit,
1425 3503 1489 3578 sed
1504 3502 1608 3576 solun

285 3624 411 3718 prelati
422 3624 548 3721 palatii
563 3633 597 3698 et
609 3628 667 3700 alii
688 3629 892 3704 domestici.

335 3749 524 3824 Dominica
553 3755 711 3828 secunda
733 3757 918 3848 adventuS,
950 3764 1000 3838 10,
1014 3760 1149 3832 mensis
1172 3759 1391 3848 decembris,
1418 3757 1455 3828 iu
1480 3752 1606 3852 capella

284 3873 412 3969 majori
422 3873 583 3970 predicta
594 3878 635 3946 u.
656 3875 891 3950 ianristoP.
909 3884 952 3952 D.
967 3883 1179 3956 Laurentius
1189 3881 1606 3979 archiepiscopuslleor·

284 4003 457 4071 ventanus
470 3999 663 4073 celebrarit
675 4000 822 4074 missam
834 4003 1126 4078 solemnemcum
1136 4007 1355 4104 paramentis
1369 4001 1603 4088 cardinalitiis,

205 4109 211 4116 ⁵
287 4125 324 4192 ut
343 4119 378 4192 in
403 4121 520 4218 prima
544 4121 677 4196 factum
707 4133 774 4216 est,
808 4130 903 4224 Papa
921 4134 956 4202 et
978 4130 1220 4204 cardinalibus
1246 4129 1487 4228 presentibus.
1514 4125 1602 4199 Dicte

277 4251 367 4346 ¹sunt
394 4254 547 4342 quatuor
567 4251 749 4324 orationes
768 4277 775 4322 :
794 4251 923 4348 prima,
951 4253 995 4327 de
1016 4255 1214 4348 dominica3
1242 4254 1532 4344 secundamus
1554 4226 1606 4345 qui

283 4369 420 4462 eulalia,
439 4384 527 4460 etc.;
542 4374 656 4464 tertia,
681 4381 808 4450 contra
830 4401 1006 4474 paganos;
1031 4387 1170 4476 quarta,
1188 4403 1254 4479 pro
1273 4385 1381 4478 Papa.
1404 4381 1603 4453 Sermonem

283 4494 366 4568 lecit
382 4504 598 4592 procurator
620 4499 756 4572 ordinis
777 4501 958 4576 minorum
979 4529 1044 4602 pro
1059 4528 1130 4600 quo
1145 4506 1210 4580 luit
1223 4507 1317 4580 inter
1333 4529 1417 4578 eum
1433 4509 1470 4577 et
1492 4496 1603 4592 magis·

284 4625 376 4692 trum
399 4623 520 4719 palatii
545 4649 676 4722 magna
701 4630 897 4702 contentio.
922 4634 1010 4703 Nam
1032 4631 1204 4728 magister
1224 4631 1346 4728 palatii
1367 4630 1505 4703 dixerat
1524 4619 1597 4696 mihi

282 4747 378 4839 quod
394 4769 477 4821 eum
489 4751 535 4824 ad
547 4751 865 4826 sermocinandum
881 4781 954 4829 non
971 4757 1199 4831 admitterem
1215 4781 1281 4854 pro
1297 4780 1340 4831 eo
1360 4755 1458 4851 quod
1472 4753 1525 4825 ille
1541 4742 1595 4819 sibi

282 4893 487 4947 sermonem
503 4899 574 4948 non
601 4877 825 4968 ostenderat;
853 4879 911 4954 ille
937 4907 974 4956 se
992 4882 1187 4956 excusabat
1205 4883 1330 4955 dicens
1347 4887 1435 4954 ante
1458 4873 1595 4950 triduum

281 4995 437 5089 primum
462 5001 507 5073 ed
532 5001 666 5076 Urbem
699 5002 850 5077 rediisse
874 5006 918 5079 do
944 5031 1038 5100 sero,
1065 5013 1100 5081 ot
1125 5008 1196 5082 hoc
1222 5031 1327 5081 mane
1355 5006 1392 5078 in
1418 5005 1521 5079 domo
1546 5014 1598 5066 sul

281 5119 461 5213 quesitum
478 5124 594 5222 ipsum
611 5150 680 5200 non
699 5129 888 5225 reperisse.
908 5131 1104 5206 Cardinalis
1120 5157 1149 5205 s.
1169 5133 1265 5206 Petri
1282 5131 1328 5206 ad
1340 5128 1502 5216 Vincula,
1522 5139 1592 5218 pro·
