3436 6038
264 475 315 534 tae
603 532 608 542 ,
717 467 894 528 JOHANNIS
920 465 1142 540 abacelam,
1432 464 1511 534 [um
1525 472 1591 540 racc]

259 627 397 702 eisdem
417 627 507 701 albis
531 624 751 724 paramentis
772 621 1092 724 processionaliter
1112 621 1290 721 usquead
1309 621 1433 698 locum
1454 648 1595 724 proces·

261 778 341 830 sum
355 753 407 828 ire
423 752 478 828 vel
492 752 625 850 portari
641 757 679 826 ut
697 775 762 826 sua
784 757 821 826 et
840 750 1003 826 omnium
1023 749 1258 826 cardinalium
1282 758 1495 848 paramenta
1515 775 1595 828 cou-

260 879 436 970 venirent,
454 879 584 956 deinde
599 886 793 976 antequam
812 876 909 952 dioto
931 877 1013 951 loeo
1036 877 1238 952 reverentie
1258 874 1334 966 fiat,
1353 878 1485 952 mutari
1501 882 1595 978 Papa

260 1011 472 1104 paramenta
494 1005 657 1104 predicta
685 1009 721 1080 et
751 1002 889 1102 imponi
916 1003 1028 1078 rubea
1053 1027 1123 1100 que
1143 1003 1351 1102 significant
1366 1005 1543 1104 justitiam
1557 1014 1593 1084 et

263 1131 506 1218 severitatem
525 1131 622 1230 quod
638 1138 674 1206 et
688 1128 778 1206 mihi
793 1127 910 1225 magis
924 1127 1117 1204 convenire
1132 1128 1331 1204 videbatur.

310 1260 395 1331 Post
409 1255 615 1352 prandium,
633 1254 767 1330 nudata
780 1252 845 1328 tuit
859 1257 935 1326 tota
949 1251 1089 1350 capella
1111 1256 1206 1354 Pape
1222 1278 1287 1352 per
1308 1254 1481 1330 ferrarios
1503 1254 1592 1330 oden

262 1383 360 1482 quod
373 1407 491 1481 neque
507 1383 544 1456 iu
558 1381 756 1480 parietibus
769 1403 886 1478 neque
902 1379 939 1454 iu
955 1384 1052 1454 terra
1066 1380 1194 1477 aliquis
1210 1405 1351 1480 pannus
1367 1381 1542 1456 remansit
1557 1389 1595 1456 et

259 1510 364 1584 sedes
383 1514 478 1607 Pape
500 1531 699 1608 superque
719 1506 851 1582 mansit
871 1511 1011 1580 tantum
1033 1531 1125 1580 unus
1152 1506 1319 1582 cussinos
1343 1507 1526 1582 violaceus
1551 1529 1594 1580 ex

258 1635 401 1710 velluto.
422 1634 543 1710 Altare
562 1634 671 1710 etiam
693 1656 759 1731 per
780 1630 969 1707 sacristam
984 1630 1052 1705 tuit
1074 1630 1234 1707 totaliter
1247 1633 1422 1708 nudatum
1447 1639 1529 1708 ante
1555 1640 1592 1706 et

258 1783 379 1857 supra,
405 1766 440 1834 et
468 1765 698 1835 sextantum
726 1757 941 1837 candelabra
969 1781 1054 1833 oum
1078 1781 1186 1833 cruce
1217 1758 1381 1858 simplice
1411 1759 1529 1834 velata
1558 1758 1593 1832 iu

258 1886 379 1960 medio
411 1907 521 1984 super
549 1885 687 1960 nudum
717 1884 915 1960 scabellum
944 1907 1053 1982 super
1081 1883 1182 1960 altari
1208 1884 1286 1961 sine
1310 1885 1430 1984 aliqua
1452 1885 1594 1960 tobalea

258 2010 417 2110 reposita
432 2011 591 2086 luerunt.

307 2139 385 2212 Hoc
401 2161 496 2228 sero,
513 2137 610 2214 circa
624 2138 753 2211 boram
772 2134 983 2232 vigesimam
1006 2134 1215 2227 secundam,
1235 2139 1377 2212 cantate
1397 2133 1545 2212 fuerunt
1555 2133 1593 2212 in

258 2263 354 2337 dieta
378 2265 518 2362 majore
545 2262 684 2362 capella
709 2260 883 2338 matutine
914 2260 1145 2336 tenebrarum
1175 2285 1260 2336 cum
1290 2261 1524 2352 ceremoniis,
1556 2271 1593 2338 ut

257 2387 355 2479 heri;
370 2393 468 2485 Papa
482 2387 643 2462 interfuit
658 2387 917 2485 cumpluribus
930 2387 1188 2464 cardinalibus

306 2513 431 2588 Finitis
454 2513 651 2604 matutinis,
676 2513 760 2610 quia
782 2512 1019 2611 permiseram
1045 2517 1140 2612 Papa
1162 2515 1222 2612 qui
1246 2515 1343 2592 venit
1364 2516 1411 2590 ad
1433 2515 1594 2592 faldisto-
1658 2607 1661 2618 Ι

256 2637 363 2729 rium,
390 2637 486 2712 eirea
511 2639 623 2712 finem
646 2639 842 2736 antiphone
864 2647 947 2738 post
969 2639 1183 2715 Benedictus
1212 2649 1248 2716 et
1275 2667 1341 2740 per
1364 2648 1477 2718 totam
1502 2643 1593 2716 anti·

253 2764 415 2863 phonam
444 2763 606 2839 Christus
629 2766 763 2866 sectus,
783 2776 865 2856 eta,
892 2765 957 2838 sed
983 2763 1099 2838 solum
1123 2788 1167 2840 ea
1188 2764 1301 2855 finita,
1333 2764 1370 2838 in
1391 2765 1590 2843 faldistorio

253 2886 516 2984 genuflectere,
533 2891 658 2962 Rmus.
678 2890 721 2961 l).
741 2887 978 2972 cardinalias.
1001 2887 1113 2962 Marci
1134 2889 1369 2987 reprehendit
1386 2915 1446 2965 me
1461 2891 1586 2968 dicans

253 3013 348 3110 quod
362 3039 435 3092 uon
452 3017 608 3092 debebat
627 3015 707 3090 tieri
726 3013 933 3112 genuflexio
953 3013 1048 3090 iutra
1064 3014 1300 3112 autiphonam
1319 3015 1481 3092 Christro
1505 3021 1587 3120 sac-

254 3142 492 3236 nn,en.,sed
503 3142 620 3217 solum
631 3142 799 3219 eatinita.
813 3145 882 3216 Pro
895 3139 1584 3220 PaternoateretMiaerereacoratione

251 3264 1582 3365 Respice,ctc.‚Papavenitsinecruce,cardinalibusipsumsequeutibm,

251 3388 349 3464 dicto
370 3392 644 3490 archiepiscopo
660 3390 948 3488 Carthaginiensi
964 3391 1128 3488 digniore
1148 3392 1320 3492 episcopo
1341 3395 1583 3470 assistentium

250 3514 409 3592 fimbrias
431 3523 597 3617 portante
622 3518 751 3593 eodem
774 3516 900 3610 modo;
927 3515 1037 3592 finitis
1058 3516 1256 3610 matathia,
1271 3519 1378 3594 rediit
1400 3521 1446 3594 ad
1467 3543 1584 3598 came-

249 3664 340 3719 rem.

298 3769 509 3844 Ordinatum
532 3769 599 3844 tuit
620 3769 715 3845 inter
739 3773 899 3844 RRmoa.
925 3772 1001 3844 bb.
1025 3769 1227 3846 cardinales
1246 3770 1581 3852 vicecancellarium

248 3903 284 3970 et
300 3921 329 3970 s.
349 3897 445 3972 Petri
462 3897 509 3972 ad
520 3898 686 3990 Vincula,
711 3898 769 3974 die
791 3897 973 3974 dominica
991 3898 1193 3996 palmarum
1210 3899 1374 3997 proxime
1389 3903 1575 3999 preterita,

246 4023 343 4119 quod
366 4023 475 4098 hodie
500 4027 624 4100 Rmus.
647 4029 689 4100 b.
712 4024 1029 4100 vicecancellarius
1049 4030 1086 4100 et
1104 4047 1185 4099 cras
1203 4029 1328 4100 Rmus.
1356 4029 1398 4100 b.
1422 4053 1453 4102 s.
1484 4029 1577 4106 Petri

246 4147 291 4222 ad
304 4149 458 4227 Vincula
471 4149 591 4224 alticio
606 4150 716 4226 misse
726 4173 902 4248 peragere
918 4149 1112 4238 deberent;
1132 4157 1169 4225 et
1182 4150 1232 4224 ita
1246 4149 1403 4228 tuitbari
1417 4159 1455 4228 et
1469 4153 1575 4232 hodia

247 4272 283 4346 in
298 4273 459 4372 prandiis
470 4276 613 4350 Remis.
631 4280 706 4351 ab.
725 4275 965 4352 cardinalibus
982 4275 1199 4352 intimatum.

295 4401 372 4474 Hoc
387 4421 496 4475 mane
512 4406 635 4476 autem
650 4400 747 4476 circa
759 4400 815 4477 vel
831 4406 914 4476 ante
930 4401 1096 4476 diurnam
1105 4403 1241 4494 lucem,
1259 4407 1385 4480 Rmus.
1402 4410 1446 4482 D.
1466 4409 1579 4484 cardi-

245 4523 335 4597 nalis
355 4549 385 4598 s.
412 4525 507 4600 Petri
527 4527 572 4602 ad
591 4526 744 4603 Vincula
768 4517 938 4624 equitavit
962 4527 1008 4602 ad
1032 4529 1182 4624 Ostiam,
1210 4530 1370 4624 nemine,
1396 4533 1452 4607 vel
1481 4538 1575 4633 Papa

241 4654 391 4741 tantum,
424 4658 485 4725 aut
524 4651 618 4728 sorte
652 4653 762 4728 etiam
800 4657 905 4728 Rmo.
943 4657 986 4728 [t.
1029 4656 1213 4734 cardinale
1253 4660 1506 4759 Andegavensi
1540 4663 1574 4737 id

238 4773 391 4860 sciente,
413 4775 526 4849 iturus
547 4776 678 4853 deinde
704 4801 769 4854 seu
788 4779 1020 4877 navigaturus
1040 4786 1194 4858 lanunm
1221 4793 1258 4859 et
1277 4786 1493 4862 Avinionem
1509 4812 1571 4887 pro

239 4899 346 4972 rebus
359 4898 496 4974 bellicis
516 4923 586 4997 que
610 4901 704 4976 inter
729 4927 916 4978 romanam
941 4906 1143 4981 Ecclesiam
1169 4915 1205 4984 et
1230 4935 1356 5010 regem
1377 4915 1572 4990 Ferdinan·

238 5023 323 5096 dum
354 5023 473 5098 Sicilie
500 5049 542 5100 ae
568 5028 747 5102 Gentilem
781 5029 992 5128 Virgineum
1023 5034 1193 5110 Ursiuum
1222 5037 1293 5135 lige
1329 5041 1570 5138 capitaneum,

239 5157 360 5249 partes
376 5153 470 5250 regis
486 5153 700 5244 Ferdinandi
717 5155 985 5251 defendentem,
1004 5167 1179 5256 aguntum
1197 5169 1234 5237 et
1245 5166 1567 5263 proptereabodie,
