3424 6038
91 461 283 529 resonatos]
409 457 536 516 neuun
559 455 788 516 neemanuu
811 455 1134 516 consternauit·
1268 423 1308 523 J
1352 465 1406 522 ers

89 614 225 690 Carolus
241 611 477 688 miseratione
497 612 615 686 divina
630 611 721 686 tituli
742 635 772 686 s.
795 611 937 686 Martini
959 611 995 686 in
1012 613 1196 688 Montibus
1215 616 1405 716 presbyter

88 737 266 814 cardinalis
282 737 533 835 Lugdunensis
548 736 740 836 vulgariter
754 742 994 836 nuncupatus,
1013 739 1116 836 cujus
1131 739 1252 814 anima
1266 742 1407 838 requie·

88 871 156 940 scet
170 864 204 936 in
219 887 308 961 pace
324 861 383 962 (l).

127 989 187 1062 Die
202 988 384 1080 mercurii,
398 993 419 1061 8
433 986 569 1063 mensis
585 985 759 1077 octobris,
774 991 899 1060 Rmus.
914 985 950 1059 iu
961 986 1103 1061 Christo
1120 991 1159 1060 P.
1179 994 1214 1062 et
1227 991 1271 1062 D.
1289 989 1404 1064 domi-

85 1139 144 1188 nus
164 1114 337 1188 Ascanius
368 1113 482 1188 sancti
514 1111 586 1190 Viti
610 1111 647 1184 in
678 1111 830 1186 Macello
855 1110 1026 1184 diaconus
1054 1111 1244 1186 cardinalis
1268 1113 1401 1188 Siortia

84 1240 273 1316 vicecomes
290 1239 453 1316 rediitad
469 1241 603 1314 Urbem
618 1260 662 1310 ex
677 1236 838 1334 partibus
855 1235 1070 1310 Lombardie
1085 1244 1121 1310 et
1140 1237 1319 1334 legatione
1337 1264 1401 1314 suo

86 1365 293 1440 Bononiensi
311 1387 396 1438 oum
411 1387 544 1462 magua
559 1361 744 1452 comitiva3
764 1367 931 1458 receptus
951 1361 1014 1434 luit
1029 1385 1050 1434 a
1065 1362 1209 1435 RRmis.
1228 1366 1303 1436 UD.
1322 1388 1401 1439 car-

84 1489 249 1564 dinalibus
265 1496 351 1563 tunc
367 1489 403 1562 in
429 1489 524 1564 Urbe
549 1487 784 1564 existentibus
807 1492 1060 1584 extraportam
1082 1487 1118 1560 in
1132 1487 1280 1562 diversis
1295 1488 1398 1582 locis,

84 1614 335 1711 particulariter
358 1621 494 1705 tamen,
519 1637 591 1688 oon
608 1612 857 1710 collegialiter.
880 1611 1087 1686 Honoritice
1111 1620 1167 1686 est
1187 1613 1232 1686 ad
1252 1614 1399 1690 domum

82 1763 176 1813 suam
196 1739 419 1814 associatus:
437 1740 529 1836 ipse,
551 1739 609 1814 die
628 1744 671 1812 10
687 1739 822 1812 mensis
837 1737 1043 1812 novembris
1062 1741 1399 1820 ucuouuxxxvtt

81 1865 168 1940 circa
181 1865 307 1940 horam
322 1889 359 1938 ru
378 1864 584 1956 antediem,
601 1863 750 1938 recessit
769 1887 813 1936 ex
828 1863 936 1954 Urbe,
954 1863 1197 1938 Mediolanum
1210 1865 1338 1940 iturus.
1378 1887 1385 1896 ·

121 1991 218 2066 Feria
230 1997 370 2088 quarta,
388 1996 430 2065 15
444 1989 580 2066 mensis
593 1989 764 2080 octobris,
779 1993 903 2062 llmus.
922 1988 1164 2064 inChristoP.
1181 1992 1394 2066 61116οωί-
1412 2022 1415 2028 ¹

79 2145 139 2194 nus
162 2129 366 2196 sanctorum
399 2121 528 2192 Cosme
553 2121 590 2191 et
611 2113 774 2188 Damiani
802 2113 976 2187 diaconus
1004 2114 1195 2188 cardinalis
1222 2117 1268 2190 de
1297 2120 1396 2192 Fuxo

78 2245 258 2343 vulgariter
277 2249 516 2342 nuncupatus,
545 2265 590 2318 ex
611 2263 724 2337 regno
743 2239 978 2336 Neapolitano
1003 2237 1050 2312 ad
1077 2240 1210 2312 Urbem
1230 2263 1395 2316 reversus

80 2378 139 2460 est,
164 2395 185 2446 a
206 2367 515 2446 reverendissimis
535 2370 611 2440 DD.
635 2363 875 2439 cardinalibus
895 2363 954 2460 qui
974 2363 1010 2436 in
1029 2363 1124 2438 Urbe
1149 2373 1253 2438 erent
1272 2365 1397 2464 aliqui-

80 2494 149 2584 bus,
165 2495 255 2570 ultra
276 2495 365 2570 alios
382 2517 465 2568 vero
489 2497 589 2566 extra
607 2497 762 2588 portam,
785 2489 1049 2587 particulariter
1068 2495 1189 2564 tamen
1202 2515 1276 2564 non
1288 2491 1396 2566 colle·

82 2619 221 2714 gialiter,
241 2625 407 2716 receptus
422 2625 459 2694 et
473 2639 585 2714 usque
601 2617 646 2689 ad
659 2615 806 2688 domum
820 2637 922 2688 suam
941 2614 1142 2689 honorilice
1158 2615 1368 2694 associatus.

123 2743 220 2816 Ferie
234 2742 372 2838 quinta,
389 2747 433 2818 23
450 2742 586 2818 mensis
604 2740 776 2829 octobris,
800 2739 896 2813 circa
910 2741 1039 2814 horam
1055 2765 1119 2816 xxr
1135 2764 1180 2816 ex
1198 2743 1396 2838 Argentina

82 2867 158 2940 redii
171 2867 216 2941 ad
232 2869 386 2960 Urhem;
404 2867 490 2944 teliu
509 2867 552 2942 sit
569 2867 703 2940 reditus
718 2889 821 2940 meus
839 2873 875 2938 et
886 2866 991 2942 hora.
1164 2846 1169 2858 ⁸

122 2992 319 3082 Dominica,
340 2997 384 3067 26
401 2993 536 3066 mensis
558 2991 731 3082 octobris,
753 2995 879 3064 Rmus.
901 2995 944 3064 D.
963 2993 1000 3065 in
1015 2992 1159 3068 Christo
1175 2997 1283 3068 Pater
1298 2999 1333 3068 et
1347 2997 1391 3067 l).

81 3116 236 3191 dominus
251 3118 412 3215 Raphael
428 3142 458 3194 s.
475 3117 620 3215 Georgii
635 3117 681 3190 ed
699 3115 817 3190 velum
832 3139 982 3191 aureum
998 3117 1173 3192 diaconus
1186 3119 1390 3207 cardinalia,

82 3243 116 3314 u.
138 3265 223 3340 pape
244 3242 477 3334 camerarius,
507 3267 551 3318 ex
575 3242 688 3316 lmola
710 3249 744 3316 et
765 3241 943 3316 Forolivio
966 3243 1071 3318 rediit
1094 3244 1140 3318 ad
1162 3244 1309 3335 Urbem,
1334 3246 1391 3318 cui

79 3365 184 3440 nullus
196 3367 386 3442 cardinalis
401 3367 541 3442 obviem
552 3368 661 3442 venit.

122 3492 217 3566 Feria
230 3497 372 3590 quarta,
391 3492 586 3567 senensis
611 3493 783 3584 octobris,
806 3492 938 3591 peratis
960 3517 1005 3566 ex
1020 3515 1121 3566 more
1137 3491 1173 3566 in
1190 3491 1346 3568 ecclesia
1359 3517 1389 3568 s.

78 3617 252 3711 Augustini
281 3617 326 3691 de
349 3617 443 3692 Urbe
468 3616 665 3708 consuetis,
692 3626 811 3692 castro
835 3617 984 3709 doloris,
1005 3617 1239 3715 longitudinis
1259 3618 1392 3716 pedum

79 3765 227 3818 meorum
241 3745 365 3842 viginti
381 3743 538 3842 quinque
554 3749 591 3816 et
602 3742 825 3840 largitudinis
838 3743 1087 3820 novemdecim
1100 3745 1194 3818 bone
1205 3767 1389 3838 mensure,

79 3875 109 3940 et
122 3869 307 3946 altitudinis
321 3869 632 3960 decemvelcirca‚
647 3875 783 3944 tectum
794 3870 932 3944 habens
943 3870 1206 3968 nimisplanum
1219 3870 1257 3943 in
1272 3877 1388 3945 totum

80 4001 109 4065 et
120 3995 212 4090 juxta
230 3995 504 4093 dispositionem
526 3994 692 4086 ecclesie,
715 3995 849 4070 misero
874 4003 910 4070 et
934 3996 1208 4094 disperescenti,
1231 3996 1340 4070 armis
1354 3996 1392 4068 in

81 4117 147 4190 telis
159 4119 194 4194 iu
209 4127 364 4216 quatuor
378 4119 574 4218 parietibus
589 4121 697 4194 totius
718 4120 817 4196 navis
833 4120 952 4196 medie
968 4128 1004 4196 et
1024 4145 1131 4219 supra
1146 4121 1258 4194 altare
1273 4122 1389 4218 majus

79 4265 133 4338 per
145 4246 337 4338 cornicem,
353 4245 542 4320 intorticiis
560 4269 625 4343 per
645 4245 833 4320 circuitum
855 4271 960 4344 supra
975 4247 1085 4321 armis
1098 4253 1245 4320 centum
1260 4245 1387 4336 tribus,

78 4369 217 4444 candelis
232 4393 343 4466 supra
361 4375 518 4444 castrum
539 4368 684 4444 circiter
704 4394 768 4444 sex
787 4371 905 4446 medie
925 4371 1015 4446 libre
1033 4371 1090 4446 vel
1109 4371 1206 4446 circa
1221 4377 1256 4447 et
1275 4370 1390 4446 intor-

106 4607 126 4662 t.
144 4606 251 4666 Charles
262 4609 297 4665 de
307 4607 437 4666 Bourbon
451 4606 493 4664 iot
507 4607 718 4682 archevtquede
729 4608 806 4682 Lyon
817 4615 845 4666 et
859 4586 1085 4666 administratam
1099 4609 1133 4666 de
1145 4598 1256 4683 l'liglise
1271 4609 1305 4666 de
1320 4609 1388 4666 Bor·

76 4691 149 4751 denua
161 4715 168 4752 :
179 4701 285 4754 nomme
300 4695 421 4754 cardinal
436 4713 469 4752 en
481 4697 560 4766 1176,
576 4696 639 4770 puis
654 4697 728 4771 legat
741 4697 897 4769 d'drignon
912 4703 939 4753 et
951 4698 987 4754 du
1003 4697 1110 4756 Comtat
1120 4697 1275 4769 Venaissin,
1286 4698 1302 4754 il
1315 4717 1389 4756 mou-

75 4789 111 4838 rut
123 4785 222 4860 lrLyou
236 4788 261 4844 le
277 4789 308 4844 13
325 4791 399 4860 sept.
418 4785 500 4854 1188,
518 4793 545 4844 et
563 4808 576 4838 α
593 4787 633 4843 lut
648 4789 754 4844 euterre
768 4804 803 4843 en
815 4786 920 4860 l'tglise
932 4787 1098 4857 cathedrale,
1112 4787 1236 4861 laquelle,
1247 4795 1332 4862 ayant
1345 4791 1388 4845 ete

76 4879 225 4932 commonete
238 4877 273 4934 de
296 4895 346 4934 son
366 4878 470 4944 vivant,
486 4878 527 4935 iut
549 4876 647 4950 depuis
662 4876 779 4934 coheres
794 4892 844 4950 par
858 4875 899 4932 les
920 4875 1015 4934 ordros
1036 4876 1070 4932 de
1086 4876 1178 4934 Pierre
1196 4876 1230 4934 de
1245 4877 1385 4950 Ronrbon,

75 4975 114 5016 sou
129 4962 201 5022 ltere.
218 4987 231 5018 a
247 4967 381 5042 (Aubdry.
401 4969 484 5028 Hire.
506 4971 575 5038 ydra.
595 4969 646 5022 des
665 4969 765 5034 card,
786 4965 1160 5038 2v01.in-4⁰,Parisrotu,
1179 4973 1198 5023 t.
1219 4967 1255 5036 ll,
1267 4985 1295 5042 p.
1315 4969 1384 5038 4703

76 5044 163 5114 Serert
181 5055 299 5111 Arcano.
316 5055 422 5126 napa,
438 5071 471 5113 no
488 5057 551 5126 111,
573 5073 669 5129 parag.
684 5053 723 5127 7.)
739 5055 779 5110 En
795 5055 864 5110 1176
878 5054 896 5110 il
919 5053 992 5112 avait
1013 5055 1104 5112 donne
1119 5059 1135 5112 1
1150 5055 1265 5114 Charles
1283 5057 1346 5114 Vlll
1363 5057 1387 5114 le

77 5147 210 5200 sacrament
223 5142 259 5200 du
271 5143 409 5218 bapteme.
1152 5145 1155 5150 '
1443 5155 1445 5160 '
