3578 6032
289 351 341 407 5611
852 344 1062 402 APPENDICE.

289 509 455 584 puteoque
476 517 512 563 se
534 504 652 580 sponte
677 499 881 575 demerserit,
904 515 942 560 ac
961 498 1100 577 principi
1117 497 1181 577 ipsi
1201 499 1347 563 medicae
1369 499 1408 582 (si
1429 499 1630 562 vocabulum

291 599 431 682 spectes)
458 599 600 662 familiae
630 615 710 660 suae
734 614 814 660 nece
835 597 1069 676 pareniauerit.
1094 597 1156 659 Sed
1181 597 1276 660 video
1298 616 1364 672 me,
1389 615 1464 660 cum
1493 597 1630 678 quidem

289 700 404 775 multa,
423 703 454 761 et
470 714 590 778 magna
606 697 802 771 reticuerim,
826 713 869 758 ne
891 695 973 758 forte
997 696 1031 756 in
1054 697 1197 774 speciem
1220 698 1420 760 adulationis
1434 697 1630 771 inciderem,

290 801 423 879 longius
438 803 548 860 tamen
574 801 778 874 prouectum,
797 811 930 874 quama
948 795 1106 874 principio
1126 795 1347 858 institueram.
1372 794 1466 872 Quod
1481 799 1518 856 31
1539 791 1630 855 1333-

291 913 372 972 rem,
398 895 517 975 partim
536 893 698 972 cupiditas
723 894 795 974 ipsa
816 893 1033 972 obsequendi,
1061 879 1379 972 obtemperandique
1403 893 1461 956 tibi
1489 892 1631 970 optimo,

292 994 494 1067 doctissimo,
511 993 836 1072 prudentissimoque
851 990 987 1067 homini,
1000 991 1146 1071 mihique
1156 991 1369 1067 amicissimo,
1382 992 1477 1054 cuius
1492 990 1631 1069 quidem

292 1093 402 1155 studio
419 1089 619 1168 satisfacere,
636 1091 783 1154 breuitas
797 1091 870 1168 ipso
886 1089 919 1150 in
931 1092 1126 1151 transcursu
1141 1105 1209 1152 non
1224 1094 1352 1168 poterat
1369 1107 1376 1150 :
1393 1090 1512 1168 partim
1529 1087 1632 1149 3113111

292 1206 405 1253 amara
419 1189 584 1268 quaedam
600 1188 751 1264 dulcedo,
766 1187 926 1268 quasique
942 1187 1084 1250 titillatio
1105 1187 1247 1267 impulit,
1264 1186 1458 1251 recolendae
1473 1185 1633 1266 frequen·

292 1287 482 1367 tandaeque
502 1288 574 1349 eius
592 1287 653 1349 viri
678 1287 872 1349 memoriae.
900 1286 957 1348 Cui
981 1287 1009 1348 si
1033 1302 1147 1365 parem
1172 1287 1379 1366 similemque
1398 1291 1512 1349 nostra
1537 1289 1634 1346 33133

292 1403 396 1449 unum
411 1385 495 1448 forte
507 1391 608 1465 atque
622 1385 764 1448 alterum
787 1385 871 1460 tulit,
892 1387 1002 1463 potest
1013 1385 1172 1447 audacter
1186 1385 1252 1448 iam
1269 1386 1309 1450 de
1325 1384 1503 1464 splendore
1517 1382 1635 1445 nomi·

293 1485 346 1548 nis
362 1489 394 1546 31
408 1483 525 1564 313113,
542 1500 615 1545 33111
630 1487 796 1546 vetustate
811 1499 944 1564 quoque
959 1483 1030 1561 ipsa
1048 1483 1259 1547 contendere.
1274 1483 1352 1546 Vale
1367 1482 1414 1545 15.
1431 1481 1500 1544 1131.
1520 1481 1635 1544 1311133

294 1581 609 1647 MCGCCLXXXXll.
628 1583 664 1643 ln
680 1581 861 1644 Faesulano
876 1581 910 1642 in
926 1581 1080 1644 ltusculo.
1108 1606 1122 1636 ι

335 1713 443 1797 (roret.
462 1711 711 1794 3311133111,
727 1714 783 1777 no.
800 1716 850 1790 111,
864 1732 897 1794 p.
914 1712 979 1794 13.)

338 2157 400 2218 Sur
414 2154 444 2216 le
459 2153 567 2216 meme
582 2153 682 2234 sujet.
943 2060 985 2130 43

553 2393 555 2398 Ι
597 2315 746 2374 1133131113
766 2313 881 2374 Abbati
893 2311 1005 2376 Sancti
1019 2311 1182 2376 Michaelis
1198 2312 1337 2376 11313111.

341 2489 354 2520 ι
379 2467 469 2542 Quae
491 2481 552 2546 per
576 2463 636 2526 bos
660 2463 730 2526 dies
756 2465 931 2528 acciderint
955 2465 1149 2542 Florentiae,
1173 2467 1287 2545 paucis
1310 2465 1421 2545 accipe
1445 2461 1632 2544 :quemad-

299 2561 435 2625 modum
460 2563 640 2624 multorum
664 2577 817 2624 sermone
840 2563 1015 2626 3311113113
1040 2565 1170 2644 plenius
1191 2569 1313 2628 Rornae
1331 2562 1516 2646 significata
1538 2565 1631 2624 sunt.

299 2661 442 2724 Primum
457 2661 591 2740 quidem
606 2651 742 2723 3313333
755 2661 806 2722 hic
819 2665 869 2722 est
885 2662 954 2723 dies
973 2682 980 2723 :
995 2680 1098 2743 quum
1110 2663 1219 2726 subito
1229 2667 1339 2726 exorta
1353 2666 1532 2742 tempestas
1548 2661 1633 2723 circa

300 2759 429 2821 tertiam
444 2759 548 2820 noctis
569 2757 685 2820 horam
705 2759 884 2837 plurimum
904 2777 1067 2838 aquarum
1091 2767 1125 2823 et
1146 2761 1318 2842 grandinis
1342 2761 1497 2823 excussit.
1515 2759 1635 2822 1113313

300 2857 448 2936 undique
461 2861 640 2935 coeperunt
663 2855 792 2936 fulgura
815 2857 926 2920 :venti
948 2859 1058 2921 furere
1082 2879 1090 2921 :
1116 2861 1246 2941 mugire
1261 2858 1405 2920 tonitrua
1419 2873 1494 2919 cum
1507 2855 1634 2936 ingenti

301 2954 388 3018 Coeli
402 2955 544 3034 1133313.
561 2954 707 3016 Tandem
724 2955 785 3017 icta
802 2955 940 3018 fulmine
955 2956 1081 3019 laterna
1099 2977 1106 3018 :
1122 2973 1209 3036 quae
1221 2958 1255 3019 in
1271 2957 1439 3020 cacumine
1454 2955 1634 3016 testudinis

302 3053 472 3133 sphericae
496 3053 609 3132 templi
625 3055 762 3115 Sanctae
780 3055 961 3132 lteparatae
977 3055 1039 3116 sita
1062 3060 1133 3117 erat
1153 3053 1322 3136 :ingentia
1346 3069 1425 3116 saxa
1447 3067 1634 3114 marmorea

302 3151 430 3227 deiecit,
456 3151 539 3213 adeo
562 3157 598 3214 ut
621 3167 689 3213 non
711 3150 810 3213 modo
835 3151 949 3229 templi
971 3152 1076 3230 ipsius
1099 3156 1221 3216 tectum
1245 3151 1471 3230 compluribus
1493 3152 1528 3212 in
1551 3151 1633 3212 locis

302 3253 490 3331 aperuerint
506 3255 607 3329 atque
625 3248 854 3330 perfregerint,
878 3265 993 3312 verum
1011 3251 1110 3312 etiarn
1127 3251 1271 3312 maximo
1283 3252 1408 3330 impetu
1421 3249 1633 3328 impulsuque

271 3379 276 3390 ·
303 3351 336 3412 in
351 3365 509 3428 praeceps
520 3348 661 3423 ruentia,
673 3346 713 3408 ad
725 3345 842 3418 domos
854 3363 940 3424 quae
952 3363 970 3408 3
980 3347 1213 3424 1331333331113
1224 3349 1421 3410 constitutae
1434 3351 1512 3409 sunt
1525 3347 1633 3410 delata

303 3446 434 3509 fuerint.
448 3449 534 3509 lnter
543 3462 628 3525 quae
638 3459 753 3505 saxum
762 3443 929 3522 quoddam
937 3445 1075 3524 grauius
1086 3461 1186 3524 super
1195 3444 1505 3525 tegulascuiusdam
1514 3444 1635 3506 domus

305 3545 509 3620 deuolutum,
528 3559 593 3606 11311
607 3543 715 3605 solum
727 3546 849 3603 tectum
863 3542 952 3620 quod
967 3543 1030 3603 sub
1047 3541 1124 3604 diuo
1135 3549 1215 3617 erat,
1231 3543 1460 3606 verumetiam
1476 3543 1540 3604 alia
1555 3543 1635 3604 inte·

304 3644 390 3704 11313
407 3647 439 3703 31
459 3642 658 3704 testudinata
681 3640 790 3714 etiam,
817 3655 903 3718 quae
925 3638 1062 3702 inferius
1088 3643 1233 3704 construi
1258 3641 1366 3704 solent
1386 3641 1584 3720 penetrauit,
1600 3645 1636 3702 ut

304 3737 443 3802 infixum
467 3739 537 3801 3313
561 3737 614 3800 3111
629 3739 739 3816 aliqua
759 3742 912 3816 exparte
936 3742 1072 3800 31113131.
1092 3739 1211 3820 Magno
1232 3745 1367 3818 sumptu
1384 3739 1635 3819 regarciendum

305 3838 465 3916 templum
476 3836 653 3909 affirmant,
671 3852 778 3914 neque
791 3838 923 3900 minore
936 3854 1037 3916 quarn
1051 3839 1197 3917 quinque
1210 3853 1248 3899 ac
1261 3825 1377 3917 viginti
1387 3835 1534 3898 millibus
1545 3851 1637 3897 num-

306 3952 435 3999 morum
461 3951 637 3998 aureorum
666 3931 755 3995 refici
780 3952 893 4013 posse.
928 3939 1022 3999 Mane
1052 3937 1201 4000 eiusdem
1229 3934 1294 3997 diei
1319 3949 1385 4013 quo
1404 3933 1486 3996 haec
1504 3934 1635 4012 vesperi

305 4033 504 4108 acciderunt,
532 4049 606 4093 curn
620 4030 720 4094 113131
734 4033 869 4111 quidam
887 4033 928 4097 de
948 4052 1040 4098 more
1055 4036 1088 4097 in
1105 4037 1265 4114 suggesto
1282 4033 1533 4096 concionaretur
1546 4032 1634 4110 apud

306 4135 430 4194 Fanum
446 4134 583 4194 Sanctae
598 4131 717 4193 Mariae
737 4132 902 4208 Novellae,
913 4132 946 4194 in
958 4133 1067 4196 media
1082 4133 1239 4195 concione
1252 4130 1370 4194 mulier
1385 4129 1551 4209 quaedam
1561 4129 1634 4192 reli·

305 4231 420 4311 313333
435 4234 467 4292 31
481 4230 640 4292 honestae
660 4229 757 4304 vitae,
784 4247 823 4292 ex
844 4231 896 4306 iis,
913 4248 998 4310 quas
1017 4229 1634 4311 111133313311333111,3331311133331333

307 4345 428 4406 magna
450 4327 594 4389 dicitur:
616 4326 733 4389 Videre
756 4345 792 4390 se
815 4333 946 4391 taurum
968 4329 1139 4410 ingentem
1164 4329 1382 4409 nigerrimum
1404 4334 1504 4408 atque
1524 4345 1565 4390 ex
1580 4341 1636 4389 313

309 4425 412 4488 333113
428 4425 630 4505 naribusque
645 4425 761 4506 igneos
783 4427 900 4506 globos
915 4427 1081 4490 efflantem
1097 4429 1153 4507 qui
1174 4433 1264 4490 esset
1283 4429 1443 4506 templum
1459 4426 1636 4490 demolitu-

307 4541 377 4588 133.
394 4523 493 4586 Cuius
505 4541 569 4587 vox
584 4541 658 4585 cum
677 4525 810 4603 reprimi
834 4530 866 4587 31
888 4526 1033 4588 cohiberi
1058 4543 1125 4588 non
1144 4530 1273 4605 posset,
1298 4525 1468 4586 intermitti
1493 4523 1637 4602 oportuit

309 4622 509 4686 concionem.
523 4623 623 4684 Aiunt
636 4639 768 4701 quoque
782 4624 912 4685 laenam
928 4641 988 4703 per
1002 4639 1060 4685 eos
1076 4624 1147 4687 dies
1161 4624 1193 4686 in
1207 4627 1348 4687 Leonem
1360 4639 1464 4685 unum
1481 4621 1522 4685 dc
1536 4623 1638 4684 maio·

309 4719 401 4780 ribus
417 4719 472 4797 qui
495 4719 676 4782 florentiae
696 4720 830 4782 aluntur
850 4721 986 4783 irruisse
1011 4737 1048 4782 ac
1073 4723 1268 4784 suffocatum
1288 4737 1437 4784 necesse.
1457 4719 1638 4798 Quatriduo

310 4821 385 4895 post
401 4818 593 4880 Laurentius
608 4819 759 4894 Medicas,
776 4820 875 4882 homo
891 4820 987 4899 (sicut
999 4819 1098 4900 nosti)
1116 4821 1200 4883 tanti
1218 4819 1362 4884 nominis
1381 4816 1637 4892 31133133,11313

310 4913 764 4993 311311313313131133113113111
779 4917 1279 4998 111313133313113133,1311313113
1296 4933 1356 4980 suo
1365 4916 1455 4996 quod
1465 4917 1636 4996 Caregium

309 5017 426 5074 vocant
441 5017 531 5078 extra
545 5015 661 5078 urbem
677 5016 788 5093 311313,
806 5015 906 5096 13333
922 5015 1098 5080 afflictatus
1112 5018 1228 5080 morbo
1242 5033 1281 5079 ac
1298 5016 1411 5080 multis
1425 5013 1483 5078 diu
1498 5018 1636 5078 vexatus
