3578 6032
335 465 389 522 578
897 458 1109 520 APPENDICE.

335 619 445 702 quiete
458 619 605 699 grande:
623 617 664 680 ne
681 618 709 696 si
730 615 883 679 conoscie
904 616 938 678 in
959 620 1077 695 questo
1098 619 1209 704 tempo
1225 612 1278 676 del
1292 613 1454 690 conclavi,
1466 613 1495 676 ei
1511 612 1618 676 habbi
1631 613 1675 674 ad

335 733 447 782 essere
461 717 604 779 tumulto
620 715 772 789 alcbuno,
788 719 820 778 et
832 717 909 792 perd
926 731 993 776 non
1019 713 1064 774 mi
1080 712 1277 775 occurrendo
1292 729 1368 774 cosa
1384 712 1443 775 che
1457 712 1569 774 meriti
1581 728 1677 789 spae-

336 815 396 888 cio‚
411 830 479 876 non
498 818 665 893 aspectate
682 813 721 875 da
739 829 792 874 nre
806 811 932 887 lettere,
955 828 992 872 se
1012 827 1079 872 non
1099 825 1160 873 con
1175 809 1206 872 la
1222 809 1380 872 electione
1394 810 1447 874 del
1461 825 1574 873 nuovo
1591 810 1675 872 Pon·

378 1134 391 1163 ι
409 1107 436 1168 ll
450 1107 608 1170 patriarca
621 1108 654 1169 di
668 1107 803 1186 Vinegia
818 1104 836 1167 e
851 1112 979 1169 entrato
995 1107 1026 1168 in
1042 1104 1192 1169 Conclavi
1204 1121 1297 1166 come
1312 1104 1334 1164 ll
1353 1104 1428 1166 altri
1442 1103 1614 1167 cardinali
1629 1122 1638 1165 :
1654 1101 1672 1165 ὲ

336 1205 368 1268 di
384 1203 439 1268 et'a
454 1205 511 1284 piu
527 1205 559 1267 di
575 1205 613 1268 80
625 1206 714 1268 anni.
730 1208 778 1268 Da
788 1204 964 1268 ciaschuno
977 1202 995 1266 b
1010 1209 1124 1269 tenuto
1139 1204 1250 1266 buona
1265 1201 1474 1283 personati).

336 1349 344 1366 ·
377 1349 397 1456 ι.
414 1349 527 1478 Rome,
545 1349 645 1464 dien
656 1349 802 1483 'Au'gus'ti
815 1351 906 1466 o'toa'.
923 1348 1071 1466 himiw:

434 1535 438 1542 ’
869 1564 880 1592 ι
904 1537 1055 1610 Sarritor,
1071 1537 1145 1598 Pur.
1159 1537 1321 1610 Vntonrus,
1339 1533 1468 1596 Orator.
1489 1556 1501 1586 ι

459 1715 471 1745 ι
489 1689 665 1769 Mopnistciu
680 1690 827 1770 Dominis
844 1687 1000 1750 Octouiris

457 1787 599 1850 Proetiae
613 1787 780 1868 Republica
795 1785 974 1848 Florentino

454 1884 603 1948 Dominis
618 1887 696 1948 meis
714 1884 1024 1947 observandissime.

454 1987 627 2050 Florentie.
653 2011 666 2042 »

867 2203 892 2268 Δ
1101 2225 1131 2267 tn

371 2605 476 2678 (Aret.
493 2604 633 2665 Fiorent.
650 2601 845 2680 Letterecptt
860 2597 927 2660 Otto
942 2599 977 2660 dt
990 2601 1130 2675 Proticu,
1147 2599 1250 2661 Class.
1266 2600 1304 2670 X,
1321 2597 1403 2658 nist.
1425 2595 1455 2666 6,
1474 2595 1557 2656 Filza
1572 2592 1629 2670 8.)-

977 2977 1017 3045 57

375 3174 523 3238 Relation
540 3189 597 3236 sur
611 3173 642 3235 la
656 3177 743 3236 mort
755 3177 787 3235 et
801 3172 850 3234 les
861 3169 1027 3252 obseques
1043 3173 1088 3236 du
1103 3176 1200 3252 Pape,
1216 3177 1249 3234 et
1261 3189 1318 3236 sur
1332 3171 1468 3236 l’entre'e
1478 3171 1538 3236 des
1555 3173 1659 3237 cardi·

334 3270 791 3347 nauxauConclave.(Eocms.
807 3269 888 3332 Coei.
897 3272 979 3333 utut.
992 3272 1250 3334 Alteriono.Not.
1260 3269 1443 3348 Conclaoro,
1454 3270 1663 3353 n⁰XXXII.)

368 3450 529 3513 Diuturno
558 3452 693 3514 aflectus
714 3451 829 3513 morbo
849 3450 883 3513 in
905 3450 1042 3531 diesque
1062 3452 1323 3534 ingravescente,
1346 3454 1556 3516 innocentius
1581 3455 1659 3518 Cibo

328 3549 512 3612 Genuensis
527 3551 612 3629 Papa
634 3549 699 3611 Vlil
725 3553 800 3628 post
823 3566 944 3630 magna
974 3550 1068 3613 Urbis
1094 3551 1237 3630 pericula
1253 3551 1387 3630 quibus,
1403 3550 1532 3613 durnin
1554 3558 1659 3615 morte

327 3641 495 3718 pependit,
521 3643 748 3716 obvelabatur,
773 3643 959 3705 tande1ni⁰
987 3643 1046 3706 Kal
1070 3646 1199 3708 Sextilis
1221 3647 1325 3710 noctis
1345 3649 1475 3711 hersin
1494 3655 1623 3713 sestam
1640 3667 1659 3712 a

324 3739 438 3817 quinta
464 3740 556 3814 obiit,
583 3745 713 3802 etcum
746 3741 934 3819 compitalia
971 3739 1118 3820 plerique
1150 3747 1300 3822 proxima
1321 3748 1523 3826 generaliter
1540 3749 1659 3814 ducere

324 3841 480 3914 pararent
495 3841 527 3898 et
535 3837 607 3917 Jam
622 3838 656 3898 in
670 3855 789 3900 amena
807 3839 999 3902 suburbana
1015 3843 1259 3906 concessissent
1271 3844 1314 3908 ad
1325 3843 1426 3908 duros
1437 3847 1570 3911 labores
1581 3855 1613 3912 et
1626 3849 1658 3910 in

327 3935 495 3996 salubrem
509 3935 629 3996 Urbem
644 3935 752 3997 redire
767 3952 825 4014 pro
843 3938 1010 4000 communi
1027 3939 1134 4018 salute
1148 3958 1285 4004 necesse
1297 3942 1429 4006 babere.

366 4031 1656 4112 ErgoPontificern‚lucescentedie,exanimeminSanctumPetrumCardinales

324 4131 367 4194 ab
392 4147 432 4193 eo
452 4129 539 4206 facti,
565 4148 604 4193 ex
620 4148 723 4208 more,
750 4135 892 4196 comitati
910 4134 1002 4198 inere
1024 4154 1030 4195 :
1055 4139 1317 4218 Beneventanus,
1333 4141 1525 4218 meriensis,
1544 4145 1656 4208 Sancte

324 4229 511 4306 anastasie,
534 4231 674 4293 Medices
700 4236 732 4294 et
759 4233 1000 4296 SanseverInus
1025 4235 1081 4314 qui
1104 4241 1173 4301 turn
1194 4243 1409 4318 properanter
1438 4239 1481 4302 ad
1505 4242 1655 4322 galerum

324 4327 503 4390 advolarat.
522 4327 580 4404 lbi,
597 4329 711 4409 populi
727 4331 912 4409 spectaculo
928 4338 1080 4396 mortuus
1103 4335 1273 4412 dimissus,
1290 4337 1455 4402 flebilibus
1471 4341 1655 4404 vetularum

357 4513 379 4561 l.
397 4511 490 4562 blatteo
506 4513 622 4564 Gernrdo
641 4529 646 4564 :
663 4534 675 4560 l(
737 4515 801 4580 ligii,
817 4517 903 4568 inlesa
918 4517 943 4569 la
958 4522 1043 4569 morte
1064 4520 1254 4582 d'lnnocentio,
1274 4537 1359 4574 venne
1383 4523 1495 4576 slioma
1508 4540 1525 4576 u
1539 4529 1653 4578 ricerere

324 4591 342 4640 il
353 4591 464 4655 capello,
478 4605 491 4642 e
504 4591 574 4642 velle
584 4597 690 4644 entrare
700 4595 726 4644 ln
737 4595 875 4656 Conclere,
885 4597 1012 4648 benebea
1023 4599 1101 4650 latice
1111 4602 1133 4650 si
1144 4605 1250 4665 potesse
1258 4617 1385 4654 mucrore
1395 4619 1529 4671 ereggere
1538 4608 1567 4657 ln
1575 4607 1653 4672 pierii.

321 4670 420 4732 (Conci.
437 4671 476 4721 de’
486 4671 575 4732 Pont,
583 4687 610 4737 p.
622 4675 673 4734 ll.)
687 4675 753 4739 Voy.
767 4675 912 4741 blalipiero,
923 4678 1022 4728 Annali
1039 4681 1133 4742 Veneti,
1147 4681 1214 4732 dane
1228 4682 1317 4736 Porcii.
1330 4683 1399 4738 Stor.
1410 4685 1483 4746 liat,
1494 4689 1513 4737 t.
1524 4688 1579 4744 Vll,
1590 4701 1615 4751 p.
1627 4701 1652 4744 n,

320 4764 348 4814 p.
365 4753 420 4802 690.
436 4751 457 4802 ll
479 4757 589 4804 mourut
608 4755 632 4804 le
652 4756 720 4805 mois
739 4757 854 4820 suivant,
868 4757 891 4808 le
911 4760 925 4806 l
944 4761 1105 4824 septembre,
1127 4763 1143 4811 b
1164 4763 1270 4822 Narnia,
1291 4777 1319 4814 se
1341 4765 1455 4816 rendunt
1473 4767 1653 4826 inveniende

319 4834 412 4881 retour
429 4833 462 4882 de
484 4833 567 4884 Rome
586 4835 621 4884 ori
640 4835 659 4884 ll
674 4837 746 4886 avait
759 4837 854 4888 assiste
875 4852 909 4888 eu
929 4837 1058 4891 Conclove
1077 4841 1251 4893 d’Alexandre
1270 4843 1313 4894 Vi.
1333 4843 1432 4902 C’eteit.
1448 4861 1555 4899 comme
1577 4849 1600 4898 le
1616 4861 1654 4898 re-

321 4923 433 4974 marque
455 4913 591 4974 Pcnvlnio,
614 4929 650 4965 un
674 4915 783 4967 homme
806 4917 960 4969 stoliditatis
977 4919 1116 4972 immensu.
1132 4923 1212 4989 (Epit.
1233 4923 1310 4974 Rom.
1331 4923 1426 4974 Pontii.
1446 4925 1565 4976 venetiis
1586 4929 1652 4985 lbet,

322 5003 349 5054 p.
366 4991 430 5054 til).
446 4993 576 5057 L'tveque
595 4997 760 5046 Gerlmberto
778 4999 824 5060 (Lo
839 4999 929 5062 primo
944 5003 1024 5064 porte
1038 5001 1104 5052 delle
1119 5004 1199 5054 rite...
1215 5003 1332 5055 d’olcuni
1349 5005 1415 5069 Pupi
1432 5019 1446 5054 e
1460 5004 1490 5054 di
1501 5008 1567 5056 tutti
1580 5006 1651 5057 card.

319 5070 423 5130 passati
438 5071 475 5132 (in
490 5073 607 5139 Vinegia,
628 5077 697 5137 libi,
711 5091 738 5141 p.
754 5079 818 5139 499),
842 5079 982 5144 s’exprime
1002 5083 1017 5131 is
1034 5096 1083 5132 son
1107 5083 1177 5147 sujet
1194 5083 1260 5135 dans
1277 5083 1326 5135 des
1344 5087 1441 5135 termes
1460 5086 1521 5150 plus
1537 5085 1653 5136 riolents'

323 5161 433 5208 encore;
448 5150 467 5199 il
481 5149 612 5218 l'appelle,
628 5175 640 5201 ιι
652 5155 671 5205 il
685 5157 731 5221 pld
745 5157 829 5209 inetto
844 5173 858 5210 e
873 5159 1007 5226 iuesperto
1023 5163 1137 5214 animale
1152 5163 1178 5216 di
1193 5165 1283 5229 quelle
1297 5166 1360 5217 cius
1373 5165 1517 5232 (Vinegle).
1534 5186 1547 5212 r
