3508 6034
110 435 194 506 satvril
211 436 282 504 ttae)
440 431 566 488 llEllUbl
593 429 818 486 Ultssrlb'hllllbl
844 429 1106 488 COblltlENl'Allll.
1393 439 1445 492 loe

157 593 239 662 Dux
259 586 422 661 Ferrarie
439 609 546 683 quem
569 585 668 682 prius
689 583 907 668 avisaveram
934 585 1042 682 quod,
1069 587 1180 660 missa
1204 587 1318 676 linita,
1338 589 1444 663 vellet

103 713 214 788 citius
231 711 403 786 recedere
420 715 457 786 et
472 713 674 787 cardinales
694 736 767 786 non
786 716 989 808 expectare,
1008 711 1069 806 qui
1090 734 1218 787 omnes
1232 713 1442 787 associaturi

103 845 232 914 essent
244 837 463 912 cardinalem
477 837 520 912 de
534 838 683 912 Medicis
699 838 871 935 legatum,
890 836 986 910 inter
1001 860 1090 932 quos
1115 837 1216 923 locus
1232 837 1299 910 sibi
1320 837 1358 909 in
1373 837 1443 910 hu-

99 963 264 1061 jusmodi
279 968 361 1036 actu
377 963 595 1037 conveniens
620 988 692 1038 non
720 971 830 1052 esset,
847 987 919 1036 non
946 985 1110 1037 reversus
1126 969 1181 1036 est
1197 963 1242 1036 ed
1267 965 1442 1060 capellam

106 1095 190 1186 post
208 1087 496 1188 processionem,
515 1090 579 1162 sed
595 1087 785 1162 descendit
800 1087 844 1160 ad
863 1088 1047 1161 basilicam
1065 1087 1179 1160 sancti
1198 1088 1292 1160 Petri
1309 1094 1345 1162 et
1359 1089 1443 1165 inde

107 1216 155 1288 ad
172 1216 323 1288 domum
343 1214 459 1288 rediit.
484 1213 619 1287 Dicturi
634 1213 840 1311 passionem
862 1213 1067 1286 habuerunt
1087 1236 1214 1286 omnes
1231 1223 1444 1308 paramenta

110 1341 265 1415 violacia
280 1339 405 1415 ordine
416 1339 550 1429 debito,
564 1340 780 1414 etdiaconus
791 1363 833 1412 ac
849 1338 1092 1411 subdiaconus
1106 1337 1269 1435 planetas
1282 1339 1441 1436 plicatas.

113 1471 206 1540 llum
222 1465 343 1565 passio
355 1465 549 1556 diceretur,
577 1465 768 1539 cardinalis
792 1466 837 1537 de
863 1463 1011 1537 Medicis
1035 1463 1294 1564 aliquantulum
1316 1465 1442 1537 debili-

109 1599 203 1668 tatus
221 1592 330 1681 sedit;
360 1591 504 1680 deinde,
526 1614 609 1664 cum
625 1589 756 1663 diutius
776 1612 990 1687 permanere
1006 1611 1080 1663 non
1099 1594 1233 1686 posset,
1260 1590 1366 1663 exivit
1385 1615 1443 1664 ca-

109 1718 259 1814 pellam,
285 1717 346 1790 ivit
374 1719 419 1790 ad
444 1739 625 1790 cameram
647 1714 839 1790 cardinalis
866 1720 989 1788 sancte
1013 1714 1202 1788 Anastasia
1223 1714 1282 1788 ubi
1309 1715 1442 1788 audivit

108 1845 260 1917 missam
275 1849 312 1918 et
327 1843 412 1916 lecit
424 1841 605 1916 modicam
625 1841 880 1915 collationem:
901 1841 936 1912 in
952 1841 1025 1914 fine
1046 1841 1170 1930 misse,
1196 1865 1279 1915 cum
1298 1841 1443 1916 daretur

109 1967 331 2058 benedictio,
344 1966 508 2042 rediitad
521 1967 710 2064 capellam,
728 1989 861 2063 exque
878 1989 991 2062 usque
1010 1965 1055 2038 ad
1070 1965 1241 2062 palatium
1258 1965 1295 2038 iu
1313 1990 1442 2064 campo

108 2094 215 2168 Flore
229 2092 461 2166 habitationis
477 2115 541 2166 sue
557 2093 602 2165 ab
620 2092 787 2165 omnibus
812 2090 1052 2165 cardinalibus
1077 2099 1113 2164 et
1127 2090 1274 2188 prelatis
1289 2113 1391 2166 more
1407 2099 1443 2166 et

110 2221 240 2294 ordine
258 2219 363 2292 solito
379 2217 580 2292 associatus
602 2223 669 2292 est.
688 2217 849 2290 lllarchio
866 2215 1052 2306 Badensis,
1080 2220 1202 2286 orator
1214 2213 1441 2312 imperatoris

110 2353 148 2420 et
164 2345 262 2442 regis
278 2343 429 2418 Romani
445 2366 487 2417 ac
500 2351 662 2417 oratores
684 2343 779 2440 regis
795 2347 1015 2416 Francorum
1034 2341 1237 2439 equitarunt
1259 2347 1340 2438 post
1362 2365 1442 2414 car-

110 2469 254 2544 dinales
282 2491 366 2542 cum
393 2467 472 2541 aliis
498 2467 644 2566 prelatis
673 2489 740 2565 per
767 2467 1064 2542 inadvertentiam
1088 2491 1207 2542 meam
1231 2493 1238 2540 :
1262 2467 1443 2541 debebant

109 2595 210 2670 enim
230 2600 314 2668 ante
334 2593 536 2668 cardinales
557 2569 756 2690 equitasse;
775 2593 921 2667 toleravi
940 2599 1071 2682 tamen,
1095 2601 1242 2692 propter
1257 2593 1441 2668 dominum

110 2720 366 2796 marchionem
382 2725 418 2794 et
433 2717 517 2816 quia
529 2719 631 2792 tarde
646 2718 729 2809 vidi,
748 2741 811 2792 eos
826 2717 863 2790 in
878 2719 939 2794 illo
952 2719 1032 2794 loco
1047 2718 1222 2815 equitare.

162 2845 269 2920 Feria
286 2853 414 2942 quarta
429 2842 578 2941 majoris
596 2842 838 2932 hebdomade,
867 2848 909 2916 18
926 2844 1010 2918 dicti
1028 2843 1164 2917 mensis
1187 2846 1324 2943 aprilis,
1345 2846 1442 2920 circa

111 2973 244 3047 horam
260 2995 334 3062 uxr,
358 2970 501 3066 incepto
522 2968 665 3042 luerunt
689 2969 864 3042 matutine
888 2969 1121 3044 tenebrarum
1140 2971 1176 3042 in
1199 2971 1337 3066 capella
1357 2994 1440 3068 pre-

111 3098 223 3187 dicta,
254 3101 353 3194 Papa
374 3095 537 3169 absente.
562 3099 601 3168 ln
625 3092 711 3185 fine,
740 3093 931 3168 cardinalis
956 3119 985 3166 s.
1013 3095 1110 3168 Petri
1135 3095 1179 3167 ad
1203 3094 1356 3170 Vincula
1384 3095 1440 3169 die

110 3223 270 3298 crastina
291 3219 537 3297 celebraturus
553 3218 640 3293 dixit
660 3219 879 3308 orationem;
899 3243 983 3292 nam
1001 3217 1085 3316 quia
1105 3221 1168 3291 SS.
1193 3221 1235 3290 Ι).
1257 3224 1382 3291 noster
1403 3219 1438 3290 iu

108 3346 169 3422 die
190 3347 330 3420 Pascha
352 3347 500 3421 missam
518 3345 699 3444 publicam
722 3345 969 3420 celebraturus
987 3367 1059 3419 non
1078 3343 1159 3432 erit,
1184 3341 1439 3417 ordinaverunt

106 3472 203 3545 inter
216 3495 255 3544 se
272 3471 462 3546 cardinalis
479 3470 661 3567 predictus
673 3479 709 3545 et
723 3470 1039 3546 vicecancellarius
1052 3469 1150 3566 quod
1164 3469 1346 3566 predictus
1360 3493 1438 3544 crus

105 3604 237 3695 etpost
252 3621 333 3670 cras
351 3597 552 3673 celebraret
572 3597 656 3694 quia
668 3597 983 3673 vicecancellarius
1007 3598 1045 3670 in
1063 3595 1121 3670 die
1139 3597 1275 3670 Pascha
1292 3596 1440 3670 missam

104 3723 290 3820 publicam
309 3723 516 3798 celebravit,

158 3847 265 3922 Faria
280 3849 406 3946 quinta
426 3849 575 3946 maj0ris
591 3849 832 3940 hebdomade,
865 3853 990 3922 llmus.
1022 3853 1063 3922 D.
1079 3847 1271 3923 cardinalis
1296 3873 1326 3922 s.
1344 3850 1440 3924 Petri

106 3974 152 4048 ad
167 3974 322 4051 Vincula
336 3973 531 4048 celebravit
552 3975 700 4048 missam
718 3975 919 4050 solemnem
943 3973 1123 4072 publicam
1143 3973 1180 4046 in
1196 3973 1334 4071 capella
1356 3998 1440 4072 pre-

104 4101 216 4190 dicta,
236 4101 361 4175 ordine
378 4099 498 4190 solito,
521 4103 618 4198 Papa
632 4099 795 4174 absente.
816 4100 933 4174 Finita
948 4099 1071 4190 missa,
1091 4098 1291 4173 cardinales
1312 4121 1440 4174 omnes

106 4236 143 4300 et
162 4225 293 4326 prelati
313 4231 536 4324 acceperunt
564 4233 776 4324 paramenta
806 4235 842 4302 et
870 4225 1191 4324 processionaliter
1216 4223 1442 4298 associarunt

107 4349 379 4428 sacramentum
395 4351 568 4447 usquead
585 4375 728 4449 parvam
754 4352 943 4449 capellam,
966 4351 1062 4448 quod
1078 4349 1233 4448 portavit
1254 4349 1442 4424 celebrans

107 4479 143 4551 in
158 4477 389 4552 baldachino.
408 4475 543 4574 Aperui
566 4477 696 4551 ostium
717 4502 824 4575 parve
841 4476 978 4574 capelle
996 4477 1086 4550 citra
1101 4476 1214 4550 altare
1230 4475 1388 4550 existens
1404 4483 1440 4548 ut

104 4604 234 4704 prelati
249 4610 357 4702 prout
372 4603 577 4692 veniebant,
605 4602 689 4676 inde
711 4602 850 4676 exirent
870 4602 914 4674 ad
934 4605 1068 4697 Papam
1089 4599 1186 4688 ituri,
1208 4599 1317 4672 etiam
1337 4604 1439 4673 ante-

104 4750 216 4825 quam
228 4732 498 4801 sacramentum
511 4726 710 4822 repositum
725 4725 901 4798 suissetin
914 4725 1441 4822 locumpreparatum.Tamen
1488 4732 1491 4741 “

103 4853 190 4949 quia
204 4852 242 4924 in
255 4851 350 4927 lacto
365 4851 438 4926 vidi
455 4861 490 4926 et
506 4851 659 4949 cognovi
674 4851 792 4923 minus
817 4849 1011 4923 convenire
1034 4855 1069 4922 et
1085 4848 1359 4924 convenientius
1387 4874 1443 4920 re-

101 4977 324 5077 positionem
347 4977 567 5052 sacramenti
588 4976 785 5074 expectari,
814 4974 956 5049 emissis
980 4973 1118 5071 paucis,
1143 4972 1222 5048 aliis
1249 4973 1285 5046 in
1301 4974 1441 5070 capella

104 5103 389 5193 remanentibus
415 5103 484 5179 nisi
506 5103 665 5200 reposito
691 5106 917 5176 sacramento
939 5107 976 5174 et
997 5099 1198 5174 incensato.
1230 5098 1357 5173 Clerici
1385 5123 1442 5174 ca-

252 5265 277 5303 r.
300 5265 317 5303 r.
1268 5245 1303 5298 30
