<?xml version="1.0" encoding="UTF-8"?>
<!DOCTYPE html PUBLIC "-//W3C//DTD XHTML 1.0 Transitional//EN"
    "http://www.w3.org/TR/xhtml1/DTD/xhtml1-transitional.dtd">
<html xmlns="http://www.w3.org/1999/xhtml" xml:lang="en" lang="en">
 <head>
  <title>
</title>
<meta http-equiv="Content-Type" content="text/html;charset=utf-8" />
  <meta name='ocr-system' content='tesseract 3.04.00' />
  <meta name='ocr-capabilities' content='ocr_page ocr_carea ocr_par ocr_line ocrx_word'/>
</head>
<body>
  <div class='ocr_page' id='page_1' title='image "./johannisburchar02burcgoog/johannisburchar02burcgoog_0181.png"; bbox 0 0 3436 6038; ppageno 0'>
   <div class='ocr_carea' id='block_1_1' title="bbox 287 411 1715 486">
    <p class='ocr_par' dir='ltr' id='par_1_1' title="bbox 287 411 1715 486">
     <span class='ocr_line' id='line_1_1' title="bbox 287 411 1715 486; baseline -0.013 -9"><span class='ocrx_word' id='word_1_1' title='bbox 287 423 338 480; x_wconf 79' lang='lat' dir='ltr'>ree</span> <span class='ocrx_word' id='word_1_2' title='bbox 745 414 920 473; x_wconf 75' lang='lat' dir='ltr'>tonsuris</span> <span class='ocrx_word' id='word_1_3' title='bbox 944 411 1166 484; x_wconf 72' lang='lat' dir='ltr'>aesculum,</span> <span class='ocrx_word' id='word_1_4' title='bbox 1350 415 1597 486; x_wconf 62' lang='lat' dir='ltr'>,noeaoeane</span> <span class='ocrx_word' id='word_1_5' title='bbox 1714 417 1715 458; x_wconf 77' lang='lat' dir='ltr'>t</span> 
     </span>
    </p>
   </div>
   <div class='ocr_carea' id='block_1_2' title="bbox 286 567 1715 4924">
    <p class='ocr_par' dir='ltr' id='par_1_2' title="bbox 286 567 1715 3047">
     <span class='ocr_line' id='line_1_2' title="bbox 286 567 1597 678; baseline -0.006 -22"><span class='ocrx_word' id='word_1_6' title='bbox 286 579 508 678; x_wconf 77' lang='lat' dir='ltr'>generalem,</span> <span class='ocrx_word' id='word_1_7' title='bbox 524 599 546 649; x_wconf 91' lang='lat' dir='ltr'>a</span> <span class='ocrx_word' id='word_1_8' title='bbox 560 571 726 646; x_wconf 70' lang='lat' dir='ltr'><strong>sinistris.</strong></span> <span class='ocrx_word' id='word_1_9' title='bbox 756 571 848 644; x_wconf 84' lang='lat' dir='ltr'>Tum</span> <span class='ocrx_word' id='word_1_10' title='bbox 875 567 1003 665; x_wconf 91' lang='lat' dir='ltr'>prelati</span> <span class='ocrx_word' id='word_1_11' title='bbox 1027 568 1147 665; x_wconf 89' lang='lat' dir='ltr'>palatii</span> <span class='ocrx_word' id='word_1_12' title='bbox 1165 577 1202 646; x_wconf 88' lang='lat' dir='ltr'>et</span> <span class='ocrx_word' id='word_1_13' title='bbox 1223 571 1363 644; x_wconf 92' lang='lat' dir='ltr'>aliisue</span> <span class='ocrx_word' id='word_1_14' title='bbox 1380 572 1597 670; x_wconf 88' lang='lat' dir='ltr'>ordioeeqni-</span> 
     </span>
     <span class='ocr_line' id='line_1_3' title="bbox 287 693 1715 798; baseline -0.005 -20"><span class='ocrx_word' id='word_1_15' title='bbox 287 703 439 778; x_wconf 82' lang='lat' dir='ltr'>lavimus</span> <span class='ocrx_word' id='word_1_16' title='bbox 460 725 526 798; x_wconf 89' lang='lat' dir='ltr'>per</span> <span class='ocrx_word' id='word_1_17' title='bbox 549 703 697 795; x_wconf 90' lang='lat' dir='ltr'>pontem</span> <span class='ocrx_word' id='word_1_18' title='bbox 722 694 837 769; x_wconf 87' lang='lat' dir='ltr'>saneti</span> <span class='ocrx_word' id='word_1_19' title='bbox 860 693 989 790; x_wconf 79' lang='lat' dir='ltr'>Angeli</span> <span class='ocrx_word' id='word_1_20' title='bbox 1014 693 1193 791; x_wconf 87' lang='lat' dir='ltr'>perviam</span> <span class='ocrx_word' id='word_1_21' title='bbox 1221 700 1358 768; x_wconf 90' lang='lat' dir='ltr'>rectam</span> <span class='ocrx_word' id='word_1_22' title='bbox 1380 695 1427 770; x_wconf 88' lang='lat' dir='ltr'>ad</span> <span class='ocrx_word' id='word_1_23' title='bbox 1450 719 1596 792; x_wconf 87' lang='lat' dir='ltr'>campum</span> <span class='ocrx_word' id='word_1_24' title='bbox 1714 717 1715 760; x_wconf 76' lang='lat' dir='ltr'>t</span> 
     </span>
     <span class='ocr_line' id='line_1_4' title="bbox 287 819 1715 919; baseline -0.008 -18"><span class='ocrx_word' id='word_1_25' title='bbox 287 827 414 917; x_wconf 82' lang='lat' dir='ltr'>Flore3</span> <span class='ocrx_word' id='word_1_26' title='bbox 431 823 562 900; x_wconf 90' lang='lat' dir='ltr'>deinde</span> <span class='ocrx_word' id='word_1_27' title='bbox 584 819 764 919; x_wconf 90' lang='lat' dir='ltr'>perviam</span> <span class='ocrx_word' id='word_1_28' title='bbox 789 825 873 893; x_wconf 90' lang='lat' dir='ltr'>ante</span> <span class='ocrx_word' id='word_1_29' title='bbox 901 824 1056 915; x_wconf 75' lang='lat' dir='ltr'>gretiam</span> <span class='ocrx_word' id='word_1_30' title='bbox 1078 827 1323 916; x_wconf 88' lang='lat' dir='ltr'>nuncupatam</span> <span class='ocrx_word' id='word_1_31' title='bbox 1341 821 1523 894; x_wconf 76' lang='lat' dir='ltr'>tabernam</span> <span class='ocrx_word' id='word_1_32' title='bbox 1543 846 1599 919; x_wconf 90' lang='lat' dir='ltr'>pu·</span> <span class='ocrx_word' id='word_1_33' title='bbox 1714 843 1715 890; x_wconf 81' lang='lat' dir='ltr'>v</span> 
     </span>
     <span class='ocr_line' id='line_1_5' title="bbox 288 942 1715 1043; baseline -0.01 -17"><span class='ocrx_word' id='word_1_34' title='bbox 288 953 432 1042; x_wconf 81' lang='lat' dir='ltr'>blicam,</span> <span class='ocrx_word' id='word_1_35' title='bbox 455 949 619 1024; x_wconf 90' lang='lat' dir='ltr'>venimus</span> <span class='ocrx_word' id='word_1_36' title='bbox 653 945 699 1020; x_wconf 89' lang='lat' dir='ltr'>ad</span> <span class='ocrx_word' id='word_1_37' title='bbox 725 945 874 1018; x_wconf 88' lang='lat' dir='ltr'>domum</span> <span class='ocrx_word' id='word_1_38' title='bbox 905 942 1096 1018; x_wconf 88' lang='lat' dir='ltr'>cardinalis</span> <span class='ocrx_word' id='word_1_39' title='bbox 1123 945 1411 1042; x_wconf 83' lang='lat' dir='ltr'>Andegavensis,</span> <span class='ocrx_word' id='word_1_40' title='bbox 1442 969 1602 1043; x_wconf 90' lang='lat' dir='ltr'>cumque</span> <span class='ocrx_word' id='word_1_41' title='bbox 1714 969 1715 1012; x_wconf 81' lang='lat' dir='ltr'>v</span> 
     </span>
     <span class='ocr_line' id='line_1_6' title="bbox 288 1067 1606 1176; baseline -0.004 -26"><span class='ocrx_word' id='word_1_42' title='bbox 288 1076 479 1176; x_wconf 90' lang='lat' dir='ltr'>prandium</span> <span class='ocrx_word' id='word_1_43' title='bbox 495 1073 595 1163; x_wconf 86' lang='lat' dir='ltr'>iecit,</span> <span class='ocrx_word' id='word_1_44' title='bbox 618 1077 653 1146; x_wconf 87' lang='lat' dir='ltr'>el</span> <span class='ocrx_word' id='word_1_45' title='bbox 669 1093 751 1144; x_wconf 89' lang='lat' dir='ltr'>oum</span> <span class='ocrx_word' id='word_1_46' title='bbox 767 1069 819 1142; x_wconf 91' lang='lat' dir='ltr'>eis</span> <span class='ocrx_word' id='word_1_47' title='bbox 840 1093 870 1142; x_wconf 91' lang='lat' dir='ltr'>s.</span> <span class='ocrx_word' id='word_1_48' title='bbox 898 1067 994 1142; x_wconf 89' lang='lat' dir='ltr'>Petri</span> <span class='ocrx_word' id='word_1_49' title='bbox 1010 1068 1056 1142; x_wconf 90' lang='lat' dir='ltr'>ad</span> <span class='ocrx_word' id='word_1_50' title='bbox 1075 1069 1229 1146; x_wconf 84' lang='lat' dir='ltr'>Vincula</span> <span class='ocrx_word' id='word_1_51' title='bbox 1244 1071 1339 1144; x_wconf 89' lang='lat' dir='ltr'>etde</span> <span class='ocrx_word' id='word_1_52' title='bbox 1360 1070 1606 1146; x_wconf 84' lang='lat' dir='ltr'>Columnacar-</span> 
     </span>
     <span class='ocr_line' id='line_1_7' title="bbox 290 1181 1715 1296; baseline -0.008 -19"><span class='ocrx_word' id='word_1_53' title='bbox 290 1181 427 1278; x_wconf 73' lang='lat' dir='ltr'>diocles</span> <span class='ocrx_word' id='word_1_54' title='bbox 442 1225 449 1290; x_wconf 94' lang='lat'>;</span> <span class='ocrx_word' id='word_1_55' title='bbox 466 1199 538 1273; x_wconf 95' lang='lat' dir='ltr'>duo</span> <span class='ocrx_word' id='word_1_56' title='bbox 553 1197 746 1296; x_wconf 76' lang='lat' dir='ltr'>portitores</span> <span class='ocrx_word' id='word_1_57' title='bbox 762 1193 970 1269; x_wconf 80' lang='lat' dir='ltr'>vexillorum</span> <span class='ocrx_word' id='word_1_58' title='bbox 987 1217 1052 1291; x_wconf 94' lang='lat' dir='ltr'>per</span> <span class='ocrx_word' id='word_1_59' title='bbox 1067 1199 1180 1269; x_wconf 87' lang='lat' dir='ltr'>totam</span> <span class='ocrx_word' id='word_1_60' title='bbox 1195 1195 1288 1270; x_wconf 89' lang='lat' dir='ltr'>viam</span> <span class='ocrx_word' id='word_1_61' title='bbox 1309 1197 1446 1294; x_wconf 89' lang='lat' dir='ltr'>portari</span> <span class='ocrx_word' id='word_1_62' title='bbox 1461 1196 1607 1272; x_wconf 85' lang='lat' dir='ltr'>fecerunt</span> <span class='ocrx_word' id='word_1_63' title='bbox 1714 1221 1715 1265; x_wconf 61' lang='lat' dir='ltr'>r</span> 
     </span>
     <span class='ocr_line' id='line_1_8' title="bbox 290 1319 1715 1422; baseline -0.007 -20"><span class='ocrx_word' id='word_1_64' title='bbox 290 1325 418 1402; x_wconf 86' lang='lat' dir='ltr'>vexilla</span> <span class='ocrx_word' id='word_1_65' title='bbox 443 1324 608 1422; x_wconf 88' lang='lat' dir='ltr'>ipseper</span> <span class='ocrx_word' id='word_1_66' title='bbox 634 1322 774 1418; x_wconf 80' lang='lat' dir='ltr'>aliquos</span> <span class='ocrx_word' id='word_1_67' title='bbox 791 1319 889 1394; x_wconf 87' lang='lat' dir='ltr'>circa</span> <span class='ocrx_word' id='word_1_68' title='bbox 909 1319 991 1404; x_wconf 92' lang='lat' dir='ltr'>illos</span> <span class='ocrx_word' id='word_1_69' title='bbox 1013 1319 1215 1394; x_wconf 81' lang='lat' dir='ltr'>mediantes</span> <span class='ocrx_word' id='word_1_70' title='bbox 1239 1321 1369 1417; x_wconf 90' lang='lat' dir='ltr'>quibus</span> <span class='ocrx_word' id='word_1_71' title='bbox 1394 1321 1463 1420; x_wconf 90' lang='lat' dir='ltr'>ipsi</span> <span class='ocrx_word' id='word_1_72' title='bbox 1487 1328 1608 1396; x_wconf 89' lang='lat' dir='ltr'>tantum</span> <span class='ocrx_word' id='word_1_73' title='bbox 1714 1345 1715 1392; x_wconf 79' lang='lat' dir='ltr'>v</span> 
     </span>
     <span class='ocr_line' id='line_1_9' title="bbox 290 1445 1715 1546; baseline -0.002 -21"><span class='ocrx_word' id='word_1_74' title='bbox 290 1472 437 1539; x_wconf 88' lang='lat' dir='ltr'>manum</span> <span class='ocrx_word' id='word_1_75' title='bbox 448 1447 634 1524; x_wconf 84' lang='lat' dir='ltr'>dexteram</span> <span class='ocrx_word' id='word_1_76' title='bbox 645 1445 894 1543; x_wconf 88' lang='lat' dir='ltr'>apponebant;</span> <span class='ocrx_word' id='word_1_77' title='bbox 911 1453 946 1520; x_wconf 91' lang='lat' dir='ltr'>et</span> <span class='ocrx_word' id='word_1_78' title='bbox 958 1469 1064 1543; x_wconf 88' lang='lat' dir='ltr'>supra</span> <span class='ocrx_word' id='word_1_79' title='bbox 1075 1455 1225 1542; x_wconf 87' lang='lat' dir='ltr'>pontem</span> <span class='ocrx_word' id='word_1_80' title='bbox 1238 1449 1611 1546; x_wconf 74' lang='lat' dir='ltr'>sanotidngeliveotus</span> <span class='ocrx_word' id='word_1_81' title='bbox 1714 1487 1715 1498; x_wconf 24' lang='grc' dir='ltr'><strong>κ</strong></span> 
     </span>
     <span class='ocr_line' id='line_1_10' title="bbox 292 1570 1715 1672; baseline -0.007 -22"><span class='ocrx_word' id='word_1_82' title='bbox 292 1585 365 1654; x_wconf 88' lang='lat' dir='ltr'>tum</span> <span class='ocrx_word' id='word_1_83' title='bbox 393 1574 591 1650; x_wconf 91' lang='lat' dir='ltr'>vehemens</span> <span class='ocrx_word' id='word_1_84' title='bbox 619 1575 697 1646; x_wconf 90' lang='lat' dir='ltr'>erat</span> <span class='ocrx_word' id='word_1_85' title='bbox 726 1571 823 1668; x_wconf 91' lang='lat' dir='ltr'>quod</span> <span class='ocrx_word' id='word_1_86' title='bbox 854 1576 978 1645; x_wconf 88' lang='lat' dir='ltr'>erecta</span> <span class='ocrx_word' id='word_1_87' title='bbox 1008 1570 1137 1647; x_wconf 84' lang='lat' dir='ltr'>vexilla</span> <span class='ocrx_word' id='word_1_88' title='bbox 1166 1572 1222 1646; x_wconf 86' lang='lat' dir='ltr'>vix</span> <span class='ocrx_word' id='word_1_89' title='bbox 1244 1580 1389 1670; x_wconf 88' lang='lat' dir='ltr'>portare</span> <span class='ocrx_word' id='word_1_90' title='bbox 1417 1583 1610 1672; x_wconf 89' lang='lat' dir='ltr'>potueruut.</span> <span class='ocrx_word' id='word_1_91' title='bbox 1714 1597 1715 1640; x_wconf 78' lang='lat' dir='ltr'>v</span> 
     </span>
     <span class='ocr_line' id='line_1_11' title="bbox 291 1695 1615 1794; baseline -0.003 -18"><span class='ocrx_word' id='word_1_92' title='bbox 291 1705 514 1776; x_wconf 81' lang='lat' dir='ltr'>Intraverunt</span> <span class='ocrx_word' id='word_1_93' title='bbox 536 1701 723 1794; x_wconf 89' lang='lat' dir='ltr'>equestres</span> <span class='ocrx_word' id='word_1_94' title='bbox 749 1717 832 1772; x_wconf 92' lang='lat' dir='ltr'>cum</span> <span class='ocrx_word' id='word_1_95' title='bbox 855 1695 993 1770; x_wconf 85' lang='lat' dir='ltr'>vexillis</span> <span class='ocrx_word' id='word_1_96' title='bbox 1018 1695 1167 1770; x_wconf 92' lang='lat' dir='ltr'>domum</span> <span class='ocrx_word' id='word_1_97' title='bbox 1183 1697 1266 1774; x_wconf 91' lang='lat' dir='ltr'>dieti</span> <span class='ocrx_word' id='word_1_98' title='bbox 1280 1699 1483 1773; x_wconf 90' lang='lat' dir='ltr'>cardinalis.</span> <span class='ocrx_word' id='word_1_99' title='bbox 1502 1703 1542 1774; x_wconf 89' lang='lat' dir='ltr'>n.</span> <span class='ocrx_word' id='word_1_100' title='bbox 1559 1703 1615 1774; x_wconf 81' lang='lat' dir='ltr'>lto</span> 
     </span>
     <span class='ocr_line' id='line_1_12' title="bbox 292 1821 1715 1921; baseline -0.002 -21"><span class='ocrx_word' id='word_1_101' title='bbox 292 1829 416 1901; x_wconf 90' lang='lat' dir='ltr'>bertus</span> <span class='ocrx_word' id='word_1_102' title='bbox 428 1833 529 1900; x_wconf 85' lang='lat' dir='ltr'>extra</span> <span class='ocrx_word' id='word_1_103' title='bbox 545 1827 686 1921; x_wconf 90' lang='lat' dir='ltr'>portam</span> <span class='ocrx_word' id='word_1_104' title='bbox 707 1821 869 1919; x_wconf 89' lang='lat' dir='ltr'>ejusdem</span> <span class='ocrx_word' id='word_1_105' title='bbox 891 1822 1020 1896; x_wconf 90' lang='lat' dir='ltr'>domus</span> <span class='ocrx_word' id='word_1_106' title='bbox 1041 1822 1087 1896; x_wconf 92' lang='lat' dir='ltr'>ad</span> <span class='ocrx_word' id='word_1_107' title='bbox 1102 1822 1317 1899; x_wconf 81' lang='lat' dir='ltr'>comitantes</span> <span class='ocrx_word' id='word_1_108' title='bbox 1333 1848 1372 1899; x_wconf 89' lang='lat' dir='ltr'>se</span> <span class='ocrx_word' id='word_1_109' title='bbox 1386 1825 1570 1914; x_wconf 84' lang='lat' dir='ltr'>convertit,</span> <span class='ocrx_word' id='word_1_110' title='bbox 1586 1831 1614 1898; x_wconf 90' lang='lat' dir='ltr'>el</span> <span class='ocrx_word' id='word_1_111' title='bbox 1714 1851 1715 1880; x_wconf 76' lang='lat'><em>2</em></span> 
     </span>
     <span class='ocr_line' id='line_1_13' title="bbox 292 1947 1715 2048; baseline -0.004 -22"><span class='ocrx_word' id='word_1_112' title='bbox 292 1948 599 2048; x_wconf 87' lang='lat' dir='ltr'>birretopredicto</span> <span class='ocrx_word' id='word_1_113' title='bbox 621 1949 657 2022; x_wconf 92' lang='lat' dir='ltr'>in</span> <span class='ocrx_word' id='word_1_114' title='bbox 682 1947 800 2046; x_wconf 86' lang='lat' dir='ltr'>capite</span> <span class='ocrx_word' id='word_1_115' title='bbox 818 1954 979 2038; x_wconf 89' lang='lat' dir='ltr'>retento,</span> <span class='ocrx_word' id='word_1_116' title='bbox 1000 1947 1148 2044; x_wconf 88' lang='lat' dir='ltr'>prelatis</span> <span class='ocrx_word' id='word_1_117' title='bbox 1168 1949 1422 2024; x_wconf 82' lang='lat' dir='ltr'>recedentibus</span> <span class='ocrx_word' id='word_1_118' title='bbox 1439 1957 1475 2024; x_wconf 90' lang='lat' dir='ltr'>et</span> <span class='ocrx_word' id='word_1_119' title='bbox 1489 1950 1617 2024; x_wconf 87' lang='lat' dir='ltr'>cubica·</span> <span class='ocrx_word' id='word_1_120' title='bbox 1714 2011 1715 2021; x_wconf 73' lang='grc'>,</span> 
     </span>
     <span class='ocr_line' id='line_1_14' title="bbox 297 2072 1715 2173; baseline -0.005 -21"><span class='ocrx_word' id='word_1_121' title='bbox 297 2076 395 2152; x_wconf 90' lang='lat' dir='ltr'>lariis</span> <span class='ocrx_word' id='word_1_122' title='bbox 411 2075 543 2173; x_wconf 89' lang='lat' dir='ltr'>gratias</span> <span class='ocrx_word' id='word_1_123' title='bbox 557 2072 629 2172; x_wconf 87' lang='lat' dir='ltr'>egit</span> <span class='ocrx_word' id='word_1_124' title='bbox 642 2099 650 2164; x_wconf 80' lang='lat'>3</span> <span class='ocrx_word' id='word_1_125' title='bbox 664 2072 795 2148; x_wconf 90' lang='lat' dir='ltr'>deinde</span> <span class='ocrx_word' id='word_1_126' title='bbox 810 2073 953 2146; x_wconf 89' lang='lat' dir='ltr'>intravit</span> <span class='ocrx_word' id='word_1_127' title='bbox 966 2072 1113 2147; x_wconf 94' lang='lat' dir='ltr'>domum</span> <span class='ocrx_word' id='word_1_128' title='bbox 1125 2073 1338 2169; x_wconf 88' lang='lat' dir='ltr'>predictam,</span> <span class='ocrx_word' id='word_1_129' title='bbox 1352 2075 1388 2147; x_wconf 89' lang='lat' dir='ltr'>in</span> <span class='ocrx_word' id='word_1_130' title='bbox 1398 2098 1470 2172; x_wconf 92' lang='lat' dir='ltr'>qua</span> <span class='ocrx_word' id='word_1_131' title='bbox 1480 2097 1617 2172; x_wconf 81' lang='lat' dir='ltr'>pransus</span> <span class='ocrx_word' id='word_1_132' title='bbox 1714 2113 1715 2124; x_wconf 27' lang='grc' dir='ltr'><strong>κ</strong></span> 
     </span>
     <span class='ocr_line' id='line_1_15' title="bbox 296 2197 1715 2298; baseline -0.003 -22"><span class='ocrx_word' id='word_1_133' title='bbox 296 2209 363 2276; x_wconf 91' lang='lat' dir='ltr'>est.</span> <span class='ocrx_word' id='word_1_134' title='bbox 377 2199 508 2275; x_wconf 81' lang='lat' dir='ltr'>Officio</span> <span class='ocrx_word' id='word_1_135' title='bbox 523 2198 633 2274; x_wconf 92' lang='lat' dir='ltr'>misse</span> <span class='ocrx_word' id='word_1_136' title='bbox 647 2197 854 2294; x_wconf 90' lang='lat' dir='ltr'>supradicte</span> <span class='ocrx_word' id='word_1_137' title='bbox 870 2197 1112 2273; x_wconf 76' lang='lat' dir='ltr'>interfuerunt</span> <span class='ocrx_word' id='word_1_138' title='bbox 1129 2222 1258 2272; x_wconf 91' lang='lat' dir='ltr'>omnes</span> <span class='ocrx_word' id='word_1_139' title='bbox 1274 2199 1476 2272; x_wconf 86' lang='lat' dir='ltr'>cardinales</span> <span class='ocrx_word' id='word_1_140' title='bbox 1489 2199 1525 2271; x_wconf 92' lang='lat' dir='ltr'>in</span> <span class='ocrx_word' id='word_1_141' title='bbox 1537 2199 1617 2298; x_wconf 79' lang='lat' dir='ltr'>Urbe</span> <span class='ocrx_word' id='word_1_142' title='bbox 1714 2265 1715 2272; x_wconf 75' lang='grc'>,</span> 
     </span>
     <span class='ocr_line' id='line_1_16' title="bbox 296 2323 1715 2421; baseline -0.001 -21"><span class='ocrx_word' id='word_1_143' title='bbox 296 2327 506 2414; x_wconf 76' lang='lat' dir='ltr'>existentes,</span> <span class='ocrx_word' id='word_1_144' title='bbox 534 2323 681 2420; x_wconf 91' lang='lat' dir='ltr'>dempto</span> <span class='ocrx_word' id='word_1_145' title='bbox 706 2323 783 2396; x_wconf 89' lang='lat' dir='ltr'>solo</span> <span class='ocrx_word' id='word_1_146' title='bbox 809 2327 913 2398; x_wconf 86' lang='lat' dir='ltr'>Rme.</span> <span class='ocrx_word' id='word_1_147' title='bbox 933 2327 976 2396; x_wconf 87' lang='lat' dir='ltr'>D.</span> <span class='ocrx_word' id='word_1_148' title='bbox 997 2323 1179 2398; x_wconf 87' lang='lat' dir='ltr'>cardinale</span> <span class='ocrx_word' id='word_1_149' title='bbox 1203 2348 1242 2396; x_wconf 91' lang='lat' dir='ltr'>s.·</span> <span class='ocrx_word' id='word_1_150' title='bbox 1256 2325 1401 2421; x_wconf 84' lang='lat' dir='ltr'>Georgii</span> <span class='ocrx_word' id='word_1_151' title='bbox 1416 2323 1617 2412; x_wconf 89' lang='lat' dir='ltr'>camerario,</span> <span class='ocrx_word' id='word_1_152' title='bbox 1714 2353 1715 2398; x_wconf 81' lang='lat' dir='ltr'>v</span> 
     </span>
     <span class='ocr_line' id='line_1_17' title="bbox 296 2447 1715 2546; baseline -0.001 -22"><span class='ocrx_word' id='word_1_153' title='bbox 296 2450 357 2545; x_wconf 94' lang='lat' dir='ltr'>qui</span> <span class='ocrx_word' id='word_1_154' title='bbox 379 2471 452 2522; x_wconf 91' lang='lat' dir='ltr'>non</span> <span class='ocrx_word' id='word_1_155' title='bbox 475 2447 592 2522; x_wconf 87' lang='lat' dir='ltr'>venit.</span> <span class='ocrx_word' id='word_1_156' title='bbox 625 2447 668 2520; x_wconf 91' lang='lat' dir='ltr'>lli</span> <span class='ocrx_word' id='word_1_157' title='bbox 693 2453 816 2522; x_wconf 87' lang='lat' dir='ltr'>autem</span> <span class='ocrx_word' id='word_1_158' title='bbox 845 2447 1085 2522; x_wconf 81' lang='lat' dir='ltr'>interfuerunt</span> <span class='ocrx_word' id='word_1_159' title='bbox 1108 2449 1444 2541; x_wconf 87' lang='lat' dir='ltr'>vicecancellarius,</span> <span class='ocrx_word' id='word_1_160' title='bbox 1471 2449 1621 2546; x_wconf 89' lang='lat' dir='ltr'>Neapoli·</span> <span class='ocrx_word' id='word_1_161' title='bbox 1714 2479 1715 2522; x_wconf 82' lang='grc'>(</span> 
     </span>
     <span class='ocr_line' id='line_1_18' title="bbox 297 2571 1715 2672; baseline 0.003 -26"><span class='ocrx_word' id='word_1_162' title='bbox 297 2582 417 2663; x_wconf 88' lang='lat' dir='ltr'>tanus,</span> <span class='ocrx_word' id='word_1_163' title='bbox 448 2597 478 2646; x_wconf 90' lang='lat' dir='ltr'>s.</span> <span class='ocrx_word' id='word_1_164' title='bbox 514 2571 639 2662; x_wconf 88' lang='lat' dir='ltr'>Marci,</span> <span class='ocrx_word' id='word_1_165' title='bbox 671 2597 700 2644; x_wconf 94' lang='lat' dir='ltr'>s.</span> <span class='ocrx_word' id='word_1_166' title='bbox 736 2571 831 2644; x_wconf 87' lang='lat' dir='ltr'>Petri</span> <span class='ocrx_word' id='word_1_167' title='bbox 856 2573 901 2646; x_wconf 89' lang='lat' dir='ltr'>ad</span> <span class='ocrx_word' id='word_1_168' title='bbox 925 2571 1092 2663; x_wconf 87' lang='lat' dir='ltr'>Vincula,</span> <span class='ocrx_word' id='word_1_169' title='bbox 1132 2574 1315 2672; x_wconf 88' lang='lat' dir='ltr'>episcopi;</span> <span class='ocrx_word' id='word_1_170' title='bbox 1348 2575 1619 2671; x_wconf 81' lang='lat' dir='ltr'>Andagavcnsis,</span> <span class='ocrx_word' id='word_1_171' title='bbox 1714 2605 1715 2650; x_wconf 81' lang='lat' dir='ltr'>v</span> 
     </span>
     <span class='ocr_line' id='line_1_19' title="bbox 299 2696 1715 2797; baseline 0.003 -27"><span class='ocrx_word' id='word_1_172' title='bbox 299 2723 328 2771; x_wconf 91' lang='lat' dir='ltr'>s.</span> <span class='ocrx_word' id='word_1_173' title='bbox 347 2697 555 2786; x_wconf 84' lang='lat' dir='ltr'>Clementis,</span> <span class='ocrx_word' id='word_1_174' title='bbox 583 2696 627 2772; x_wconf 90' lang='lat' dir='ltr'>de</span> <span class='ocrx_word' id='word_1_175' title='bbox 653 2696 864 2789; x_wconf 82' lang='lat' dir='ltr'>Comitibus,</span> <span class='ocrx_word' id='word_1_176' title='bbox 894 2698 1114 2786; x_wconf 88' lang='lat' dir='ltr'>Parmensis,</span> <span class='ocrx_word' id='word_1_177' title='bbox 1138 2697 1361 2797; x_wconf 81' lang='lat' dir='ltr'>presbyteri;</span> <span class='ocrx_word' id='word_1_178' title='bbox 1385 2698 1620 2787; x_wconf 88' lang='lat' dir='ltr'>Senensis,de</span> <span class='ocrx_word' id='word_1_179' title='bbox 1714 2729 1715 2774; x_wconf 81' lang='lat' dir='ltr'>v</span> 
     </span>
     <span class='ocr_line' id='line_1_20' title="bbox 299 2803 1715 2916; baseline 0 -16"><span class='ocrx_word' id='word_1_180' title='bbox 299 2825 464 2916; x_wconf 89' lang='lat' dir='ltr'>Sabellis,</span> <span class='ocrx_word' id='word_1_181' title='bbox 487 2803 717 2899; x_wconf 49' lang='lat' dir='ltr'>Columna‘et</span> <span class='ocrx_word' id='word_1_182' title='bbox 740 2823 929 2914; x_wconf 63' lang='lat' dir='ltr'>Ascanius</span> <span class='ocrx_word' id='word_1_183' title='bbox 958 2822 1100 2896; x_wconf 89' lang='lat' dir='ltr'>diaconi</span> <span class='ocrx_word' id='word_1_184' title='bbox 1129 2821 1352 2914; x_wconf 84' lang='lat' dir='ltr'>cardinales;</span> <span class='ocrx_word' id='word_1_185' title='bbox 1371 2823 1529 2897; x_wconf 80' lang='lat' dir='ltr'>feceram</span> <span class='ocrx_word' id='word_1_186' title='bbox 1545 2822 1622 2894; x_wconf 91' lang='lat' dir='ltr'>mibi</span> <span class='ocrx_word' id='word_1_187' title='bbox 1714 2859 1715 2900; x_wconf 72' lang='lat' dir='ltr'>v</span> 
     </span>
     <span class='ocr_line' id='line_1_21' title="bbox 298 2947 1104 3047; baseline -0.007 -21"><span class='ocrx_word' id='word_1_188' title='bbox 298 2949 509 3026; x_wconf 88' lang='lat' dir='ltr'>memoriale</span> <span class='ocrx_word' id='word_1_189' title='bbox 522 2972 588 3047; x_wconf 87' lang='lat' dir='ltr'>pro</span> <span class='ocrx_word' id='word_1_190' title='bbox 605 2949 803 3023; x_wconf 89' lang='lat' dir='ltr'>ordinando</span> <span class='ocrx_word' id='word_1_191' title='bbox 820 2949 887 3021; x_wconf 91' lang='lat' dir='ltr'>sub</span> <span class='ocrx_word' id='word_1_192' title='bbox 901 2947 958 3020; x_wconf 92' lang='lat' dir='ltr'>his</span> <span class='ocrx_word' id='word_1_193' title='bbox 974 2947 1104 3022; x_wconf 92' lang='lat' dir='ltr'>verbis.</span> 
     </span>
    </p>

    <p class='ocr_par' dir='ltr' id='par_1_3' title="bbox 351 3073 1715 3173">
     <span class='ocr_line' id='line_1_22' title="bbox 351 3073 1715 3173; baseline -0.004 -21"><span class='ocrx_word' id='word_1_194' title='bbox 351 3073 944 3173; x_wconf 84' lang='lat' dir='ltr'>Preparandaproeonlalonerio:</span> <span class='ocrx_word' id='word_1_195' title='bbox 1714 3143 1715 3146; x_wconf 74' lang='grc'>,</span> 
     </span>
    </p>

    <p class='ocr_par' dir='ltr' id='par_1_4' title="bbox 299 3198 1715 3424">
     <span class='ocr_line' id='line_1_23' title="bbox 356 3198 1715 3295; baseline -0.001 -21"><span class='ocrx_word' id='word_1_196' title='bbox 356 3200 573 3274; x_wconf 77' lang='lat' dir='ltr'>ordinentur</span> <span class='ocrx_word' id='word_1_197' title='bbox 587 3199 715 3273; x_wconf 84' lang='lat' dir='ltr'>vexilla</span> <span class='ocrx_word' id='word_1_198' title='bbox 738 3201 823 3288; x_wconf 92' lang='lat' dir='ltr'>duo,</span> <span class='ocrx_word' id='word_1_199' title='bbox 848 3198 977 3272; x_wconf 90' lang='lat' dir='ltr'>deinde</span> <span class='ocrx_word' id='word_1_200' title='bbox 1001 3198 1111 3272; x_wconf 88' lang='lat' dir='ltr'>etiam</span> <span class='ocrx_word' id='word_1_201' title='bbox 1135 3207 1171 3272; x_wconf 86' lang='lat' dir='ltr'>et</span> <span class='ocrx_word' id='word_1_202' title='bbox 1190 3199 1340 3272; x_wconf 88' lang='lat' dir='ltr'>baculus</span> <span class='ocrx_word' id='word_1_203' title='bbox 1364 3199 1466 3272; x_wconf 87' lang='lat' dir='ltr'>albus</span> <span class='ocrx_word' id='word_1_204' title='bbox 1487 3219 1623 3295; x_wconf 85' lang='lat' dir='ltr'>grossus</span> <span class='ocrx_word' id='word_1_205' title='bbox 1714 3233 1715 3272; x_wconf 67' lang='lat' dir='ltr'>t</span> 
     </span>
     <span class='ocr_line' id='line_1_24' title="bbox 299 3321 1514 3424; baseline -0.005 -24"><span class='ocrx_word' id='word_1_206' title='bbox 299 3325 521 3424; x_wconf 91' lang='lat' dir='ltr'>ongitudinis</span> <span class='ocrx_word' id='word_1_207' title='bbox 539 3323 644 3398; x_wconf 92' lang='lat' dir='ltr'>unius</span> <span class='ocrx_word' id='word_1_208' title='bbox 659 3323 796 3398; x_wconf 88' lang='lat' dir='ltr'>brachii</span> <span class='ocrx_word' id='word_1_209' title='bbox 812 3324 865 3396; x_wconf 91' lang='lat' dir='ltr'>vel</span> <span class='ocrx_word' id='word_1_210' title='bbox 880 3324 979 3398; x_wconf 88' lang='lat' dir='ltr'>circa</span> <span class='ocrx_word' id='word_1_211' title='bbox 995 3331 1031 3396; x_wconf 89' lang='lat' dir='ltr'>et</span> <span class='ocrx_word' id='word_1_212' title='bbox 1042 3323 1118 3398; x_wconf 92' lang='lat' dir='ltr'>due</span> <span class='ocrx_word' id='word_1_213' title='bbox 1136 3329 1262 3420; x_wconf 88' lang='lat' dir='ltr'>stange</span> <span class='ocrx_word' id='word_1_214' title='bbox 1279 3345 1343 3420; x_wconf 90' lang='lat' dir='ltr'>pre</span> <span class='ocrx_word' id='word_1_215' title='bbox 1362 3321 1514 3410; x_wconf 88' lang='lat' dir='ltr'>vexillis,</span> 
     </span>
    </p>

    <p class='ocr_par' dir='ltr' id='par_1_5' title="bbox 302 3447 1622 3664">
     <span class='ocr_line' id='line_1_25' title="bbox 351 3447 1622 3546; baseline -0.007 -18"><span class='ocrx_word' id='word_1_216' title='bbox 351 3457 480 3528; x_wconf 88' lang='lat' dir='ltr'>Vestes</span> <span class='ocrx_word' id='word_1_217' title='bbox 494 3475 578 3526; x_wconf 88' lang='lat' dir='ltr'>cum</span> <span class='ocrx_word' id='word_1_218' title='bbox 593 3449 783 3524; x_wconf 89' lang='lat' dir='ltr'>armaturis</span> <span class='ocrx_word' id='word_1_219' title='bbox 795 3473 859 3546; x_wconf 90' lang='lat' dir='ltr'>pro</span> <span class='ocrx_word' id='word_1_220' title='bbox 872 3453 913 3522; x_wconf 89' lang='lat' dir='ltr'>D.</span> <span class='ocrx_word' id='word_1_221' title='bbox 930 3448 1087 3522; x_wconf 86' lang='lat' dir='ltr'>Roberto</span> <span class='ocrx_word' id='word_1_222' title='bbox 1102 3473 1109 3538; x_wconf 92' lang='lat'>;</span> <span class='ocrx_word' id='word_1_223' title='bbox 1125 3449 1226 3522; x_wconf 89' lang='lat' dir='ltr'>locus</span> <span class='ocrx_word' id='word_1_224' title='bbox 1238 3448 1274 3520; x_wconf 92' lang='lat' dir='ltr'>in</span> <span class='ocrx_word' id='word_1_225' title='bbox 1284 3470 1355 3544; x_wconf 93' lang='lat' dir='ltr'>quo</span> <span class='ocrx_word' id='word_1_226' title='bbox 1367 3470 1405 3522; x_wconf 92' lang='lat' dir='ltr'>se</span> <span class='ocrx_word' id='word_1_227' title='bbox 1417 3447 1542 3521; x_wconf 87' lang='lat' dir='ltr'>vestiat</span> <span class='ocrx_word' id='word_1_228' title='bbox 1552 3453 1622 3545; x_wconf 91' lang='lat' dir='ltr'>post</span> 
     </span>
     <span class='ocr_line' id='line_1_26' title="bbox 302 3575 790 3664; baseline -0.012 -12"><span class='ocrx_word' id='word_1_229' title='bbox 302 3577 541 3652; x_wconf 87' lang='lat' dir='ltr'>elevationem</span> <span class='ocrx_word' id='word_1_230' title='bbox 559 3575 790 3664; x_wconf 89' lang='lat' dir='ltr'>sacramenti,</span> 
     </span>
    </p>

    <p class='ocr_par' dir='ltr' id='par_1_6' title="bbox 347 3699 1134 3797">
     <span class='ocr_line' id='line_1_27' title="bbox 347 3699 1134 3797; baseline -0.003 -23"><span class='ocrx_word' id='word_1_231' title='bbox 347 3704 425 3774; x_wconf 85' lang='lat' dir='ltr'>nuo</span> <span class='ocrx_word' id='word_1_232' title='bbox 441 3701 580 3774; x_wconf 89' lang='lat' dir='ltr'>nobiles</span> <span class='ocrx_word' id='word_1_233' title='bbox 597 3699 739 3790; x_wconf 84' lang='lat' dir='ltr'>armati,</span> <span class='ocrx_word' id='word_1_234' title='bbox 757 3700 815 3796; x_wconf 94' lang='lat' dir='ltr'>qui</span> <span class='ocrx_word' id='word_1_235' title='bbox 837 3699 965 3773; x_wconf 81' lang='lat' dir='ltr'>vexilla</span> <span class='ocrx_word' id='word_1_236' title='bbox 974 3707 1134 3797; x_wconf 90' lang='lat' dir='ltr'>portent,</span> 
     </span>
    </p>

    <p class='ocr_par' dir='ltr' id='par_1_7' title="bbox 304 3805 1713 4046">
     <span class='ocr_line' id='line_1_28' title="bbox 353 3805 1713 3922; baseline -0.003 -24"><span class='ocrx_word' id='word_1_237' title='bbox 353 3823 564 3898; x_wconf 78' lang='lat' dir='ltr'>pontificale</span> <span class='ocrx_word' id='word_1_238' title='bbox 581 3824 617 3896; x_wconf 90' lang='lat' dir='ltr'>in</span> <span class='ocrx_word' id='word_1_239' title='bbox 633 3847 706 3921; x_wconf 94' lang='lat' dir='ltr'>quo</span> <span class='ocrx_word' id='word_1_240' title='bbox 727 3833 811 3898; x_wconf 90' lang='lat' dir='ltr'>sunt</span> <span class='ocrx_word' id='word_1_241' title='bbox 831 3825 1011 3898; x_wconf 90' lang='lat' dir='ltr'>orationes</span> <span class='ocrx_word' id='word_1_242' title='bbox 1034 3848 1100 3922; x_wconf 93' lang='lat' dir='ltr'>pro</span> <span class='ocrx_word' id='word_1_243' title='bbox 1125 3823 1377 3899; x_wconf 89' lang='lat' dir='ltr'>benedictione</span> <span class='ocrx_word' id='word_1_244' title='bbox 1394 3831 1430 3896; x_wconf 88' lang='lat' dir='ltr'>et</span> <span class='ocrx_word' id='word_1_245' title='bbox 1446 3823 1624 3897; x_wconf 86' lang='lat' dir='ltr'>traditione</span> <span class='ocrx_word' id='word_1_246' title='bbox 1712 3805 1713 3844; x_wconf 74' lang='lat'>³</span> 
     </span>
     <span class='ocr_line' id='line_1_29' title="bbox 304 3947 1400 4046; baseline 0.005 -28"><span class='ocrx_word' id='word_1_247' title='bbox 304 3947 537 4038; x_wconf 69' lang='lat' dir='ltr'>vexillorum</span> <span class='ocrx_word' id='word_1_248' title='bbox 556 3972 649 4044; x_wconf 89' lang='lat' dir='ltr'>aqua</span> <span class='ocrx_word' id='word_1_249' title='bbox 664 3949 855 4024; x_wconf 89' lang='lat' dir='ltr'>benedicta</span> <span class='ocrx_word' id='word_1_250' title='bbox 870 3972 953 4022; x_wconf 91' lang='lat' dir='ltr'>cum</span> <span class='ocrx_word' id='word_1_251' title='bbox 967 3949 1170 4046; x_wconf 90' lang='lat' dir='ltr'>aspersorio</span> <span class='ocrx_word' id='word_1_252' title='bbox 1184 3973 1191 4036; x_wconf 92' lang='lat'>;</span> <span class='ocrx_word' id='word_1_253' title='bbox 1210 3949 1400 4024; x_wconf 73' lang='lat' dir='ltr'>tubicines,</span> 
     </span>
    </p>

    <p class='ocr_par' dir='ltr' id='par_1_8' title="bbox 304 4073 1625 4400">
     <span class='ocr_line' id='line_1_30' title="bbox 354 4073 1623 4175; baseline 0.004 -31"><span class='ocrx_word' id='word_1_254' title='bbox 354 4075 391 4144; x_wconf 88' lang='lat' dir='ltr'>ln</span> <span class='ocrx_word' id='word_1_255' title='bbox 407 4077 513 4146; x_wconf 89' lang='lat' dir='ltr'>nocte</span> <span class='ocrx_word' id='word_1_256' title='bbox 530 4074 695 4168; x_wconf 90' lang='lat' dir='ltr'>sequenti</span> <span class='ocrx_word' id='word_1_257' title='bbox 711 4073 806 4147; x_wconf 92' lang='lat' dir='ltr'>dicte</span> <span class='ocrx_word' id='word_1_258' title='bbox 827 4073 896 4148; x_wconf 92' lang='lat' dir='ltr'>diei</span> <span class='ocrx_word' id='word_1_259' title='bbox 919 4078 965 4147; x_wconf 88' lang='lat'>30</span> <span class='ocrx_word' id='word_1_260' title='bbox 985 4075 1203 4164; x_wconf 89' lang='lat' dir='ltr'>novembris,</span> <span class='ocrx_word' id='word_1_261' title='bbox 1220 4077 1448 4150; x_wconf 89' lang='lat' dir='ltr'>combustum</span> <span class='ocrx_word' id='word_1_262' title='bbox 1464 4079 1527 4150; x_wconf 86' lang='lat' dir='ltr'>luit</span> <span class='ocrx_word' id='word_1_263' title='bbox 1541 4077 1623 4175; x_wconf 86' lang='lat' dir='ltr'>pala-</span> 
     </span>
     <span class='ocr_line' id='line_1_31' title="bbox 304 4197 1625 4298; baseline 0.001 -28"><span class='ocrx_word' id='word_1_264' title='bbox 304 4197 392 4270; x_wconf 92' lang='lat' dir='ltr'>tium</span> <span class='ocrx_word' id='word_1_265' title='bbox 412 4201 507 4294; x_wconf 85' lang='lat' dir='ltr'>Mag.</span> <span class='ocrx_word' id='word_1_266' title='bbox 534 4198 687 4294; x_wconf 89' lang='lat' dir='ltr'>Virginii</span> <span class='ocrx_word' id='word_1_267' title='bbox 711 4198 756 4270; x_wconf 91' lang='lat' dir='ltr'>de</span> <span class='ocrx_word' id='word_1_268' title='bbox 780 4197 917 4272; x_wconf 91' lang='lat' dir='ltr'>Ursinis</span> <span class='ocrx_word' id='word_1_269' title='bbox 943 4197 980 4270; x_wconf 92' lang='lat' dir='ltr'>in</span> <span class='ocrx_word' id='word_1_270' title='bbox 1003 4210 1127 4274; x_wconf 89' lang='lat' dir='ltr'>monle</span> <span class='ocrx_word' id='word_1_271' title='bbox 1151 4201 1309 4276; x_wconf 81' lang='lat' dir='ltr'>iordane</span> <span class='ocrx_word' id='word_1_272' title='bbox 1332 4203 1378 4277; x_wconf 91' lang='lat' dir='ltr'>de</span> <span class='ocrx_word' id='word_1_273' title='bbox 1403 4204 1513 4293; x_wconf 88' lang='lat' dir='ltr'>Urbe,</span> <span class='ocrx_word' id='word_1_274' title='bbox 1541 4198 1625 4298; x_wconf 94' lang='lat' dir='ltr'>quod</span> 
     </span>
     <span class='ocr_line' id='line_1_32' title="bbox 304 4323 1145 4400; baseline 0.006 -5"><span class='ocrx_word' id='word_1_275' title='bbox 304 4325 429 4396; x_wconf 89' lang='lat' dir='ltr'>Rmus.</span> <span class='ocrx_word' id='word_1_276' title='bbox 450 4326 492 4396; x_wconf 87' lang='lat' dir='ltr'>[t.</span> <span class='ocrx_word' id='word_1_277' title='bbox 510 4323 556 4397; x_wconf 90' lang='lat' dir='ltr'>de</span> <span class='ocrx_word' id='word_1_278' title='bbox 568 4323 706 4395; x_wconf 87' lang='lat' dir='ltr'>Ursinis</span> <span class='ocrx_word' id='word_1_279' title='bbox 727 4323 912 4396; x_wconf 90' lang='lat' dir='ltr'>consuevit</span> <span class='ocrx_word' id='word_1_280' title='bbox 928 4323 1145 4400; x_wconf 87' lang='lat' dir='ltr'>inhabitare.</span> 
     </span>
    </p>

    <p class='ocr_par' dir='ltr' id='par_1_9' title="bbox 306 4445 1623 4924">
     <span class='ocr_line' id='line_1_33' title="bbox 354 4445 1623 4550; baseline 0.002 -30"><span class='ocrx_word' id='word_1_281' title='bbox 354 4447 544 4521; x_wconf 88' lang='lat' dir='ltr'>Dominica</span> <span class='ocrx_word' id='word_1_282' title='bbox 569 4447 730 4520; x_wconf 87' lang='lat' dir='ltr'>secunda</span> <span class='ocrx_word' id='word_1_283' title='bbox 744 4445 929 4538; x_wconf 87' lang='lat' dir='ltr'>adventus,</span> <span class='ocrx_word' id='word_1_284' title='bbox 949 4453 970 4519; x_wconf 80' lang='grc' dir='ltr'>ί(</span> <span class='ocrx_word' id='word_1_285' title='bbox 987 4450 1126 4522; x_wconf 90' lang='lat' dir='ltr'>mensis</span> <span class='ocrx_word' id='word_1_286' title='bbox 1142 4453 1359 4542; x_wconf 90' lang='lat' dir='ltr'>decembris,</span> <span class='ocrx_word' id='word_1_287' title='bbox 1377 4453 1442 4526; x_wconf 86' lang='lat' dir='ltr'>luit</span> <span class='ocrx_word' id='word_1_288' title='bbox 1456 4453 1623 4550; x_wconf 88' lang='lat' dir='ltr'>publicum</span> 
     </span>
     <span class='ocr_line' id='line_1_34' title="bbox 306 4571 1623 4676; baseline 0 -30"><span class='ocrx_word' id='word_1_289' title='bbox 306 4573 571 4646; x_wconf 88' lang='lat' dir='ltr'>consistorium.</span> <span class='ocrx_word' id='word_1_290' title='bbox 615 4575 655 4644; x_wconf 87' lang='lat' dir='ltr'>R.</span> <span class='ocrx_word' id='word_1_291' title='bbox 691 4575 729 4644; x_wconf 85' lang='lat' dir='ltr'>P.</span> <span class='ocrx_word' id='word_1_292' title='bbox 765 4575 806 4644; x_wconf 85' lang='lat' dir='ltr'>D.</span> <span class='ocrx_word' id='word_1_293' title='bbox 839 4571 1003 4646; x_wconf 90' lang='lat' dir='ltr'>Tiberius</span> <span class='ocrx_word' id='word_1_294' title='bbox 1036 4576 1329 4675; x_wconf 87' lang='lat' dir='ltr'>archiepiscopus</span> <span class='ocrx_word' id='word_1_295' title='bbox 1352 4579 1559 4676; x_wconf 81' lang='lat' dir='ltr'>sipontinus</span> <span class='ocrx_word' id='word_1_296' title='bbox 1587 4574 1623 4673; x_wconf 78' lang='lat' dir='ltr'>(l)</span> 
     </span>
     <span class='ocr_line' id='line_1_35' title="bbox 308 4697 1622 4804; baseline 0 -32"><span class='ocrx_word' id='word_1_297' title='bbox 308 4698 499 4804; x_wconf 85' lang='lat' dir='ltr'>celebravit</span> <span class='ocrx_word' id='word_1_298' title='bbox 513 4697 662 4772; x_wconf 90' lang='lat' dir='ltr'>missam</span> <span class='ocrx_word' id='word_1_299' title='bbox 679 4697 861 4796; x_wconf 87' lang='lat' dir='ltr'>publicam</span> <span class='ocrx_word' id='word_1_300' title='bbox 877 4697 914 4770; x_wconf 90' lang='lat' dir='ltr'>in</span> <span class='ocrx_word' id='word_1_301' title='bbox 930 4699 1068 4796; x_wconf 90' lang='lat' dir='ltr'>capella</span> <span class='ocrx_word' id='word_1_302' title='bbox 1083 4704 1221 4800; x_wconf 89' lang='lat' dir='ltr'>majore</span> <span class='ocrx_word' id='word_1_303' title='bbox 1237 4703 1359 4800; x_wconf 88' lang='lat' dir='ltr'>palatii</span> <span class='ocrx_word' id='word_1_304' title='bbox 1374 4702 1558 4800; x_wconf 88' lang='lat' dir='ltr'>apostolici</span> <span class='ocrx_word' id='word_1_305' title='bbox 1572 4723 1622 4774; x_wconf 93' lang='lat' dir='ltr'>ce·</span> 
     </span>
     <span class='ocr_line' id='line_1_36' title="bbox 309 4825 1606 4924; baseline 0.001 -30"><span class='ocrx_word' id='word_1_306' title='bbox 309 4825 479 4897; x_wconf 84' lang='lat' dir='ltr'>rameniis</span> <span class='ocrx_word' id='word_1_307' title='bbox 494 4825 692 4900; x_wconf 90' lang='lat' dir='ltr'>consuetis.</span> <span class='ocrx_word' id='word_1_308' title='bbox 712 4827 925 4898; x_wconf 91' lang='lat' dir='ltr'>Sermonem</span> <span class='ocrx_word' id='word_1_309' title='bbox 942 4825 1028 4900; x_wconf 89' lang='lat' dir='ltr'>lecit</span> <span class='ocrx_word' id='word_1_310' title='bbox 1043 4837 1256 4924; x_wconf 89' lang='lat' dir='ltr'>procurater</span> <span class='ocrx_word' id='word_1_311' title='bbox 1271 4829 1407 4903; x_wconf 91' lang='lat' dir='ltr'>ordinis</span> <span class='ocrx_word' id='word_1_312' title='bbox 1423 4831 1606 4904; x_wconf 90' lang='lat' dir='ltr'>minorum.</span> 
     </span>
    </p>
   </div>
   <div class='ocr_carea' id='block_1_3' title="bbox 307 4989 1613 5169">
    <p class='ocr_par' dir='ltr' id='par_1_10' title="bbox 307 4989 1613 5169">
     <span class='ocr_line' id='line_1_37' title="bbox 344 4989 1613 5092; baseline 0.009 -26"><span class='ocrx_word' id='word_1_313' title='bbox 344 5013 368 5066; x_wconf 88' lang='lat' dir='ltr'>l.</span> <span class='ocrx_word' id='word_1_314' title='bbox 389 5009 494 5076; x_wconf 80' lang='lat' dir='ltr'>Tibere,</span> <span class='ocrx_word' id='word_1_315' title='bbox 516 5009 684 5084; x_wconf 83' lang='lat' dir='ltr'>urclreveque</span> <span class='ocrx_word' id='word_1_316' title='bbox 696 5010 729 5066; x_wconf 87' lang='lat' dir='ltr'>de</span> <span class='ocrx_word' id='word_1_317' title='bbox 744 5009 870 5084; x_wconf 88' lang='lat' dir='ltr'>Sipunte,</span> <span class='ocrx_word' id='word_1_318' title='bbox 885 5003 951 5068; x_wconf 76' lang='lat' dir='ltr'>aar</span> <span class='ocrx_word' id='word_1_319' title='bbox 964 5012 987 5068; x_wconf 91' lang='lat' dir='ltr'>le</span> <span class='ocrx_word' id='word_1_320' title='bbox 1002 5030 1087 5070; x_wconf 89' lang='lat' dir='ltr'>neven</span> <span class='ocrx_word' id='word_1_321' title='bbox 1100 5015 1136 5071; x_wconf 91' lang='lat' dir='ltr'>du</span> <span class='ocrx_word' id='word_1_322' title='bbox 1151 5015 1271 5072; x_wconf 88' lang='lat' dir='ltr'>cardinal</span> <span class='ocrx_word' id='word_1_323' title='bbox 1285 5017 1408 5073; x_wconf 88' lang='lat' dir='ltr'>Nardini.</span> <span class='ocrx_word' id='word_1_324' title='bbox 1425 4989 1495 5092; x_wconf 67' lang='lat' dir='ltr'>vop.</span> <span class='ocrx_word' id='word_1_325' title='bbox 1509 5012 1613 5091; x_wconf 73' lang='lat' dir='ltr'>ughelli.</span> 
     </span>
     <span class='ocr_line' id='line_1_38' title="bbox 307 5099 548 5169; baseline -0.008 -15"><span class='ocrx_word' id='word_1_326' title='bbox 307 5106 327 5155; x_wconf 89' lang='lat' dir='ltr'>t.</span> <span class='ocrx_word' id='word_1_327' title='bbox 347 5099 404 5169; x_wconf 86' lang='lat' dir='ltr'>llll,</span> <span class='ocrx_word' id='word_1_328' title='bbox 419 5099 470 5156; x_wconf 90' lang='lat' dir='ltr'>col.</span> <span class='ocrx_word' id='word_1_329' title='bbox 485 5101 548 5156; x_wconf 82' lang='lat'>858.</span> 
     </span>
    </p>
   </div>
   <div class='ocr_carea' id='block_1_4' title="bbox 0 0 1749 6036">
    <p class='ocr_par' dir='ltr' id='par_1_11' title="bbox 0 0 1749 6036">
     <span class='ocr_line' id='line_1_39' title="bbox 0 0 1749 6036; baseline 0 0"><span class='ocrx_word' id='word_1_330' title='bbox 0 0 1749 6036; x_wconf 95' lang='lat' dir='ltr'> </span> 
     </span>
    </p>
   </div>
  </div>
 </body>
</html>
