<?xml version="1.0" encoding="UTF-8"?>
<!DOCTYPE html PUBLIC "-//W3C//DTD XHTML 1.0 Transitional//EN"
    "http://www.w3.org/TR/xhtml1/DTD/xhtml1-transitional.dtd">
<html xmlns="http://www.w3.org/1999/xhtml" xml:lang="en" lang="en">
 <head>
  <title>
</title>
<meta http-equiv="Content-Type" content="text/html;charset=utf-8" />
  <meta name='ocr-system' content='tesseract 3.04.00' />
  <meta name='ocr-capabilities' content='ocr_page ocr_carea ocr_par ocr_line ocrx_word'/>
</head>
<body>
  <div class='ocr_page' id='page_1' title='image "./johannisburchar02burcgoog/johannisburchar02burcgoog_0073.png"; bbox 0 0 3600 6094; ppageno 0'>
   <div class='ocr_carea' id='block_1_1' title="bbox 356 490 1674 566">
    <p class='ocr_par' dir='ltr' id='par_1_1' title="bbox 356 490 1674 566">
     <span class='ocr_line' id='line_1_1' title="bbox 356 490 1674 566; baseline 0.002 -16"><span class='ocrx_word' id='word_1_1' title='bbox 356 507 393 564; x_wconf 70' lang='grc' dir='ltr'>ω</span> <span class='ocrx_word' id='word_1_2' title='bbox 813 493 988 554; x_wconf 79' lang='lat' dir='ltr'>JoHaNms</span> <span class='ocrx_word' id='word_1_3' title='bbox 1013 490 1235 563; x_wconf 77' lang='lat' dir='ltr'>BURCHARDI,</span> <span class='ocrx_word' id='word_1_4' title='bbox 1523 497 1602 562; x_wconf 79' lang='lat' dir='ltr'>[nont</span> <span class='ocrx_word' id='word_1_5' title='bbox 1617 501 1674 566; x_wconf 66' lang='lat' dir='ltr'>tur]</span> 
     </span>
    </p>
   </div>
   <div class='ocr_carea' id='block_1_2' title="bbox 301 646 1775 5258">
    <p class='ocr_par' dir='ltr' id='par_1_2' title="bbox 358 646 1772 3255">
     <span class='ocr_line' id='line_1_2' title="bbox 358 646 1676 755; baseline -0.002 -24"><span class='ocrx_word' id='word_1_6' title='bbox 358 656 527 755; x_wconf 75' lang='lat' dir='ltr'>receptis.</span> <span class='ocrx_word' id='word_1_7' title='bbox 557 651 796 732; x_wconf 87' lang='lat' dir='ltr'>Paralrenarii</span> <span class='ocrx_word' id='word_1_8' title='bbox 819 651 875 725; x_wconf 92' lang='lat' dir='ltr'>vel</span> <span class='ocrx_word' id='word_1_9' title='bbox 899 649 958 723; x_wconf 88' lang='lat' dir='ltr'>olii</span> <span class='ocrx_word' id='word_1_10' title='bbox 985 648 1177 725; x_wconf 77' lang='lat' dir='ltr'><strong>servitores</strong></span> <span class='ocrx_word' id='word_1_11' title='bbox 1197 646 1431 722; x_wconf 76' lang='lat' dir='ltr'><strong>cardinalium</strong></span> <span class='ocrx_word' id='word_1_12' title='bbox 1452 651 1676 746; x_wconf 74' lang='lat' dir='ltr'>expectabant</span> 
     </span>
     <span class='ocr_line' id='line_1_3' title="bbox 359 772 1677 873; baseline -0.004 -16"><span class='ocrx_word' id='word_1_13' title='bbox 359 783 458 858; x_wconf 89' lang='lat' dir='ltr'>circa</span> <span class='ocrx_word' id='word_1_14' title='bbox 476 781 674 856; x_wconf 90' lang='lat' dir='ltr'>secundam</span> <span class='ocrx_word' id='word_1_15' title='bbox 693 777 894 860; x_wconf 71' lang='lat' dir='ltr'>custodiam</span> <span class='ocrx_word' id='word_1_16' title='bbox 917 775 955 848; x_wconf 88' lang='lat' dir='ltr'>in</span> <span class='ocrx_word' id='word_1_17' title='bbox 974 798 1080 848; x_wconf 90' lang='lat' dir='ltr'>mane</span> <span class='ocrx_word' id='word_1_18' title='bbox 1101 779 1137 847; x_wconf 91' lang='lat' dir='ltr'>et</span> <span class='ocrx_word' id='word_1_19' title='bbox 1156 796 1252 862; x_wconf 87' lang='lat' dir='ltr'>sero,</span> <span class='ocrx_word' id='word_1_20' title='bbox 1277 772 1337 868; x_wconf 91' lang='lat' dir='ltr'>qui</span> <span class='ocrx_word' id='word_1_21' title='bbox 1357 772 1607 850; x_wconf 86' lang='lat' dir='ltr'>arvisabantur</span> <span class='ocrx_word' id='word_1_22' title='bbox 1623 801 1677 873; x_wconf 90' lang='lat' dir='ltr'>per</span> 
     </span>
     <span class='ocr_line' id='line_1_4' title="bbox 359 897 1772 998; baseline -0.006 -15"><span class='ocrx_word' id='word_1_23' title='bbox 359 933 426 982; x_wconf 89' lang='lat' dir='ltr'>nos</span> <span class='ocrx_word' id='word_1_24' title='bbox 442 914 479 982; x_wconf 91' lang='lat' dir='ltr'>et</span> <span class='ocrx_word' id='word_1_25' title='bbox 493 906 663 982; x_wconf 83' lang='lat' dir='ltr'>custodes</span> <span class='ocrx_word' id='word_1_26' title='bbox 682 904 726 978; x_wconf 91' lang='lat' dir='ltr'>de</span> <span class='ocrx_word' id='word_1_27' title='bbox 746 904 850 992; x_wconf 90' lang='lat' dir='ltr'>bora,</span> <span class='ocrx_word' id='word_1_28' title='bbox 872 901 1014 998; x_wconf 91' lang='lat' dir='ltr'>quando</span> <span class='ocrx_word' id='word_1_29' title='bbox 1033 897 1168 974; x_wconf 90' lang='lat' dir='ltr'>cibaria</span> <span class='ocrx_word' id='word_1_30' title='bbox 1189 897 1364 996; x_wconf 86' lang='lat' dir='ltr'>portanda</span> <span class='ocrx_word' id='word_1_31' title='bbox 1384 904 1519 990; x_wconf 90' lang='lat' dir='ltr'>esseut,</span> <span class='ocrx_word' id='word_1_32' title='bbox 1542 905 1579 974; x_wconf 90' lang='lat' dir='ltr'>et</span> <span class='ocrx_word' id='word_1_33' title='bbox 1597 903 1678 974; x_wconf 82' lang='lat' dir='ltr'>aui·</span> <span class='ocrx_word' id='word_1_34' title='bbox 1771 931 1772 940; x_wconf 48' lang='lat'>¹</span> 
     </span>
     <span class='ocr_line' id='line_1_5' title="bbox 361 1022 1678 1130; baseline -0.005 -22"><span class='ocrx_word' id='word_1_35' title='bbox 361 1034 427 1108; x_wconf 89' lang='lat' dir='ltr'>sati</span> <span class='ocrx_word' id='word_1_36' title='bbox 456 1031 660 1130; x_wconf 89' lang='lat' dir='ltr'>portabant,</span> <span class='ocrx_word' id='word_1_37' title='bbox 692 1034 729 1102; x_wconf 91' lang='lat' dir='ltr'>et</span> <span class='ocrx_word' id='word_1_38' title='bbox 756 1050 830 1100; x_wconf 91' lang='lat' dir='ltr'>non</span> <span class='ocrx_word' id='word_1_39' title='bbox 858 1025 969 1122; x_wconf 92' lang='lat' dir='ltr'>prius.</span> <span class='ocrx_word' id='word_1_40' title='bbox 998 1027 1087 1098; x_wconf 89' lang='lat' dir='ltr'>Nam</span> <span class='ocrx_word' id='word_1_41' title='bbox 1113 1023 1205 1097; x_wconf 90' lang='lat' dir='ltr'>hora</span> <span class='ocrx_word' id='word_1_42' title='bbox 1233 1022 1337 1096; x_wconf 81' lang='lat' dir='ltr'>firma</span> <span class='ocrx_word' id='word_1_43' title='bbox 1364 1046 1439 1096; x_wconf 90' lang='lat' dir='ltr'>non</span> <span class='ocrx_word' id='word_1_44' title='bbox 1468 1029 1609 1120; x_wconf 90' lang='lat' dir='ltr'>poterat</span> <span class='ocrx_word' id='word_1_45' title='bbox 1635 1027 1678 1102; x_wconf 92' lang='lat' dir='ltr'>eis</span> 
     </span>
     <span class='ocr_line' id='line_1_6' title="bbox 361 1149 1679 1256; baseline -0.005 -22"><span class='ocrx_word' id='word_1_46' title='bbox 361 1157 535 1256; x_wconf 87' lang='lat' dir='ltr'>assignari</span> <span class='ocrx_word' id='word_1_47' title='bbox 551 1181 595 1231; x_wconf 84' lang='lat' dir='ltr'>err</span> <span class='ocrx_word' id='word_1_48' title='bbox 610 1179 667 1246; x_wconf 89' lang='lat' dir='ltr'>eo,</span> <span class='ocrx_word' id='word_1_49' title='bbox 686 1153 782 1252; x_wconf 93' lang='lat' dir='ltr'>quod</span> <span class='ocrx_word' id='word_1_50' title='bbox 795 1151 995 1226; x_wconf 76' lang='lat' dir='ltr'>cardinales</span> <span class='ocrx_word' id='word_1_51' title='bbox 1011 1150 1200 1246; x_wconf 89' lang='lat' dir='ltr'>aliquando</span> <span class='ocrx_word' id='word_1_52' title='bbox 1217 1149 1334 1240; x_wconf 80' lang='lat' dir='ltr'>citius,</span> <span class='ocrx_word' id='word_1_53' title='bbox 1353 1150 1544 1247; x_wconf 88' lang='lat' dir='ltr'>aliquando</span> <span class='ocrx_word' id='word_1_54' title='bbox 1557 1154 1679 1228; x_wconf 88' lang='lat' dir='ltr'>tardius</span> 
     </span>
     <span class='ocr_line' id='line_1_7' title="bbox 361 1275 1680 1378; baseline -0.003 -20"><span class='ocrx_word' id='word_1_55' title='bbox 361 1309 438 1358; x_wconf 91' lang='lat' dir='ltr'>rem</span> <span class='ocrx_word' id='word_1_56' title='bbox 467 1307 569 1356; x_wconf 89' lang='lat' dir='ltr'>suam</span> <span class='ocrx_word' id='word_1_57' title='bbox 598 1279 854 1378; x_wconf 80' lang='lat' dir='ltr'>expediebant3</span> <span class='ocrx_word' id='word_1_58' title='bbox 891 1277 1058 1351; x_wconf 87' lang='lat' dir='ltr'>custodes</span> <span class='ocrx_word' id='word_1_59' title='bbox 1083 1275 1336 1373; x_wconf 86' lang='lat' dir='ltr'>predictinon</span> <span class='ocrx_word' id='word_1_60' title='bbox 1365 1276 1556 1352; x_wconf 89' lang='lat' dir='ltr'>servabant</span> <span class='ocrx_word' id='word_1_61' title='bbox 1583 1279 1680 1354; x_wconf 90' lang='lat' dir='ltr'>alium</span> 
     </span>
     <span class='ocr_line' id='line_1_8' title="bbox 362 1399 1681 1503; baseline -0.001 -21"><span class='ocrx_word' id='word_1_62' title='bbox 362 1400 526 1484; x_wconf 85' lang='lat' dir='ltr'>ordinem</span> <span class='ocrx_word' id='word_1_63' title='bbox 554 1408 591 1480; x_wconf 92' lang='lat' dir='ltr'>in</span> <span class='ocrx_word' id='word_1_64' title='bbox 616 1403 831 1503; x_wconf 88' lang='lat' dir='ltr'>incipiendis</span> <span class='ocrx_word' id='word_1_65' title='bbox 854 1401 998 1478; x_wconf 87' lang='lat' dir='ltr'>cibariis</span> <span class='ocrx_word' id='word_1_66' title='bbox 1021 1399 1206 1498; x_wconf 88' lang='lat' dir='ltr'>predictis,</span> <span class='ocrx_word' id='word_1_67' title='bbox 1234 1401 1299 1474; x_wconf 93' lang='lat' dir='ltr'>sed</span> <span class='ocrx_word' id='word_1_68' title='bbox 1322 1403 1381 1498; x_wconf 92' lang='lat' dir='ltr'>qui</span> <span class='ocrx_word' id='word_1_69' title='bbox 1408 1404 1508 1500; x_wconf 87' lang='lat' dir='ltr'>prior</span> <span class='ocrx_word' id='word_1_70' title='bbox 1527 1405 1681 1481; x_wconf 84' lang='lat' dir='ltr'>veniebat</span> 
     </span>
     <span class='ocr_line' id='line_1_9' title="bbox 362 1525 1679 1626; baseline -0.004 -18"><span class='ocrx_word' id='word_1_71' title='bbox 362 1558 446 1608; x_wconf 89' lang='lat' dir='ltr'>cum</span> <span class='ocrx_word' id='word_1_72' title='bbox 470 1531 627 1624; x_wconf 76' lang='lat' dir='ltr'>cibariiS,</span> <span class='ocrx_word' id='word_1_73' title='bbox 660 1531 761 1604; x_wconf 93' lang='lat' dir='ltr'>illum</span> <span class='ocrx_word' id='word_1_74' title='bbox 789 1528 907 1626; x_wconf 91' lang='lat' dir='ltr'>primo</span> <span class='ocrx_word' id='word_1_75' title='bbox 932 1525 1175 1615; x_wconf 82' lang='lat' dir='ltr'>remittebant,</span> <span class='ocrx_word' id='word_1_76' title='bbox 1212 1525 1284 1600; x_wconf 85' lang='lat' dir='ltr'>sive</span> <span class='ocrx_word' id='word_1_77' title='bbox 1317 1527 1424 1623; x_wconf 93' lang='lat' dir='ltr'>primi</span> <span class='ocrx_word' id='word_1_78' title='bbox 1459 1529 1531 1603; x_wconf 83' lang='lat' dir='ltr'>sive</span> <span class='ocrx_word' id='word_1_79' title='bbox 1562 1531 1679 1621; x_wconf 90' lang='lat' dir='ltr'>ultimi,</span> 
     </span>
     <span class='ocr_line' id='line_1_10' title="bbox 362 1650 1682 1756; baseline -0.005 -20"><span class='ocrx_word' id='word_1_80' title='bbox 362 1665 422 1752; x_wconf 88' lang='lat' dir='ltr'>aut</span> <span class='ocrx_word' id='word_1_81' title='bbox 458 1661 720 1756; x_wconf 88' lang='lat' dir='ltr'>cujuscumque</span> <span class='ocrx_word' id='word_1_82' title='bbox 759 1652 950 1728; x_wconf 88' lang='lat' dir='ltr'>cardinalis</span> <span class='ocrx_word' id='word_1_83' title='bbox 991 1650 1177 1724; x_wconf 82' lang='lat' dir='ltr'>familiaris</span> <span class='ocrx_word' id='word_1_84' title='bbox 1216 1658 1330 1742; x_wconf 90' lang='lat' dir='ltr'>esset;</span> <span class='ocrx_word' id='word_1_85' title='bbox 1373 1654 1482 1728; x_wconf 88' lang='lat' dir='ltr'>iidem</span> <span class='ocrx_word' id='word_1_86' title='bbox 1524 1657 1682 1730; x_wconf 83' lang='lat' dir='ltr'>custodes</span> 
     </span>
     <span class='ocr_line' id='line_1_11' title="bbox 361 1777 1683 1884; baseline -0.003 -26"><span class='ocrx_word' id='word_1_87' title='bbox 361 1791 488 1884; x_wconf 88' lang='lat' dir='ltr'>quarte</span> <span class='ocrx_word' id='word_1_88' title='bbox 508 1781 671 1856; x_wconf 89' lang='lat' dir='ltr'>custodie</span> <span class='ocrx_word' id='word_1_89' title='bbox 697 1779 845 1877; x_wconf 86' lang='lat' dir='ltr'>singulis</span> <span class='ocrx_word' id='word_1_90' title='bbox 867 1779 993 1852; x_wconf 93' lang='lat' dir='ltr'>diebus</span> <span class='ocrx_word' id='word_1_91' title='bbox 1015 1777 1104 1852; x_wconf 92' lang='lat' dir='ltr'>duos</span> <span class='ocrx_word' id='word_1_92' title='bbox 1124 1777 1219 1852; x_wconf 89' lang='lat' dir='ltr'>iuter</span> <span class='ocrx_word' id='word_1_93' title='bbox 1242 1800 1306 1851; x_wconf 92' lang='lat' dir='ltr'>eos</span> <span class='ocrx_word' id='word_1_94' title='bbox 1327 1778 1562 1875; x_wconf 88' lang='lat' dir='ltr'>deputabant,</span> <span class='ocrx_word' id='word_1_95' title='bbox 1585 1806 1683 1854; x_wconf 88' lang='lat' dir='ltr'>unum</span> 
     </span>
     <span class='ocr_line' id='line_1_12' title="bbox 363 1901 1682 2007; baseline -0.002 -25"><span class='ocrx_word' id='word_1_96' title='bbox 363 1933 429 2007; x_wconf 91' lang='lat' dir='ltr'>pro</span> <span class='ocrx_word' id='word_1_97' title='bbox 444 1906 594 2006; x_wconf 90' lang='lat' dir='ltr'>prandio</span> <span class='ocrx_word' id='word_1_98' title='bbox 615 1912 651 1980; x_wconf 90' lang='lat' dir='ltr'>et</span> <span class='ocrx_word' id='word_1_99' title='bbox 669 1905 778 1980; x_wconf 90' lang='lat' dir='ltr'>alium</span> <span class='ocrx_word' id='word_1_100' title='bbox 797 1927 863 2002; x_wconf 94' lang='lat' dir='ltr'>pro</span> <span class='ocrx_word' id='word_1_101' title='bbox 879 1926 984 1994; x_wconf 87' lang='lat' dir='ltr'>cena,</span> <span class='ocrx_word' id='word_1_102' title='bbox 1003 1902 1064 1998; x_wconf 93' lang='lat' dir='ltr'>qui</span> <span class='ocrx_word' id='word_1_103' title='bbox 1086 1901 1222 1978; x_wconf 89' lang='lat' dir='ltr'>cibaria</span> <span class='ocrx_word' id='word_1_104' title='bbox 1241 1903 1494 2000; x_wconf 90' lang='lat' dir='ltr'>perspiciebat,</span> <span class='ocrx_word' id='word_1_105' title='bbox 1514 1911 1682 2003; x_wconf 88' lang='lat' dir='ltr'>utsupra,</span> 
     </span>
     <span class='ocr_line' id='line_1_13' title="bbox 364 2028 1684 2128; baseline -0.004 -18"><span class='ocrx_word' id='word_1_106' title='bbox 364 2033 442 2110; x_wconf 89' lang='lat' dir='ltr'>aliis</span> <span class='ocrx_word' id='word_1_107' title='bbox 459 2032 527 2108; x_wconf 88' lang='lat' dir='ltr'>sibi</span> <span class='ocrx_word' id='word_1_108' title='bbox 539 2029 802 2108; x_wconf 84' lang='lat' dir='ltr'>assistentibus.</span> <span class='ocrx_word' id='word_1_109' title='bbox 820 2029 944 2104; x_wconf 89' lang='lat' dir='ltr'>Nullus</span> <span class='ocrx_word' id='word_1_110' title='bbox 964 2028 1262 2102; x_wconf 89' lang='lat' dir='ltr'>conclavistarum</span> <span class='ocrx_word' id='word_1_111' title='bbox 1281 2051 1510 2125; x_wconf 90' lang='lat' dir='ltr'>quocumque</span> <span class='ocrx_word' id='word_1_112' title='bbox 1530 2035 1684 2128; x_wconf 88' lang='lat' dir='ltr'>ternpore</span> 
     </span>
     <span class='ocr_line' id='line_1_14' title="bbox 364 2153 1684 2254; baseline -0.003 -21"><span class='ocrx_word' id='word_1_113' title='bbox 364 2163 424 2234; x_wconf 90' lang='lat' dir='ltr'>aut</span> <span class='ocrx_word' id='word_1_114' title='bbox 453 2181 495 2232; x_wconf 86' lang='lat' dir='ltr'>ex</span> <span class='ocrx_word' id='word_1_115' title='bbox 529 2155 652 2253; x_wconf 90' lang='lat' dir='ltr'>quavis</span> <span class='ocrx_word' id='word_1_116' title='bbox 678 2178 787 2230; x_wconf 91' lang='lat' dir='ltr'>causa</span> <span class='ocrx_word' id='word_1_117' title='bbox 820 2153 1077 2228; x_wconf 86' lang='lat' dir='ltr'>admittebatur</span> <span class='ocrx_word' id='word_1_118' title='bbox 1106 2153 1150 2226; x_wconf 90' lang='lat' dir='ltr'>ed</span> <span class='ocrx_word' id='word_1_119' title='bbox 1184 2153 1394 2249; x_wconf 88' lang='lat' dir='ltr'>sportellum</span> <span class='ocrx_word' id='word_1_120' title='bbox 1427 2155 1500 2228; x_wconf 87' lang='lat' dir='ltr'>sive</span> <span class='ocrx_word' id='word_1_121' title='bbox 1530 2163 1684 2254; x_wconf 90' lang='lat' dir='ltr'>apertum</span> 
     </span>
     <span class='ocr_line' id='line_1_15' title="bbox 363 2277 1689 2380; baseline -0.005 -21"><span class='ocrx_word' id='word_1_122' title='bbox 363 2289 464 2380; x_wconf 90' lang='lat' dir='ltr'>esset</span> <span class='ocrx_word' id='word_1_123' title='bbox 480 2283 553 2356; x_wconf 92' lang='lat' dir='ltr'>sive</span> <span class='ocrx_word' id='word_1_124' title='bbox 574 2282 751 2372; x_wconf 92' lang='lat' dir='ltr'>clausum,</span> <span class='ocrx_word' id='word_1_125' title='bbox 774 2278 884 2354; x_wconf 91' lang='lat' dir='ltr'>etiam</span> <span class='ocrx_word' id='word_1_126' title='bbox 903 2279 947 2353; x_wconf 90' lang='lat' dir='ltr'>ad</span> <span class='ocrx_word' id='word_1_127' title='bbox 962 2277 1240 2372; x_wconf 91' lang='lat' dir='ltr'>colloquendum</span> <span class='ocrx_word' id='word_1_128' title='bbox 1254 2301 1336 2351; x_wconf 93' lang='lat' dir='ltr'>cum</span> <span class='ocrx_word' id='word_1_129' title='bbox 1351 2302 1583 2376; x_wconf 91' lang='lat' dir='ltr'>quocumque</span> <span class='ocrx_word' id='word_1_130' title='bbox 1599 2289 1689 2354; x_wconf 83' lang='lat' dir='ltr'>extra</span> 
     </span>
     <span class='ocr_line' id='line_1_16' title="bbox 364 2401 1688 2504; baseline -0.005 -20"><span class='ocrx_word' id='word_1_131' title='bbox 364 2409 540 2485; x_wconf 88' lang='lat' dir='ltr'>existente</span> <span class='ocrx_word' id='word_1_132' title='bbox 561 2407 638 2482; x_wconf 88' lang='lat' dir='ltr'>sine</span> <span class='ocrx_word' id='word_1_133' title='bbox 654 2429 825 2504; x_wconf 89' lang='lat' dir='ltr'>expressa</span> <span class='ocrx_word' id='word_1_134' title='bbox 847 2403 994 2478; x_wconf 91' lang='lat' dir='ltr'>licentia</span> <span class='ocrx_word' id='word_1_135' title='bbox 1012 2402 1174 2498; x_wconf 90' lang='lat' dir='ltr'>collegii;</span> <span class='ocrx_word' id='word_1_136' title='bbox 1195 2401 1224 2474; x_wconf 89' lang='lat' dir='ltr'>si</span> <span class='ocrx_word' id='word_1_137' title='bbox 1246 2401 1363 2498; x_wconf 88' lang='lat' dir='ltr'>alique</span> <span class='ocrx_word' id='word_1_138' title='bbox 1382 2403 1486 2478; x_wconf 92' lang='lat' dir='ltr'>litere</span> <span class='ocrx_word' id='word_1_139' title='bbox 1506 2404 1688 2480; x_wconf 81' lang='lat' dir='ltr'>veniebant</span> 
     </span>
     <span class='ocr_line' id='line_1_17' title="bbox 364 2527 1687 2628; baseline -0.005 -20"><span class='ocrx_word' id='word_1_140' title='bbox 364 2535 410 2608; x_wconf 92' lang='lat' dir='ltr'>ad</span> <span class='ocrx_word' id='word_1_141' title='bbox 439 2533 646 2628; x_wconf 85' lang='lat' dir='ltr'>collegium,</span> <span class='ocrx_word' id='word_1_142' title='bbox 677 2555 747 2627; x_wconf 93' lang='lat' dir='ltr'>que</span> <span class='ocrx_word' id='word_1_143' title='bbox 776 2553 843 2628; x_wconf 89' lang='lat' dir='ltr'>per</span> <span class='ocrx_word' id='word_1_144' title='bbox 866 2529 1032 2602; x_wconf 84' lang='lat' dir='ltr'>fissuram</span> <span class='ocrx_word' id='word_1_145' title='bbox 1067 2527 1226 2624; x_wconf 91' lang='lat' dir='ltr'>sportelli</span> <span class='ocrx_word' id='word_1_146' title='bbox 1264 2527 1377 2626; x_wconf 91' lang='lat' dir='ltr'>recipi</span> <span class='ocrx_word' id='word_1_147' title='bbox 1408 2553 1483 2602; x_wconf 90' lang='lat' dir='ltr'>non</span> <span class='ocrx_word' id='word_1_148' title='bbox 1515 2537 1687 2626; x_wconf 80' lang='lat' dir='ltr'>poteraut,</span> 
     </span>
     <span class='ocr_line' id='line_1_18' title="bbox 365 2647 1688 2757; baseline -0.003 -25"><span class='ocrx_word' id='word_1_149' title='bbox 365 2657 572 2757; x_wconf 88' lang='lat' dir='ltr'>aperuimus</span> <span class='ocrx_word' id='word_1_150' title='bbox 588 2655 812 2754; x_wconf 88' lang='lat' dir='ltr'>sportellum,</span> <span class='ocrx_word' id='word_1_151' title='bbox 830 2660 880 2744; x_wconf 91' lang='lat' dir='ltr'>et,</span> <span class='ocrx_word' id='word_1_152' title='bbox 896 2653 1010 2728; x_wconf 90' lang='lat' dir='ltr'>literis</span> <span class='ocrx_word' id='word_1_153' title='bbox 1029 2653 1197 2750; x_wconf 88' lang='lat' dir='ltr'>receptis,</span> <span class='ocrx_word' id='word_1_154' title='bbox 1217 2653 1288 2728; x_wconf 91' lang='lat' dir='ltr'>cito</span> <span class='ocrx_word' id='word_1_155' title='bbox 1304 2647 1539 2728; x_wconf 72' lang='lat' dir='ltr'>reducimus.</span> <span class='ocrx_word' id='word_1_156' title='bbox 1560 2656 1688 2731; x_wconf 88' lang='lat' dir='ltr'>Literas</span> 
     </span>
     <span class='ocr_line' id='line_1_19' title="bbox 367 2777 1689 2876; baseline -0.005 -18"><span class='ocrx_word' id='word_1_157' title='bbox 367 2789 489 2858; x_wconf 90' lang='lat' dir='ltr'>autem</span> <span class='ocrx_word' id='word_1_158' title='bbox 514 2782 702 2870; x_wconf 88' lang='lat' dir='ltr'>dabamus,</span> <span class='ocrx_word' id='word_1_159' title='bbox 730 2780 869 2876; x_wconf 84' lang='lat' dir='ltr'>collega</span> <span class='ocrx_word' id='word_1_160' title='bbox 892 2801 995 2853; x_wconf 92' lang='lat' dir='ltr'>meus</span> <span class='ocrx_word' id='word_1_161' title='bbox 1018 2777 1074 2850; x_wconf 86' lang='lat' dir='ltr'>vel</span> <span class='ocrx_word' id='word_1_162' title='bbox 1101 2801 1183 2874; x_wconf 88' lang='lat' dir='ltr'>ego,</span> <span class='ocrx_word' id='word_1_163' title='bbox 1209 2778 1363 2875; x_wconf 92' lang='lat' dir='ltr'>collegio</span> <span class='ocrx_word' id='word_1_164' title='bbox 1389 2780 1639 2872; x_wconf 86' lang='lat' dir='ltr'>cardinalium,</span> <span class='ocrx_word' id='word_1_165' title='bbox 1665 2781 1689 2853; x_wconf 88' lang='lat' dir='ltr'>si</span> 
     </span>
     <span class='ocr_line' id='line_1_20' title="bbox 368 2903 1691 2998; baseline -0.005 -15"><span class='ocrx_word' id='word_1_166' title='bbox 368 2907 474 2983; x_wconf 92' lang='lat' dir='ltr'>simul</span> <span class='ocrx_word' id='word_1_167' title='bbox 495 2912 611 2996; x_wconf 89' lang='lat' dir='ltr'>erant,</span> <span class='ocrx_word' id='word_1_168' title='bbox 633 2905 690 2980; x_wconf 91' lang='lat' dir='ltr'>vel</span> <span class='ocrx_word' id='word_1_169' title='bbox 709 2905 918 2980; x_wconf 85' lang='lat' dir='ltr'>dicebamus</span> <span class='ocrx_word' id='word_1_170' title='bbox 938 2904 1050 2978; x_wconf 90' lang='lat' dir='ltr'>tribus</span> <span class='ocrx_word' id='word_1_171' title='bbox 1075 2909 1135 2978; x_wconf 90' lang='lat' dir='ltr'>aut</span> <span class='ocrx_word' id='word_1_172' title='bbox 1154 2909 1309 2998; x_wconf 90' lang='lat' dir='ltr'>quatuor</span> <span class='ocrx_word' id='word_1_173' title='bbox 1323 2903 1566 2978; x_wconf 88' lang='lat' dir='ltr'>cardinalibus</span> <span class='ocrx_word' id='word_1_174' title='bbox 1583 2905 1691 2979; x_wconf 85' lang='lat' dir='ltr'>senio</span> 
     </span>
     <span class='ocr_line' id='line_1_21' title="bbox 367 3028 1688 3130; baseline -0.004 -23"><span class='ocrx_word' id='word_1_175' title='bbox 367 3033 464 3107; x_wconf 88' lang='lat' dir='ltr'>ribus</span> <span class='ocrx_word' id='word_1_176' title='bbox 492 3055 559 3108; x_wconf 92' lang='lat' dir='ltr'>nos</span> <span class='ocrx_word' id='word_1_177' title='bbox 586 3031 709 3106; x_wconf 87' lang='lat' dir='ltr'>literas</span> <span class='ocrx_word' id='word_1_178' title='bbox 731 3030 867 3104; x_wconf 90' lang='lat' dir='ltr'>habere</span> <span class='ocrx_word' id='word_1_179' title='bbox 897 3029 942 3102; x_wconf 91' lang='lat' dir='ltr'>ad</span> <span class='ocrx_word' id='word_1_180' title='bbox 969 3028 1173 3125; x_wconf 83' lang='lat' dir='ltr'>collegium,</span> <span class='ocrx_word' id='word_1_181' title='bbox 1202 3053 1305 3126; x_wconf 88' lang='lat' dir='ltr'>quas,</span> <span class='ocrx_word' id='word_1_182' title='bbox 1330 3029 1361 3104; x_wconf 92' lang='lat' dir='ltr'>si</span> <span class='ocrx_word' id='word_1_183' title='bbox 1380 3031 1555 3130; x_wconf 90' lang='lat' dir='ltr'>placeret,</span> <span class='ocrx_word' id='word_1_184' title='bbox 1584 3031 1688 3105; x_wconf 90' lang='lat' dir='ltr'>daturi</span> 
     </span>
     <span class='ocr_line' id='line_1_22' title="bbox 366 3153 1690 3255; baseline -0.004 -22"><span class='ocrx_word' id='word_1_185' title='bbox 366 3182 528 3234; x_wconf 91' lang='lat' dir='ltr'>essemus</span> <span class='ocrx_word' id='word_1_186' title='bbox 548 3156 660 3255; x_wconf 86' lang='lat' dir='ltr'>priori</span> <span class='ocrx_word' id='word_1_187' title='bbox 686 3156 932 3230; x_wconf 88' lang='lat' dir='ltr'>cardinalium.</span> <span class='ocrx_word' id='word_1_188' title='bbox 953 3155 990 3228; x_wconf 90' lang='lat' dir='ltr'>Si</span> <span class='ocrx_word' id='word_1_189' title='bbox 1012 3153 1092 3250; x_wconf 92' lang='lat' dir='ltr'>quis</span> <span class='ocrx_word' id='word_1_190' title='bbox 1117 3161 1238 3228; x_wconf 90' lang='lat' dir='ltr'>autem</span> <span class='ocrx_word' id='word_1_191' title='bbox 1260 3155 1305 3228; x_wconf 93' lang='lat' dir='ltr'>ab</span> <span class='ocrx_word' id='word_1_192' title='bbox 1326 3161 1427 3230; x_wconf 88' lang='lat' dir='ltr'>extra</span> <span class='ocrx_word' id='word_1_193' title='bbox 1445 3156 1581 3252; x_wconf 86' lang='lat' dir='ltr'>aliquid</span> <span class='ocrx_word' id='word_1_194' title='bbox 1605 3157 1690 3230; x_wconf 90' lang='lat' dir='ltr'>intus</span> 
     </span>
    </p>

    <p class='ocr_par' dir='ltr' id='par_1_3' title="bbox 301 3279 1775 5258">
     <span class='ocr_line' id='line_1_23' title="bbox 365 3279 1691 3378; baseline -0.003 -22"><span class='ocrx_word' id='word_1_195' title='bbox 365 3285 552 3360; x_wconf 81' lang='lat' dir='ltr'>notificare</span> <span class='ocrx_word' id='word_1_196' title='bbox 574 3281 729 3372; x_wconf 91' lang='lat' dir='ltr'>volebat,</span> <span class='ocrx_word' id='word_1_197' title='bbox 754 3282 877 3354; x_wconf 91' lang='lat' dir='ltr'>clauso</span> <span class='ocrx_word' id='word_1_198' title='bbox 901 3280 1073 3378; x_wconf 87' lang='lat' dir='ltr'>sportello</span> <span class='ocrx_word' id='word_1_199' title='bbox 1096 3279 1325 3376; x_wconf 87' lang='lat' dir='ltr'>loquebatur,</span> <span class='ocrx_word' id='word_1_200' title='bbox 1355 3288 1392 3354; x_wconf 93' lang='lat' dir='ltr'>et</span> <span class='ocrx_word' id='word_1_201' title='bbox 1413 3306 1505 3355; x_wconf 90' lang='lat' dir='ltr'>uuus</span> <span class='ocrx_word' id='word_1_202' title='bbox 1528 3305 1574 3356; x_wconf 87' lang='lat' dir='ltr'>ex</span> <span class='ocrx_word' id='word_1_203' title='bbox 1596 3281 1691 3355; x_wconf 91' lang='lat' dir='ltr'>nobis</span> 
     </span>
     <span class='ocr_line' id='line_1_24' title="bbox 301 3379 1691 3501; baseline -0.004 -19"><span class='ocrx_word' id='word_1_204' title='bbox 301 3379 306 3387; x_wconf 30' lang='grc' dir='ltr'>Ι</span> <span class='ocrx_word' id='word_1_205' title='bbox 365 3408 517 3500; x_wconf 91' lang='lat' dir='ltr'>duobus,</span> <span class='ocrx_word' id='word_1_206' title='bbox 541 3431 585 3482; x_wconf 92' lang='lat' dir='ltr'>eo</span> <span class='ocrx_word' id='word_1_207' title='bbox 606 3407 745 3496; x_wconf 89' lang='lat' dir='ltr'>audito,</span> <span class='ocrx_word' id='word_1_208' title='bbox 770 3405 858 3480; x_wconf 90' lang='lat' dir='ltr'>illud</span> <span class='ocrx_word' id='word_1_209' title='bbox 882 3405 1063 3478; x_wconf 79' lang='lat' dir='ltr'>referebat</span> <span class='ocrx_word' id='word_1_210' title='bbox 1088 3405 1323 3478; x_wconf 90' lang='lat' dir='ltr'>cardinalium</span> <span class='ocrx_word' id='word_1_211' title='bbox 1342 3405 1472 3501; x_wconf 90' lang='lat' dir='ltr'>priori,</span> <span class='ocrx_word' id='word_1_212' title='bbox 1499 3407 1616 3480; x_wconf 92' lang='lat' dir='ltr'>tribus</span> <span class='ocrx_word' id='word_1_213' title='bbox 1640 3413 1691 3478; x_wconf 88' lang='lat' dir='ltr'>aut</span> 
     </span>
     <span class='ocr_line' id='line_1_25' title="bbox 367 3529 1691 3629; baseline -0.002 -25"><span class='ocrx_word' id='word_1_214' title='bbox 367 3539 521 3629; x_wconf 89' lang='lat' dir='ltr'>quatuor</span> <span class='ocrx_word' id='word_1_215' title='bbox 540 3556 584 3604; x_wconf 86' lang='lat' dir='ltr'>ex</span> <span class='ocrx_word' id='word_1_216' title='bbox 604 3529 682 3604; x_wconf 87' lang='lat' dir='ltr'>aliis</span> <span class='ocrx_word' id='word_1_217' title='bbox 708 3529 942 3620; x_wconf 85' lang='lat' dir='ltr'>cadinalibus,</span> <span class='ocrx_word' id='word_1_218' title='bbox 969 3553 1013 3604; x_wconf 93' lang='lat' dir='ltr'>eo</span> <span class='ocrx_word' id='word_1_219' title='bbox 1036 3530 1145 3603; x_wconf 91' lang='lat' dir='ltr'>etiam</span> <span class='ocrx_word' id='word_1_220' title='bbox 1169 3529 1348 3604; x_wconf 89' lang='lat' dir='ltr'>intimato.</span> <span class='ocrx_word' id='word_1_221' title='bbox 1371 3533 1507 3628; x_wconf 79' lang='lat' dir='ltr'>Aperto</span> <span class='ocrx_word' id='word_1_222' title='bbox 1528 3531 1691 3628; x_wconf 88' lang='lat' dir='ltr'>sportella</span> 
     </span>
     <span class='ocr_line' id='line_1_26' title="bbox 366 3654 1691 3752; baseline 0 -24"><span class='ocrx_word' id='word_1_223' title='bbox 366 3679 431 3752; x_wconf 93' lang='lat' dir='ltr'>pro</span> <span class='ocrx_word' id='word_1_224' title='bbox 447 3655 591 3730; x_wconf 90' lang='lat' dir='ltr'>cibariis</span> <span class='ocrx_word' id='word_1_225' title='bbox 608 3654 825 3752; x_wconf 89' lang='lat' dir='ltr'>recipiendis</span> <span class='ocrx_word' id='word_1_226' title='bbox 842 3662 877 3730; x_wconf 90' lang='lat' dir='ltr'>et</span> <span class='ocrx_word' id='word_1_227' title='bbox 888 3655 982 3728; x_wconf 89' lang='lat' dir='ltr'>vasis</span> <span class='ocrx_word' id='word_1_228' title='bbox 999 3654 1236 3751; x_wconf 85' lang='lat' dir='ltr'>exponendis,</span> <span class='ocrx_word' id='word_1_229' title='bbox 1260 3655 1453 3752; x_wconf 90' lang='lat' dir='ltr'>diligenter</span> <span class='ocrx_word' id='word_1_230' title='bbox 1465 3657 1691 3739; x_wconf 88' lang='lat' dir='ltr'>advertimus,</span> 
     </span>
     <span class='ocr_line' id='line_1_27' title="bbox 365 3779 1693 3880; baseline 0.001 -29"><span class='ocrx_word' id='word_1_231' title='bbox 365 3803 412 3852; x_wconf 92' lang='lat' dir='ltr'>ue</span> <span class='ocrx_word' id='word_1_232' title='bbox 437 3779 517 3876; x_wconf 91' lang='lat' dir='ltr'>quis</span> <span class='ocrx_word' id='word_1_233' title='bbox 537 3779 836 3854; x_wconf 88' lang='lat' dir='ltr'>conclavistarum</span> <span class='ocrx_word' id='word_1_234' title='bbox 861 3803 935 3854; x_wconf 90' lang='lat' dir='ltr'>non</span> <span class='ocrx_word' id='word_1_235' title='bbox 958 3779 1073 3852; x_wconf 91' lang='lat' dir='ltr'>solum</span> <span class='ocrx_word' id='word_1_236' title='bbox 1097 3781 1268 3875; x_wconf 89' lang='lat' dir='ltr'>sportello</span> <span class='ocrx_word' id='word_1_237' title='bbox 1292 3781 1612 3880; x_wconf 88' lang='lat' dir='ltr'>appropinquaret,</span> <span class='ocrx_word' id='word_1_238' title='bbox 1637 3780 1693 3854; x_wconf 90' lang='lat' dir='ltr'>sed</span> 
     </span>
     <span class='ocr_line' id='line_1_28' title="bbox 367 3904 1775 4002; baseline 0.004 -26"><span class='ocrx_word' id='word_1_239' title='bbox 367 3909 403 3977; x_wconf 92' lang='lat' dir='ltr'>et</span> <span class='ocrx_word' id='word_1_240' title='bbox 423 3927 470 3978; x_wconf 93' lang='lat' dir='ltr'>ne</span> <span class='ocrx_word' id='word_1_241' title='bbox 495 3904 604 3978; x_wconf 88' lang='lat' dir='ltr'>etiam</span> <span class='ocrx_word' id='word_1_242' title='bbox 627 3905 851 4002; x_wconf 87' lang='lat' dir='ltr'>perspiceret</span> <span class='ocrx_word' id='word_1_243' title='bbox 874 3905 1015 4002; x_wconf 90' lang='lat' dir='ltr'>signum</span> <span class='ocrx_word' id='word_1_244' title='bbox 1043 3905 1200 4000; x_wconf 89' lang='lat' dir='ltr'>aliquod,</span> <span class='ocrx_word' id='word_1_245' title='bbox 1227 3906 1272 3979; x_wconf 90' lang='lat' dir='ltr'>ab</span> <span class='ocrx_word' id='word_1_246' title='bbox 1297 3906 1418 4000; x_wconf 89' lang='lat' dir='ltr'>aliquo</span> <span class='ocrx_word' id='word_1_247' title='bbox 1451 3913 1550 3980; x_wconf 84' lang='lat' dir='ltr'>extra</span> <span class='ocrx_word' id='word_1_248' title='bbox 1572 3929 1693 4002; x_wconf 88' lang='lat' dir='ltr'>recep·</span> <span class='ocrx_word' id='word_1_249' title='bbox 1774 3993 1775 3996; x_wconf 8' lang='grc' dir='ltr'><strong>Ἴ</strong></span> 
     </span>
     <span class='ocr_line' id='line_1_29' title="bbox 367 4015 1775 4127; baseline 0.003 -27"><span class='ocrx_word' id='word_1_250' title='bbox 367 4035 479 4101; x_wconf 91' lang='lat' dir='ltr'>turus.</span> <span class='ocrx_word' id='word_1_251' title='bbox 498 4031 586 4102; x_wconf 86' lang='lat' dir='ltr'>Cum</span> <span class='ocrx_word' id='word_1_252' title='bbox 601 4029 713 4102; x_wconf 90' lang='lat' dir='ltr'>missa</span> <span class='ocrx_word' id='word_1_253' title='bbox 730 4029 875 4127; x_wconf 88' lang='lat' dir='ltr'>publica</span> <span class='ocrx_word' id='word_1_254' title='bbox 896 4052 962 4126; x_wconf 90' lang='lat' dir='ltr'>per</span> <span class='ocrx_word' id='word_1_255' title='bbox 980 4028 1167 4102; x_wconf 82' lang='lat' dir='ltr'>sacristam</span> <span class='ocrx_word' id='word_1_256' title='bbox 1191 4029 1390 4122; x_wconf 89' lang='lat' dir='ltr'>dicebatur,</span> <span class='ocrx_word' id='word_1_257' title='bbox 1413 4055 1540 4106; x_wconf 91' lang='lat' dir='ltr'>omnes</span> <span class='ocrx_word' id='word_1_258' title='bbox 1560 4032 1695 4107; x_wconf 89' lang='lat' dir='ltr'>concla·</span> <span class='ocrx_word' id='word_1_259' title='bbox 1773 4015 1775 4082; x_wconf 63' lang='grc' dir='ltr'>ἕ</span> 
     </span>
     <span class='ocr_line' id='line_1_30' title="bbox 366 4153 1775 4253; baseline 0.006 -26"><span class='ocrx_word' id='word_1_260' title='bbox 366 4154 455 4246; x_wconf 70' lang='lat' dir='ltr'>visto</span> <span class='ocrx_word' id='word_1_261' title='bbox 475 4154 530 4228; x_wconf 83' lang='lat' dir='ltr'>vel</span> <span class='ocrx_word' id='word_1_262' title='bbox 550 4154 612 4252; x_wconf 96' lang='lat' dir='ltr'>qui</span> <span class='ocrx_word' id='word_1_263' title='bbox 632 4155 812 4246; x_wconf 81' lang='lat' dir='ltr'>volebant,</span> <span class='ocrx_word' id='word_1_264' title='bbox 830 4155 978 4228; x_wconf 89' lang='lat' dir='ltr'>missam</span> <span class='ocrx_word' id='word_1_265' title='bbox 993 4154 1109 4251; x_wconf 88' lang='lat' dir='ltr'>ipsam</span> <span class='ocrx_word' id='word_1_266' title='bbox 1124 4153 1249 4230; x_wconf 88' lang='lat' dir='ltr'>audire</span> <span class='ocrx_word' id='word_1_267' title='bbox 1265 4161 1445 4253; x_wconf 87' lang='lat' dir='ltr'>poteraut,</span> <span class='ocrx_word' id='word_1_268' title='bbox 1464 4164 1567 4232; x_wconf 86' lang='lat' dir='ltr'>extra</span> <span class='ocrx_word' id='word_1_269' title='bbox 1581 4165 1695 4233; x_wconf 90' lang='lat' dir='ltr'>tamen</span> <span class='ocrx_word' id='word_1_270' title='bbox 1774 4177 1775 4236; x_wconf 82' lang='lat'>1</span> 
     </span>
     <span class='ocr_line' id='line_1_31' title="bbox 366 4259 1775 4380; baseline 0.004 -31"><span class='ocrx_word' id='word_1_271' title='bbox 366 4279 459 4352; x_wconf 90' lang='lat' dir='ltr'>ostia</span> <span class='ocrx_word' id='word_1_272' title='bbox 483 4280 647 4377; x_wconf 84' lang='lat' dir='ltr'>cappella</span> <span class='ocrx_word' id='word_1_273' title='bbox 674 4281 826 4354; x_wconf 91' lang='lat' dir='ltr'>minoris</span> <span class='ocrx_word' id='word_1_274' title='bbox 853 4281 890 4354; x_wconf 91' lang='lat' dir='ltr'>iu</span> <span class='ocrx_word' id='word_1_275' title='bbox 916 4303 986 4377; x_wconf 89' lang='lat' dir='ltr'>qua</span> <span class='ocrx_word' id='word_1_276' title='bbox 1008 4279 1117 4354; x_wconf 91' lang='lat' dir='ltr'>missa</span> <span class='ocrx_word' id='word_1_277' title='bbox 1145 4280 1396 4356; x_wconf 90' lang='lat' dir='ltr'>celebrabatur</span> <span class='ocrx_word' id='word_1_278' title='bbox 1423 4285 1469 4357; x_wconf 91' lang='lat' dir='ltr'>ad</span> <span class='ocrx_word' id='word_1_279' title='bbox 1490 4284 1644 4380; x_wconf 89' lang='lat' dir='ltr'>primam</span> <span class='ocrx_word' id='word_1_280' title='bbox 1665 4289 1695 4356; x_wconf 91' lang='lat' dir='ltr'>ot</span> <span class='ocrx_word' id='word_1_281' title='bbox 1774 4259 1775 4268; x_wconf 8' lang='grc' dir='ltr'>ἵ</span> 
     </span>
     <span class='ocr_line' id='line_1_32' title="bbox 370 4404 1694 4506; baseline 0.005 -28"><span class='ocrx_word' id='word_1_282' title='bbox 370 4404 566 4479; x_wconf 91' lang='lat' dir='ltr'>secundam</span> <span class='ocrx_word' id='word_1_283' title='bbox 590 4405 708 4480; x_wconf 90' lang='lat' dir='ltr'>aulam</span> <span class='ocrx_word' id='word_1_284' title='bbox 734 4407 913 4482; x_wconf 84' lang='lat' dir='ltr'>conclavis</span> <span class='ocrx_word' id='word_1_285' title='bbox 938 4409 1192 4506; x_wconf 87' lang='lat' dir='ltr'>respondentia</span> <span class='ocrx_word' id='word_1_286' title='bbox 1216 4416 1366 4501; x_wconf 90' lang='lat' dir='ltr'>stantes,</span> <span class='ocrx_word' id='word_1_287' title='bbox 1394 4417 1430 4486; x_wconf 91' lang='lat' dir='ltr'>et</span> <span class='ocrx_word' id='word_1_288' title='bbox 1449 4411 1597 4486; x_wconf 89' lang='lat' dir='ltr'>interim</span> <span class='ocrx_word' id='word_1_289' title='bbox 1618 4435 1694 4488; x_wconf 90' lang='lat' dir='ltr'>cum</span> 
     </span>
     <span class='ocr_line' id='line_1_33' title="bbox 363 4527 1696 4631; baseline 0.004 -30"><span class='ocrx_word' id='word_1_290' title='bbox 363 4529 474 4602; x_wconf 88' lang='lat' dir='ltr'>missa</span> <span class='ocrx_word' id='word_1_291' title='bbox 501 4527 696 4621; x_wconf 92' lang='lat' dir='ltr'>diceretur,</span> <span class='ocrx_word' id='word_1_292' title='bbox 733 4531 853 4606; x_wconf 88' lang='lat' dir='ltr'>nullus</span> <span class='ocrx_word' id='word_1_293' title='bbox 879 4532 925 4605; x_wconf 91' lang='lat' dir='ltr'>ad</span> <span class='ocrx_word' id='word_1_294' title='bbox 955 4533 1088 4606; x_wconf 90' lang='lat' dir='ltr'>ostium</span> <span class='ocrx_word' id='word_1_295' title='bbox 1115 4532 1294 4607; x_wconf 89' lang='lat' dir='ltr'>conclavis</span> <span class='ocrx_word' id='word_1_296' title='bbox 1320 4533 1500 4631; x_wconf 86' lang='lat' dir='ltr'>pulsabat.</span> <span class='ocrx_word' id='word_1_297' title='bbox 1529 4535 1696 4609; x_wconf 88' lang='lat' dir='ltr'>Similiter</span> 
     </span>
     <span class='ocr_line' id='line_1_34' title="bbox 365 4653 1695 4758; baseline 0.005 -33"><span class='ocrx_word' id='word_1_298' title='bbox 365 4655 451 4726; x_wconf 92' lang='lat' dir='ltr'>dum</span> <span class='ocrx_word' id='word_1_299' title='bbox 474 4653 686 4730; x_wconf 92' lang='lat' dir='ltr'>scrutinium</span> <span class='ocrx_word' id='word_1_300' title='bbox 706 4656 825 4746; x_wconf 88' lang='lat' dir='ltr'>fieret,</span> <span class='ocrx_word' id='word_1_301' title='bbox 851 4658 962 4732; x_wconf 91' lang='lat' dir='ltr'>missa</span> <span class='ocrx_word' id='word_1_302' title='bbox 982 4658 1095 4750; x_wconf 90' lang='lat' dir='ltr'>linita,</span> <span class='ocrx_word' id='word_1_303' title='bbox 1118 4681 1160 4732; x_wconf 88' lang='lat' dir='ltr'>ac</span> <span class='ocrx_word' id='word_1_304' title='bbox 1181 4658 1346 4733; x_wconf 89' lang='lat' dir='ltr'>scabellis</span> <span class='ocrx_word' id='word_1_305' title='bbox 1365 4685 1431 4758; x_wconf 92' lang='lat' dir='ltr'>pro</span> <span class='ocrx_word' id='word_1_306' title='bbox 1452 4661 1602 4758; x_wconf 89' lang='lat' dir='ltr'>singulis</span> <span class='ocrx_word' id='word_1_307' title='bbox 1622 4685 1695 4735; x_wconf 91' lang='lat' dir='ltr'>car-</span> 
     </span>
     <span class='ocr_line' id='line_1_35' title="bbox 365 4777 1696 4882; baseline 0.008 -34"><span class='ocrx_word' id='word_1_308' title='bbox 365 4777 542 4852; x_wconf 87' lang='lat' dir='ltr'>dinalibus</span> <span class='ocrx_word' id='word_1_309' title='bbox 571 4803 654 4854; x_wconf 94' lang='lat' dir='ltr'>cum</span> <span class='ocrx_word' id='word_1_310' title='bbox 687 4780 774 4856; x_wconf 86' lang='lat' dir='ltr'>lolio</span> <span class='ocrx_word' id='word_1_311' title='bbox 805 4783 938 4882; x_wconf 87' lang='lat' dir='ltr'>papiri,</span> <span class='ocrx_word' id='word_1_312' title='bbox 974 4789 1074 4856; x_wconf 90' lang='lat' dir='ltr'>carta</span> <span class='ocrx_word' id='word_1_313' title='bbox 1107 4784 1179 4858; x_wconf 82' lang='lat' dir='ltr'>sive</span> <span class='ocrx_word' id='word_1_314' title='bbox 1211 4785 1351 4858; x_wconf 86' lang='lat' dir='ltr'>calamo</span> <span class='ocrx_word' id='word_1_315' title='bbox 1385 4792 1425 4862; x_wconf 86' lang='lat' dir='ltr'>et</span> <span class='ocrx_word' id='word_1_316' title='bbox 1458 4793 1631 4862; x_wconf 90' lang='lat' dir='ltr'>encausto</span> <span class='ocrx_word' id='word_1_317' title='bbox 1665 4793 1696 4860; x_wconf 88' lang='lat' dir='ltr'>et</span> 
     </span>
     <span class='ocr_line' id='line_1_36' title="bbox 370 4900 1695 5000; baseline 0.008 -28"><span class='ocrx_word' id='word_1_318' title='bbox 370 4900 529 4974; x_wconf 89' lang='lat' dir='ltr'>candelis</span> <span class='ocrx_word' id='word_1_319' title='bbox 559 4903 678 5000; x_wconf 87' lang='lat' dir='ltr'>parvis</span> <span class='ocrx_word' id='word_1_320' title='bbox 709 4905 846 4980; x_wconf 91' lang='lat' dir='ltr'>duabus</span> <span class='ocrx_word' id='word_1_321' title='bbox 873 4913 934 4978; x_wconf 91' lang='lat' dir='ltr'>aut</span> <span class='ocrx_word' id='word_1_322' title='bbox 963 4905 1076 4982; x_wconf 90' lang='lat' dir='ltr'>tribus</span> <span class='ocrx_word' id='word_1_323' title='bbox 1103 4908 1291 5000; x_wconf 91' lang='lat' dir='ltr'>ordinatis,</span> <span class='ocrx_word' id='word_1_324' title='bbox 1322 4933 1449 4984; x_wconf 89' lang='lat' dir='ltr'>omnes</span> <span class='ocrx_word' id='word_1_325' title='bbox 1472 4911 1637 4986; x_wconf 89' lang='lat' dir='ltr'>redibant</span> <span class='ocrx_word' id='word_1_326' title='bbox 1656 4909 1695 4982; x_wconf 88' lang='lat' dir='ltr'>ad</span> 
     </span>
     <span class='ocr_line' id='line_1_37' title="bbox 366 5025 1696 5132; baseline 0.008 -35"><span class='ocrx_word' id='word_1_327' title='bbox 366 5025 568 5124; x_wconf 86' lang='lat' dir='ltr'>cappellam</span> <span class='ocrx_word' id='word_1_328' title='bbox 590 5029 783 5126; x_wconf 89' lang='lat' dir='ltr'>majorem,</span> <span class='ocrx_word' id='word_1_329' title='bbox 806 5030 844 5102; x_wconf 90' lang='lat' dir='ltr'>in</span> <span class='ocrx_word' id='word_1_330' title='bbox 864 5054 935 5126; x_wconf 91' lang='lat' dir='ltr'>qua</span> <span class='ocrx_word' id='word_1_331' title='bbox 954 5031 1231 5108; x_wconf 88' lang='lat' dir='ltr'>recludebantur</span> <span class='ocrx_word' id='word_1_332' title='bbox 1251 5059 1318 5132; x_wconf 92' lang='lat' dir='ltr'>per</span> <span class='ocrx_word' id='word_1_333' title='bbox 1338 5059 1405 5108; x_wconf 91' lang='lat' dir='ltr'>nos</span> <span class='ocrx_word' id='word_1_334' title='bbox 1426 5035 1579 5110; x_wconf 90' lang='lat' dir='ltr'>clericos</span> <span class='ocrx_word' id='word_1_335' title='bbox 1599 5057 1696 5110; x_wconf 90' lang='lat' dir='ltr'>cere-</span> 
     </span>
     <span class='ocr_line' id='line_1_38' title="bbox 369 5152 1693 5258; baseline 0.005 -34"><span class='ocrx_word' id='word_1_336' title='bbox 369 5152 576 5228; x_wconf 89' lang='lat' dir='ltr'>moniarum</span> <span class='ocrx_word' id='word_1_337' title='bbox 611 5177 751 5245; x_wconf 90' lang='lat' dir='ltr'>omues,</span> <span class='ocrx_word' id='word_1_338' title='bbox 781 5155 1021 5230; x_wconf 89' lang='lat' dir='ltr'>cardinalibus</span> <span class='ocrx_word' id='word_1_339' title='bbox 1058 5157 1096 5231; x_wconf 93' lang='lat' dir='ltr'>in</span> <span class='ocrx_word' id='word_1_340' title='bbox 1132 5162 1413 5258; x_wconf 88' lang='lat' dir='ltr'>congregatione</span> <span class='ocrx_word' id='word_1_341' title='bbox 1450 5162 1693 5236; x_wconf 85' lang='lat' dir='ltr'>existentibus.</span> 
     </span>
    </p>
   </div>
   <div class='ocr_carea' id='block_1_3' title="bbox 0 0 1825 6084">
    <p class='ocr_par' dir='ltr' id='par_1_4' title="bbox 0 0 1825 6084">
     <span class='ocr_line' id='line_1_39' title="bbox 0 0 1825 6084; baseline 0 0"><span class='ocrx_word' id='word_1_342' title='bbox 0 0 1825 6084; x_wconf 95' lang='lat' dir='ltr'> </span> 
     </span>
    </p>
   </div>
  </div>
 </body>
</html>
