3422 6034
301 481 354 536 362
756 474 933 533 JOIIANNIS
957 473 1179 545 Bttttcttrtttnl,
1223 471 1228 480 '
1467 475 1627 544 [murto]

306 638 403 731 Papa
424 631 511 708 lacit
534 631 800 708 absolutionem
825 655 928 708 more
951 639 1140 724 consueto,
1172 638 1216 708 et
1235 640 1427 732 postquam
1452 631 1627 731 predictus

305 757 496 834 cardinalis
514 758 558 833 de
574 757 772 832 Comitibus
790 757 1002 834 ministravit
1022 763 1118 858 Papa
1134 757 1334 834 naviculam
1356 765 1392 834 et
1411 758 1627 832 thuribulum

303 891 339 958 et
369 883 612 982 aspersorium
648 905 714 980 pro
738 883 977 977 absolutione,
1011 884 1120 959 etiam
1152 889 1208 958 est
1241 905 1406 959 reversus
1430 884 1477 957 ad
1509 882 1628 958 sedem

304 1009 398 1086 inter
413 1009 501 1084 alios
513 1007 713 1084 cardinales
729 1017 766 1084 et
780 1033 853 1084 nonw
869 1011 1002 1085 mansit
1016 1031 1130 1107 usque
1150 1010 1196 1084 ad
1207 1009 1328 1084 ‘linem
1346 1008 1583 1085 absolutionis
1596 1009 1627 1082 in

304 1133 394 1210 solio
420 1137 529 1233 Papa.
559 1134 736 1210 Fimbrias
758 1135 918 1233 pluvialis
939 1139 1047 1234 Pape,
1072 1136 1151 1234 ipso
1172 1157 1216 1210 ex
1235 1127 1379 1210 camera
1398 1133 1445 1208 ad
1460 1132 1629 1230 capellam

303 1261 484 1354 veniente,
511 1262 665 1362 portarit
697 1265 739 1336 R.
771 1266 814 1336 Ι).
840 1265 886 1340 Ν.
915 1243 1211 1359 archiepiscopus
1233 1257 1471 1347 Arelatensis,
1496 1258 1630 1356 primus

303 1386 474 1462 assistens
494 1409 659 1486 presens,
680 1386 764 1484 quia
784 1386 902 1461 nullus
922 1385 1053 1461 nobilis
1074 1385 1261 1463 intererat.
1286 1386 1359 1462 Sed
1377 1387 1422 1461 de
1437 1385 1576 1484 capella
1589 1385 1631 1458 ad

304 1535 499 1604 cameram,
534 1511 706 1610 pontifice
737 1511 926 1602 redeunte,
953 1513 1105 1610 portavit
1131 1537 1193 1588 eas
1220 1517 1262 1587 D.
1287 1512 1401 1604 Paris,
1428 1535 1545 1610 nepos
1571 1535 1630 1584 seu

303 1637 591 1737 consanguineus
606 1641 715 1736 Pape.
732 1637 812 1712 Alia
826 1637 949 1711 omnia
966 1637 1155 1713 ab'servata
1168 1636 1252 1712 suxit
1265 1659 1367 1712 more
1378 1641 1569 1712 consueto.

356 1766 420 1841 His
434 1765 561 1840 diebus
576 1757 771 1864 preteritis,
788 1764 953 1840 videlicet
967 1765 1025 1840 die
1042 1769 1083 1838 11
1101 1763 1237 1839 mensis
1250 1764 1332 1862 julii
1344 1761 1509 1862 proxime
1520 1767 1632 1859 prete·

303 1893 375 1984 riti,
394 1895 436 1968 R.
454 1894 494 1965 P.
513 1894 556 1964 l).
575 1889 806 1990 Raymundus
821 1890 981 1965 Periardi
996 1889 1225 1990 prenotarius
1240 1887 1460 1987 apostolicus
1476 1887 1628 1984 scripsit,

305 2027 340 2095 ot
351 2017 565 2094 Franciscus
582 2016 724 2102 Slortia,
743 2019 807 2092 SS.
821 2019 865 2090 l).
883 2024 1022 2108 nostro,
1038 2016 1134 2112 quod
1148 2015 1228 2090 heri
1244 2019 1291 2090 20
1303 2013 1382 2113 julii
1397 2014 1497 2089 circa
1508 2015 1631 2088 horam

196 2174 199 2185 ·
303 2121 456 2244 primam
471 2140 587 2216 noctis
600 2163 670 2238 pax
687 2139 859 2214 conclusa
875 2140 919 2214 sit
937 2146 973 2214 et
993 2140 1163 2237 stipulata
1176 2163 1221 2214 ex
1231 2141 1455 2236 juramenta,
1470 2141 1508 2214 in
1521 2141 1632 2215 mani-

304 2270 370 2344 bus
399 2267 472 2342 suis
501 2273 686 2364 tamquam
723 2264 839 2340 nuntii
875 2264 1062 2364 apostolici
1098 2287 1164 2362 per
1201 2264 1474 2339 serenissimum
1511 2289 1631 2364 regem

305 2399 550 2468 Romanorum
564 2389 846 2466 Maximilianum
862 2394 898 2462 et
915 2393 1077 2463 oratores
1098 2389 1193 2487 regis
1216 2393 1452 2481 Francorum,
1473 2391 1632 2489 prelatos

303 2519 398 2592 inter
411 2541 515 2616 reges
530 2517 628 2616 ipsos
638 2525 814 2616 perpetuo
831 2513 1077 2605 observanda3
1091 2515 1193 2612 cujus
1208 2515 1364 2613 capitula
1378 2523 1516 2614 quanto
1533 2519 1633 2592 citius

306 2643 485 2719 mittenda
503 2643 718 2741 pollicentur
750 2641 810 2742 (t).
838 2641 957 2715 Litere
983 2641 1206 2738 hujusmodi,
1224 2640 1282 2715 die
1294 2640 1401 2739 jovis,
1430 2647 1478 2717 30
1502 2645 1634 2718 mensis

304 2767 384 2866 julii
401 2770 464 2842 SS.
483 2771 526 2842 D.
545 2771 588 2842 N.
608 2773 813 2866 presentata
834 2767 980 2841 luerunt
1001 2771 1084 2840 ante
1106 2766 1314 2864 prandium;
1335 2767 1465 2865 quibus
1481 2771 1634 2868 receptis
1702 2859 1703 2864 Ἰ

307 2893 484 2968 Sanctitas
507 2917 571 2969 sua
598 2915 664 2992 pro
687 2894 780 2968 hora
811 2892 954 2968 decima
979 2891 1132 2991 septima
1161 2893 1326 2990 ejusdem
1349 2893 1419 2969 diei
1445 2898 1634 2970 convocari

306 3018 391 3094 iecit
410 3041 537 3095 omues
565 3019 765 3094 cardinales
791 3019 828 3093 in
853 3020 948 3094 Urbe
975 3017 1172 3093 existentes
1192 3025 1229 3092 et
1246 3043 1373 3117 regum
1404 3027 1571 3096 oratores
1601 3031 1633 3096 et

306 3142 528 3242 principum;
547 3150 596 3235 et,
609 3143 732 3218 habito
748 3143 967 3241 aliquantulo
983 3142 1137 3240 collegio
1150 3165 1235 3217 oum
1250 3143 1508 3234 cardinalibus,
1522 3148 1633 3221 vocati

306 3269 452 3343 luerunt
472 3269 517 3343 ad
541 3269 761 3366 presentiam
789 3268 970 3367 pontilicis
995 3291 1123 3344 omnes
1140 3275 1316 3362 oratoreS,
1337 3247 1507 3344 videlicet
1523 3271 1633 3369 impe-
1701 3327 1702 3366 ,

306 3394 448 3488 ratoris,
477 3399 711 3488 Francorum,
735 3395 1002 3493 Hispaniarum,
1028 3394 1267 3492 Neapolitani,
1292 3395 1477 3493 HungarIe
1493 3419 1629 3495 regum,

306 3521 498 3597 Mediolani
527 3529 563 3596 et
592 3523 755 3598 Ferraria
787 3525 920 3598 ducum
948 3547 991 3600 ac
1014 3523 1289 3601 communitatis
1317 3523 1629 3610 Florentinorum;

271 3663 277 3677 ·
307 3646 434 3746 quibus
449 3646 486 3720 in
501 3649 736 3724 cardinalium
752 3673 817 3747 per
827 3649 1001 3726 circulum
1011 3651 1214 3727 sedentium
1222 3649 1405 3748 presentia
1415 3651 1629 3746 genuflexis,
1700 3735 1701 3761 χ

308 3774 486 3850 Sanctitas
509 3799 573 3850 sua
592 3775 758 3875 exposuit
782 3781 906 3850 notam
935 3775 1048 3874 pacis,
1076 3783 1115 3850 ut
1150 3775 1218 3875 ipsi
1240 3781 1389 3872 possent
1412 3798 1456 3849 ea
1486 3775 1630 3872 singulis

306 3897 460 3973 dominis
485 3899 561 3973 suis
585 3899 790 3990 notificare;
818 3899 883 3975 sed
910 3901 997 3999 ipsis
1022 3901 1228 4000 petentibus
1261 3899 1404 3997 copiam
1433 3899 1630 3975 litterarum

305 4023 562 4122 predictarum,
589 4031 645 4102 est
659 4026 847 4124 denegata.
866 4031 906 4101 ln
921 4051 1003 4102 sero
1025 4027 1156 4102 deinde
1176 4027 1213 4100 in
1228 4025 1362 4125 palatio
1378 4026 1581 4124 apostolico
1593 4049 1630 4100 ac
1699 4109 1700 4120 2

305 4157 424 4225 castro
447 4153 561 4226 sancti
584 4153 724 4250 angeli,
753 4159 894 4228 etanta
920 4153 1048 4226 domos
1069 4152 1321 4251 principalium
1337 4151 1578 4227 cardinalium
1600 4158 1630 4224 et
1699 4123 1700 4147 Χ

306 4278 414 4352 etiam
430 4277 618 4352 curialium
640 4277 724 4352 iacti
740 4285 824 4352 sunt
845 4280 948 4376 ignes
972 4279 1009 4351 in
1030 4278 1174 4376 signum
1191 4277 1318 4354 letitie.
1343 4279 1441 4352 Deus
1465 4278 1631 4376 dignetur

306 4427 371 4478 sua
386 4403 519 4502 pietate
536 4403 656 4477 omnia
678 4403 833 4480 feliciter
847 4404 1014 4501 dirigere.

356 4530 526 4621 Sabbata,
552 4535 595 4603 15
620 4529 776 4626 augusti,
794 4529 927 4602 testum
938 4528 1204 4626 assumptionis
1221 4529 1326 4606 beate
1343 4531 1458 4606 Marde
1474 4531 1627 4631 virginis,
1698 4509 1699 4533 .

306 4658 369 4730 SS.
388 4659 431 4730 D.
458 4659 501 4730 N.
528 4660 691 4730 mantum
717 4679 826 4755 super
849 4657 1040 4731 rochetum
1059 4657 1199 4744 habens
1226 4657 1303 4730 sine
1334 4681 1442 4732 cruce
1475 4658 1572 4732 venit
1591 4657 1629 4730 ad

306 4778 480 4876 capellam
496 4780 674 4876 majorem
689 4779 810 4876 palatii
827 4779 887 4854 ubi
903 4779 999 4853 lacta
1011 4803 1054 4854 ex
1068 4805 1169 4856 more
1185 4781 1222 4855 in
1238 4782 1441 4857 faldistorio
1455 4785 1624 4865 oratione,

306 4903 459 4977 accessit
474 4901 519 4975 ad
534 4925 618 4977 eum
635 4907 676 4976 R.
696 4906 735 4977 Ρ.
755 4907 798 4977 D.
826 4905 1019 5002 episcopus
1033 4929 1062 4978 s.
1080 4908 1221 5004 Agathe
1237 4908 1486 4984 celebraturus
1503 4919 1537 4984 et
1551 4932 1625 4983 cum

343 5091 369 5144 1.
391 5089 444 5145 Les
459 5089 565 5147 articles
585 5091 618 5148 de
632 5109 663 5148 co
682 5092 760 5149 traite
779 5092 849 5148 ainsi
865 5109 918 5164 que
936 5098 1027 5148 toutes
1042 5092 1081 5149 les
1101 5093 1303 5152 circonstances
1318 5096 1365 5169 qui
1380 5097 1423 5171 s'y
1437 5097 1585 5154 rattsclrcnt
1596 5113 1622 5150 sc

307 5185 435 5238 trouvent
447 5179 516 5237 dans
531 5179 623 5241 l'Hr'sr.
635 5183 798 5238 dechartes
813 5183 897 5252 VIII,
914 5181 948 5239 de
963 5182 997 5239 G.
1012 5183 1047 5239 de
1060 5183 1181 5257 Jaligny,
1193 5184 1270 5258 publ.
1285 5201 1335 5259 par
1343 5185 1490 5260 Gadeiroy,
1499 5203 1526 5260 p.
1536 5185 1618 5242 7889.
