3578 6032
350 408 403 464 ero
910 403 1125 488 errorores.

351 559 494 624 fraterno
510 557 738 638 etprincipetu
761 557 914 634 micante,
938 558 1068 622 achmat
1089 555 1218 620 basiam
1244 555 1388 637 (ydmnti
1402 561 1676 638 expugnatorem)
1762 517 1763 604 l

353 654 490 734 impellit
504 658 541 716 ut
554 651 752 732 magistrum
766 651 810 714 ad
832 669 946 731 pacem
972 650 1236 730 amplectendam
1254 655 1379 718 :literis
1402 656 1562 718 hortetur.
1587 657 1675 720 Basia

353 758 463 816 autem
486 753 575 832 regis
592 767 694 814 suasu
708 750 750 814 ad
765 751 956 814 rhodiorum
971 751 1150 829 principem
1164 751 1279 814 literas
1294 753 1395 829 dedit,
1412 771 1556 833 quarum
1570 771 1676 817 exem·
1762 759 1763 816 l

356 852 576 932 plarhocest.

393 1066 404 1094 ι
426 1038 576 1120 Epistola
590 1040 679 1101 haste
693 1037 736 1100 od
750 1043 939 1117 moqistrum
953 1037 1057 1100 Rhodi
1075 1039 1273 1102 echertontis
1287 1041 1334 1102 ad
1341 1057 1456 1121 paoem
1467 1041 1650 1104 ineundam.

399 1229 412 1256 ‹
435 1201 572 1264 Achmat
585 1200 690 1274 basia,
711 1200 781 1262 asie
804 1199 892 1280 regis
912 1199 1025 1260 inuicti
1046 1201 1201 1280 Bagyazit
1222 1201 1430 1280 imperatoris
1447 1203 1679 1281 imperatorum
1701 1283 1703 1286 Α

359 1301 566 1364 consiliarius
583 1298 851 1379 splendidissimo
864 1297 1000 1376 principi
1016 1298 1218 1361 Rhodiorum
1230 1301 1402 1380 magistro.
1419 1303 1515 1364 Petro
1535 1301 1679 1362 Daubus·

359 1418 431 1476 son,
449 1399 701 1463 christianorum
715 1397 838 1459 athlete
852 1394 1052 1471 fortissimo;
1069 1397 1102 1458 S.
1117 1399 1150 1459 P.
1166 1400 1202 1460 Ι).
1220 1401 1302 1461 Nota
1315 1399 1394 1461 mihi
1408 1405 1463 1462 tua
1477 1399 1680 1480 generositas

358 1507 428 1564 turn
446 1497 533 1561 iarna
547 1501 665 1558 tumre
680 1495 808 1574 impulit
821 1501 858 1557 ut
872 1495 932 1558 has
945 1494 987 1557 ad
1001 1499 1033 1557 te
1044 1495 1222 1558 scriberem
1232 1498 1414 1576 perbreues
1426 1497 1552 1560 literas.
1568 1501 1681 1560 Tantas

358 1599 481 1679 quippe
493 1596 580 1659 vires
594 1596 699 1657 virtus
711 1595 821 1670 habet,
838 1599 875 1656 ut
886 1595 1019 1674 ignotos
1034 1599 1169 1674 pateret
1181 1595 1347 1660 hostesad
1357 1597 1540 1660 amandum
1555 1597 1678 1660 alliciat.
1762 1591 1763 1650 l

359 1698 484 1760 Virtute
499 1693 643 1774 proiecto
663 1693 801 1755 allectus
822 1698 891 1768 tua,
910 1693 943 1755 id
962 1693 1164 1771 persuadere
1186 1710 1296 1758 eonor.
1321 1695 1415 1773 Quod
1437 1695 1640 1776 magnanimi
1653 1700 1681 1758 et

360 1810 527 1875 pugnaces
541 1793 601 1855 uiri
625 1793 681 1872 qui
698 1793 797 1854 etiarn
818 1793 865 1872 (ut
887 1796 1034 1870 optatam
1052 1793 1197 1872 quietem
1219 1794 1403 1874 inueniant)
1423 1811 1517 1857 arma
1537 1800 1681 1856 exercent

361 1893 474 1971 sepius
498 1891 640 1970 amplexi
663 1897 740 1953 sunt
754 1895 791 1954 ut
814 1908 928 1970 paoem
948 1908 1022 1953 eum
1045 1892 1191 1971 principe
1214 1894 1371 1974 Bagyazit
1389 1892 1524 1956 firmare
1540 1893 1678 1956 studeas.

360 1990 429 2058 Nec
442 1991 551 2052 minus
563 1990 697 2070 quidem
716 1989 776 2053 viri
796 1989 974 2068 prestantis
991 1990 1161 2070 ingenium
1174 1995 1206 2053 et
1216 1992 1378 2070 sapientia
1390 2009 1470 2070 pace
1488 1991 1679 2071 quambello

361 2097 504 2160 relucet:
522 2107 582 2152 nec
595 2105 686 2152 arma
703 2087 779 2169 (que
794 2104 883 2149 nunc
901 2083 1093 2167 tractamus)
1113 2089 1235 2168 nostris
1250 2087 1461 2170 refragantur
1482 2090 1580 2153 dictis
1594 2110 1601 2152 :
1616 2091 1681 2152 hos·
1762 2087 1763 2176 )

359 2198 426 2256 tem
437 2187 670 2270 propulsamus
680 2189 716 2247 ut
726 2186 870 2264 quietem
883 2201 1112 2264 assequamur.
1125 2187 1285 2248 Paxcerte
1297 2186 1446 2249 diuinum
1457 2187 1626 2266 quoddam
1636 2191 1679 2249 est

363 2291 499 2364 donum,
517 2286 588 2350 sine
603 2301 667 2364 qua
689 2300 750 2346 nec
771 2284 962 2346 substanoie
982 2288 1144 2363 separate,
1165 2299 1226 2346 nec
1246 2285 1391 2348 celorum
1409 2291 1535 2360 motus,
1552 2303 1612 2349 nec
1625 2287 1679 2348 ele-

362 2391 549 2450 mentorum
569 2383 874 2457 transmutationes,
891 2399 952 2444 nec
973 2382 1118 2460 corporis
1139 2381 1276 2444 humani
1291 2399 1481 2463 compageS,
1499 2400 1561 2446 nec
1575 2400 1679 2464 regna,

361 2503 421 2550 nec
445 2485 557 2554 urbes,
581 2497 715 2542 necros
737 2480 915 2543 domestice
942 2481 1158 2560 sempiterne,
1184 2481 1338 2544 diuturne
1357 2487 1457 2562 atque
1477 2481 1592 2546 felices
1615 2499 1681 2544 esse

362 2582 515 2664 poterint.
530 2581 598 2657 Qua
614 2579 741 2640 ratione
754 2578 851 2651 ducti,
869 2579 1070 2658 principatus
1090 2578 1146 2657 qui
1167 2578 1326 2656 sapientia
1342 2584 1374 2641 et
1392 2581 1548 2659 potencia
1562 2581 1678 2660 pollent
1762 2597 1763 2676 )

365 2688 409 2759 (et
423 2681 466 2744 ab
479 2680 604 2742 oriente
619 2682 651 2740 et
665 2677 707 2739 ab
723 2677 890 2740 occidente
911 2677 1016 2739 nostri
1036 2676 1093 2756 qui
1110 2676 1266 2755 principis
1282 2675 1366 2739 fines
1387 2677 1551 2758 accolunt)
1574 2677 1680 2740 foedus
1762 2685 1763 2756 )

363 2781 542 2862 prudenter
555 2777 648 2840 inire.
666 2778 811 2854 Quorum
827 2776 977 2855 exemplo
991 2791 1123 2850 suasus,
1136 2779 1204 2838 tam
1215 2775 1344 2837 celebre
1357 2781 1389 2838 et
1402 2775 1554 2838 diuinum
1567 2777 1679 2839 bonum

364 2877 540 2960 explodere
551 2892 618 2938 non
634 2875 735 2938 debes
753 2894 760 2934 :
777 2873 866 2953 quod
881 2875 909 2936 si
922 2874 1131 2954 expetiueris,
1148 2879 1205 2935 tue
1220 2874 1399 2953 prudencie
1413 2875 1505 2953 apud
1521 2890 1584 2938 nos
1603 2874 1680 2936 tama
1762 2887 1763 2932 t

364 2979 485 3042 mirum
499 2975 532 3036 in
552 2973 687 3035 modum
708 2975 885 3050 augescet3
911 2971 940 3032 si
962 2987 1095 3044 rennes,
1121 2971 1236 3048 pocius
1259 2977 1291 3034 te
1311 2971 1424 3034 diuino
1444 2973 1569 3035 auxilio
1591 2987 1679 3050 quam

364 3073 518 3138 humanis
533 3071 657 3134 viribus
672 3067 792 3131 fretum
809 3068 1005 3132 diiudicab0.
1028 3069 1093 3130 Hoc
1111 3074 1264 3146 prestans
1287 3087 1409 3132 munus
1425 3087 1529 3150 quam
1544 3070 1681 3132 celeriter
1762 3079 1763 3152 )

363 3171 561 3252 amplectere
571 3168 722 3247 princeps
738 3167 981 3245 sapientissime
997 3165 1126 3230 :fruere
1141 3168 1378 3247 tranquillitate
1387 3185 1488 3247 quam
1503 3185 1563 3230 rex
1574 3183 1679 3248 regum
1762 3155 1763 3184 l

365 3269 519 3353 pacificus
538 3267 693 3348 Bagyazit
713 3265 794 3328 nulli
812 3281 960 3345 unquam
978 3266 1102 3344 petenti
1126 3265 1304 3347 denegauit
1328 3286 1336 3328 :
1358 3283 1474 3330 verum
1499 3271 1680 3329 cunctomm

364 3370 548 3451 legationes
568 3365 619 3428 sui
641 3363 775 3426 exordio
796 3363 998 3442 principatus
1026 3364 1230 3426 humanitate
1249 3369 1282 3426 et
1301 3364 1530 3428 beniuolenoia
1554 3364 1677 3441 excepit.

296 3505 301 3510 -
366 3471 427 3532 Ero
452 3466 540 3528 enim
562 3461 671 3526 fautor
690 3466 745 3524 tua
768 3462 927 3538 prestanti
947 3461 1067 3523 virtute
1086 3460 1249 3538 impulsus
1269 3462 1321 3523 oui
1334 3461 1565 3539 obtemperare
1583 3459 1678 3537 cupio.

367 3565 455 3628 Vale.
468 3566 533 3628 Nec
547 3560 779 3642 magnanimus
796 3559 954 3638 magister
974 3559 1183 3622 suauioribus
1204 3559 1298 3621 dictis
1318 3564 1482 3634 mouetur,
1499 3563 1533 3621 at
1548 3556 1680 3637 presagit
1762 3559 1763 3646 )

368 3681 432 3743 quo
447 3660 586 3723 tendant
600 3658 730 3721 barbari
747 3661 846 3732 arteS,
863 3658 931 3737 qui,
948 3659 1050 3721 missa
1064 3659 1158 3721 solita
1172 3657 1312 3734 feritate,
1334 3659 1446 3721 mitius
1463 3658 1616 3737 loquitur.
1632 3654 1681 3716 l'el

368 3762 502 3844 quidem
524 3759 637 3838 lingue
659 3773 763 3836 sagax
788 3757 940 3835 princeps
965 3773 1032 3819 non
1055 3757 1209 3834 desumit,
1235 3763 1273 3820 ut
1298 3757 1460 3819 virulente
1482 3755 1586 3818 caude
1607 3755 1679 3815 ictus

367 3859 467 3932 vitet;
483 3873 544 3918 nec
560 3854 766 3933 floccipendit
788 3871 920 3931 suasus,
943 3855 1001 3916 sed
1022 3861 1058 3917 ut
1081 3857 1209 3917 cautius
1233 3853 1342 3918 firmet
1363 3855 1495 3934 pedem,
1511 3859 1543 3917 et
1556 3852 1680 3914 nuncios
1762 3851 1763 3938 ξ

366 3952 561 4019 missitando
580 3957 712 4030 tempus
727 3955 872 4025 terarum
893 3951 1026 4014 fraterni
1048 3951 1175 4013 dissidii
1196 3953 1320 4014 exitum
1335 3953 1538 4015 eminentem
1553 3948 1679 4031 pruden·
1762 3995 1763 3998 η

368 4063 419 4118 ter
436 4056 623 4132 expectans.
649 4050 777 4112 Litteris
799 4051 1017 4129 respondens,
1036 4051 1079 4112 ad
1100 4050 1228 4113 basiam
1251 4051 1425 4130 epistolam
1447 4050 1559 4112 scribit
1577 4049 1608 4110 in
1630 4046 1680 4106 hec
1762 4055 1763 4128 3

367 4153 479 4217 uerba.

411 4347 423 4377 ι
444 4322 561 4384 Littere
573 4321 721 4398 magistri
735 4319 840 4380 Rhodi
858 4319 899 4379 od
912 4319 1037 4380 basiam
1055 4325 1236 4400 responsiue
1250 4337 1344 4400 super
1361 4317 1487 4396 foedere
1504 4311 1645 4377 ineundo.

414 4517 425 4552 ι
451 4495 566 4556 Petrus
581 4491 781 4554 Daubusson
802 4489 1003 4553 Rhodiorum
1023 4490 1182 4570 magister
1209 4489 1391 4552 clarissimo
1415 4487 1603 4548 thurcorum
1620 4492 1680 4557 pre·
1762 4559 1763 4572 ,

369 4593 453 4656 fecto
473 4593 611 4656 Achmat
631 4591 725 4654 basio
748 4589 849 4668 Regio
876 4589 1061 4650 consiliario
1087 4589 1119 4651 S.
1136 4591 1173 4651 D.
1200 4587 1345 4667 Epistola
1366 4591 1422 4648 tua
1437 4581 1634 4646 humanitate
1653 4576 1679 4633 et
1762 4649 1763 4656 ἵ

370 4690 548 4772 prudencia
571 4686 691 4750 referta
710 4685 807 4748 nobis
839 4685 967 4748 reddita
992 4691 1054 4758 est,
1077 4703 1142 4765 que
1163 4685 1205 4748 ad
1231 4701 1345 4764 pacem
1364 4679 1544 4745 ineundam
1565 4671 1677 4737 suadet.
1762 4745 1763 4752 ἵ

370 4794 435 4854 Nec
450 4789 538 4852 enim
558 4789 751 4868 ignoramus
775 4789 897 4863 quanta
913 4785 999 4846 bona
1015 4801 1080 4863 pax
1098 4784 1260 4862 parturire
1279 4783 1394 4854 soleat,
1411 4785 1445 4844 et
1461 4793 1560 4858 quam
1577 4769 1676 4836 efficax

371 4889 413 4948 sit
426 4888 536 4965 ipsum
549 4884 697 4948 diuinum
712 4899 844 4958 munus,
857 4882 946 4969 quod
962 4883 1051 4944 orbis
1062 4873 1249 4946 machinam
1263 4881 1358 4961 regit.
1376 4881 1481 4957 Quam
1496 4877 1524 4938 si
1537 4866 1674 4935 mortales

370 4984 523 5062 amplecti
543 4983 725 5057 studerent,
743 4987 776 5045 et
796 4981 937 5062 quisque
956 4980 1025 5042 suis
1046 4977 1170 5042 finibus
1190 4985 1280 5043 esset
1299 4981 1486 5050 contentus,
1509 4977 1541 5036 et
1554 4977 1675 5034 aureum
1762 4971 1763 5040 ζ

371 5077 516 5158 profecto
529 5079 677 5143 seculum
690 5079 899 5144 haberemus.
914 5081 955 5140 nt
970 5094 1050 5140 seua
1063 5078 1225 5157 rapacitas
1239 5082 1272 5140 et
1285 5075 1475 5138 dominandi
1487 5068 1596 5142 libido,
1608 5075 1674 5142 ‹11¹0-
1762 5119 1763 5168 ἐ
