3422 6034
84 463 261 530 [tmvtertlttt]
395 463 522 520 RERUM
547 463 775 522 UHBANARUM
801 464 1065 524 COMMENTARII.
1342 473 1393 527 387

83 621 212 718 procis,
229 627 267 693 ut
282 620 475 718 prefertur,
491 619 677 710 ordinatis,
704 617 1020 694 vicecancellarius
1036 620 1262 718 baptizando,
1282 620 1395 696 semel

85 754 205 820 tantum
220 769 302 818 cum
313 769 407 841 aqua
422 769 568 820 crucem
587 743 673 818 fecit
689 767 798 848 super
813 743 990 818 cervicem
1006 743 1232 842 baptizan'de,
1251 743 1395 818 interim

83 871 191 945 dicens
206 871 242 942 in
255 872 396 944 nomine
410 872 545 961 Patris,
568 881 631 943 etc.

125 997 233 1070 Finito
247 995 382 1087 officio,
400 995 578 1092 baptizata
593 997 636 1068 ad
653 996 801 1068 domum
819 995 929 1092 patris
943 1001 1125 1092 reportata
1140 1003 1208 1086 est,
1227 1001 1262 1068 et
1278 993 1395 1070 cardi-

85 1122 171 1196 nales
186 1143 313 1194 omnes
328 1119 374 1192 ad
390 1144 454 1193 sua
465 1120 600 1217 palatia
616 1120 813 1210 redieruut,
832 1120 959 1210 tribus,
978 1123 1245 1210 Beneventano,
1265 1120 1395 1193 Ursino

85 1253 114 1320 et
134 1271 162 1319 s.
186 1245 374 1319 Anastasia
396 1245 565 1343 demptis,
588 1245 663 1341 qui,
689 1245 832 1319 sirecte
855 1243 1017 1334 memini,
1037 1243 1246 1342 priusquam
1267 1247 1311 1320 ad
1332 1269 1397 1318 sua

84 1371 198 1468 palatia
213 1371 386 1460 redirent,
404 1371 607 1468 predictum
634 1370 867 1444 Franciscum
888 1371 989 1460 Cibo,
1015 1373 1116 1469 cujus
1132 1372 1206 1446 filia
1220 1372 1396 1470 baptizata

82 1504 138 1588 est,
154 1497 189 1570 in
203 1497 335 1594 palatio
356 1519 420 1570 suo
435 1497 677 1571 visitaverunt.

122 1623 219 1696 Feria
239 1621 357 1712 tertia,
391 1629 411 1698 5
437 1622 523 1696 dicti
543 1623 680 1696 mensis
702 1623 873 1720 januarii,
889 1625 1009 1722 vigilia
1031 1625 1220 1723 epiphanie
1237 1625 1393 1718 Domini,

82 1749 213 1822 fuerunt
231 1771 381 1846 vespere
403 1749 551 1845 papales
571 1749 608 1820 in
629 1749 765 1847 capella
792 1750 930 1847 majore
951 1750 1072 1847 palatii
1093 1750 1281 1848 apostolici
1301 1751 1398 1849 apud

82 1899 106 1946 s.
131 1877 287 1966 Petrum,
315 1878 411 1971 Papa
431 1881 623 1971 presente;
645 1882 681 1949 et
696 1875 753 1948 die
775 1875 953 1971 sequenti,
972 1875 1261 1972 festorejusdem,
1287 1877 1397 1950 missa

83 1998 240 2073 solemnis
255 1999 294 2072 in
309 1999 459 2072 basilica
479 2025 509 2072 s.
538 1999 633 2072 Petri
654 2023 761 2095 quam
777 2000 969 2074 celebravit
989 2005 1112 2075 Rmus.
1139 2005 1181 2074 D.
1206 2002 1397 2076 cardinalis

82 2125 337 2222 Neapolitanus
369 2128 467 2223 Papa
501 2131 672 2222 presente
704 2149 710 2196 :
750 2149 956 2200 sermonem
995 2126 1078 2200 fecit
1108 2127 1253 2223 quidam
1287 2130 1398 2201 frater

82 2250 202 2324 ordinis
218 2276 404 2325 servorum
419 2252 524 2325 beate
536 2251 661 2324 llarie.
676 2251 739 2324 SS.
757 2255 800 2324 l).
819 2256 861 2326 N.
880 2259 1073 2349 antequam
1087 2253 1198 2326 exiret
1215 2277 1396 2326 cameram

81 2379 283 2472 paramenti,
296 2384 486 2475 postquam
506 2376 627 2450 omnia
651 2383 863 2474 paramenta
886 2385 1088 2477 acceperat,
1106 2379 1195 2452 mihi
1217 2379 1398 2452 mandavit

83 2509 113 2574 ut
126 2507 195 2577 BR.
218 2508 289 2576 PP.
307 2503 381 2577 DD.
407 2502 644 2578 Benedictum
662 2503 977 2601 archiepiscopum
1002 2503 1263 2595 Nicosiensern,
1283 2507 1397 2578 Anto-

81 2627 166 2701 nium
188 2630 232 2705 de
253 2630 396 2703 Grassis
417 2630 628 2727 episcopum
651 2629 890 2718 Tiburtinum,
915 2629 1122 2703 Sanctitatis
1147 2653 1210 2704 sue
1233 2630 1397 2704 referen-

82 2751 208 2825 darium
232 2759 415 2828 secretum
445 2755 614 2828 etunius
648 2777 692 2828 es
716 2754 808 2828 sacri
837 2754 959 2851 palatii
991 2755 1179 2852 apostolici
1205 2780 1397 2829 cansarum

82 2877 293 2953 auditoribus
305 2879 427 2953 locum
438 2885 624 2953 tenentem
643 2885 679 2952 et
699 2879 881 2953 Hibletum
894 2881 938 2954 de
955 2881 1072 2953 Flisco
1089 2881 1184 2953 sedis
1200 2881 1396 2978 apostolice

82 3005 370 3098 protonotarium,
401 3029 492 3102 quos
519 3005 555 3078 in
581 3029 664 3079 suos
695 3006 905 3079 assistentes
935 3007 1160 3081 ordinaverat
1189 3006 1283 3079 inter
1307 3006 1395 3078 alios

82 3129 280 3206 assistentes
301 3132 470 3206 ducerem
491 3155 532 3205 ao
553 3131 650 3227 ipsos
669 3130 707 3203 iu
733 3131 944 3204 assistentes
967 3131 1077 3228 recipi
1099 3131 1308 3205 mandarem
1332 3154 1397 3228 per

81 3254 159 3329 alios
173 3259 404 3348 assistentes,
425 3258 534 3355 quod,
552 3257 696 3354 incepta
710 3257 875 3354 epistola,
893 3256 975 3330 feci.
994 3307 998 3316 »
1055 3289 1069 3360 j
1323 3350 1329 3362 Ι

121 3385 221 3460 Festo
243 3384 450 3482 epiphanie,
474 3389 495 3456 6
518 3382 688 3479 januarii,
710 3382 806 3456 circa
821 3384 950 3456 horam
967 3382 1190 3478 vigesimam,
1213 3389 1393 3478 portatum

80 3513 125 3578 est
138 3508 181 3582 ad
193 3509 381 3582 basilicam
395 3533 424 3582 s.
448 3507 559 3597 Petri,
579 3507 733 3579 cadaver
749 3507 820 3580 sive
842 3530 973 3604 corpus
994 3508 1167 3581 iohannis
1190 3507 1234 3580 dc
1254 3507 1398 3581 Lanfre-

79 3629 159 3706 diuis
178 3634 332 3709 oratoris
357 3631 631 3709 communitatis
653 3631 958 3722 Florentinorum,
980 3633 1025 3705 ad
1048 3636 1112 3706 SS.
1136 3637 1178 3705 D.
1197 3636 1240 3706 N.
1258 3633 1396 3706 dudum

79 3754 246 3848 destinati,
266 3759 328 3855 qui
342 3759 422 3833 heri
438 3762 520 3855 post
532 3756 723 3853 prandium
735 3757 831 3831 diem
844 3758 973 3832 clausit
988 3767 1202 3833 extremum.
1221 3761 1399 3832 Exhuma-

79 3887 144 3954 tum
166 3883 232 3958 fuit
253 3907 386 3981 corpus
408 3886 485 3981 ejus
507 3889 543 3958 et
563 3883 704 3958 viscera
720 3883 877 3980 sepulta;
900 3907 1031 3981 corpus
1051 3909 1136 3960 vero
1156 3893 1348 3984 postquam
1362 3885 1395 3958 in

79 4005 258 4081 ecclesiam
282 4014 464 4104 portatum
484 4008 564 4099 fuit,
588 4016 625 4083 et
644 4007 807 4082 officium
830 4031 872 4082 ac
895 4031 1014 4082 sermo
1038 4011 1233 4106 completa,
1255 4010 1398 4106 deposi-

80 4135 145 4203 tum
169 4133 233 4208 fuit
253 4135 292 4208 in
315 4134 473 4230 quadam
491 4159 600 4233 capsa
623 4134 694 4208 tela
714 4133 818 4231 nigra
839 4133 1062 4208 circumdata
1080 4142 1114 4209 et
1138 4158 1247 4232 capsa
1265 4135 1343 4230 ipsa
1361 4133 1398 4205 in

82 4257 258 4352 capellas.
283 4260 395 4335 llarie
422 4260 467 4335 de
490 4260 654 4335 Floribus
678 4259 749 4334 sive
772 4284 884 4358 prope
906 4283 986 4334 eam
1008 4261 1179 4356 reposita,
1204 4259 1287 4356 quia
1308 4258 1398 4331 infra

81 4403 203 4476 paucos
218 4385 297 4459 dies
314 4386 530 4462 Florentiam
544 4386 760 4484 portandum
776 4392 864 4476 erat,
880 4392 987 4483 prout
1000 4387 1108 4460 etiam
1125 4386 1189 4459 fuit
1203 4389 1397 4482 portatum.

81 4505 314 4585 iuterfuerunt
328 4511 463 4587 familie
481 4514 544 4586 SS.
565 4515 608 4584 D.
637 4514 679 4586 N.
703 4517 739 4585 el
759 4515 976 4584 thmorum.
1000 4515 1076 4584 Dl).
1100 4509 1334 4583 cardinalium
1356 4533 1398 4581 ac

82 4638 231 4708 oratores
248 4635 284 4708 in
300 4658 451 4710 romana
464 4636 563 4710 curia
576 4643 764 4734 presentes
783 4660 790 4708 :
811 4635 939 4732 prelati
962 4641 998 4708 et
1019 4640 1181 4708 oratores
1197 4655 1398 4730 congrega-

83 4763 155 4829 runt
184 4783 222 4834 se
250 4759 286 4832 in
317 4761 435 4859 prima
465 4785 610 4836 camera
640 4767 722 4859 post
759 4759 892 4849 aulam,
923 4759 967 4830 ¹in
998 4783 1068 4854 qua
1095 4759 1203 4832 etiam
1227 4758 1400 4832 sedebant

80 4881 144 4953 tres
173 4885 319 4976 funesti,
359 4887 465 4980 filius,
496 4888 645 4962 maritus
679 4886 751 4959 filie
784 4891 819 4958 et
849 4885 961 4957 frater
995 4885 1116 4957 uxoris
1156 4909 1238 4974 sue;
1271 4907 1403 4980 corpus

80 5001 214 5096 jacebat
226 5009 264 5083 iu
279 5011 361 5086 aula
376 5037 484 5110 supra
497 5035 662 5087 mensam
680 5033 781 5084 more
805 5009 925 5100 solito,
945 5007 1090 5082 etciroa
1105 5007 1287 5082 hincinde
1302 5007 1405 5080 sede·
1497 5073 1500 5080 .

86 5125 163 5203 baut
191 5133 383 5211 familiares
413 5136 467 5212 sui
506 5135 639 5211 funesti
669 5134 814 5209 circiter
847 5133 990 5225 decem,
1022 5133 1245 5208 funeralibus
1275 5132 1404 5230 pannis
