3422 6034
310 483 363 539 392
668 473 672 484 '
764 477 939 535 JOHANNIS
964 475 1185 549 auscultant,
1441 480 1624 548 [tenuerint

312 659 391 708 snm
406 633 553 710 daturus
572 641 678 707 :tunc
695 631 880 706 exivimus.
905 633 1023 708 Litere
1040 633 1168 708 eadem
1182 633 1258 707 sere
1275 633 1510 710 continebant
1524 659 1587 730 que
1598 645 1627 711 et

311 763 380 834 alie
397 763 557 860 predicto
575 764 637 834 SS.
658 765 698 834 D.
717 763 759 833 N.
778 763 997 856 presentata.

361 887 563 974 Dominica,
588 877 628 957 lt
660 884 744 958 dicti
766 882 901 957 mensis
917 884 1087 980 januarii,
1110 884 1242 958 testum
1271 909 1300 957 s.
1330 885 1445 974 Pauli,
1468 891 1509 959 R.
1534 889 1569 959 P.
1591 890 1625 960 D.

311 1012 495 1084 lohannes
521 1011 711 1106 episcopus
733 1009 972 1082 Tornecensis
994 1012 1057 1084 SS.
1086 1013 1129 1082 D.
1159 1013 1201 1084 N.
1232 1011 1407 1106 magister
1436 1011 1573 1094 domus,
1593 1035 1627 1084 es

314 1137 570 1210 commissione
596 1136 659 1208 SS.
688 1139 729 1207 D.
759 1137 801 1207 N.
832 1133 975 1208 donavit
1004 1134 1155 1211 heraldo
1181 1135 1345 1232 predicto
1372 1159 1484 1209 unam
1508 1145 1629 1209 vestem

313 1264 459 1358 longam
481 1284 594 1356 usque
617 1261 662 1333 ad
686 1268 833 1347 terram,
855 1258 911 1332 rel
931 1259 1112 1354 quosi‚'ex
1139 1259 1289 1334 brucato
1310 1283 1422 1334 aureo
1445 1261 1631 1334 cremosino

313 1389 466 1487 pellibus
489 1396 728 1462 martorarum
756 1382 936 1460 sullultam
966 1409 974 1456 :
997 1383 1185 1458 dicebatur
1203 1386 1340 1461 habere
1361 1410 1498 1460 cannas
1518 1408 1630 1459 nerem

314 1536 428 1587 eenne
454 1512 584 1586 valoris
615 1513 827 1585 ducatorum
851 1533 935 1596 xxx,
965 1517 1000 1584 et
1021 1535 1087 1608 pro
1113 1511 1304 1585 suffultura
1328 1511 1481 1586 ducatos
1501 1535 1542 1584 nx
1564 1533 1631 1584 esse

315 1639 516 1736 expositos3
540 1637 698 1712 sednon
721 1636 829 1709 credo
846 1657 929 1706 curu
951 1637 993 1706 D.
1020 1636 1264 1710 Bernardinus
1285 1635 1467 1709 Gambara
1489 1641 1632 1709 secretus

314 1753 554 1828 cubicularius
570 1753 658 1824 mihi
675 1753 811 1829 diceret
831 1782 897 1855 pro
915 1766 1014 1834 veste
1039 1736 1118 1858 ipsa
1138 1767 1172 1836 et
1195 1762 1273 1859 ejus
1297 1761 1520 1834 subductura
1540 1759 1632 1832 duca-

315 1887 370 1954 tus
394 1903 415 1952 e
439 1904 519 1953 esse
543 1903 742 1976 expensos3
767 1906 836 1978 qua
860 1892 959 1960 veste
986 1885 1083 1958 idem
1110 1885 1281 1961 heraldus
1305 1885 1479 1960 adstatim
1504 1884 1632 1958 indutus

314 2013 419 2080 estet
439 2006 474 2077 in
490 2029 546 2096 ea,
564 2005 599 2078 in
621 2005 770 2079 basilica
790 2031 826 2080 a..
841 2011 951 2098 Petri,
974 2013 1122 2084 missam
1143 2011 1290 2085 audivit.
1313 2011 1466 2086 Vultum
1485 2017 1631 2084 sanetum

314 2130 472 2220 Domini,
498 2131 556 2226 qni
579 2131 747 2204 omnibus
770 2133 913 2228 publice
942 2141 1108 2208 ostensus
1131 2142 1199 2224 est,
1223 2133 1325 2224 uidit,
1349 2133 1485 2208 deinde
1503 2133 1632 2207 domun

314 2257 484 2352 equitavit
500 2263 536 2330 et
555 2279 577 2329 a
591 2256 803 2331 marchione
816 2258 979 2355 predicto
996 2260 1126 2333 iterum
1139 2267 1174 2334 et
1190 2283 1249 2334 me
1265 2259 1469 2332 associatus
1482 2265 1549 2333 est.

362 2381 467 2455 Feria
484 2381 604 2473 tertia,
633 2387 675 2455 ru
698 2382 784 2456 dicti
803 2383 939 2456 mensis
957 2385 1127 2482 januarii,
1147 2384 1333 2482 predictus
1351 2383 1528 2458 heraldus
1549 2384 1633 2479 equi·

314 2509 401 2582 tavit
430 2507 617 2604 Neapolim
647 2533 729 2581 cum
758 2509 871 2582 literis
897 2509 1126 2606 imperatoris
1148 2517 1183 2584 et
1210 2509 1307 2606 regis
1336 2513 1580 2584 Romanomm
1601 2531 1633 2580 ac

316 2635 454 2707 Alberti
471 2634 570 2706 ducis
588 2635 749 2723 Bavarie,
768 2635 813 2708 ad
828 2655 954 2730 regem
971 2631 1260 2729 Neapolitanum.
1279 2634 1366 2705 Cum
1382 2655 1426 2704 eo
1446 2632 1634 2728 equitarunt

319 2762 361 2831 D.
380 2758 548 2831 Nicolaus
566 2759 781 2832 Barchensis
803 2767 838 2833 et
859 2759 929 2832 duo
950 2758 1009 2832 alii
1029 2757 1268 2832 ecclesiastici
1288 2763 1325 2832 et
1337 2757 1528 2830 familiaris
1540 2779 1632 2842 suus3

316 2885 402 2958 item
421 2892 456 2958 et
475 2891 547 2958 tres
564 2884 737 2958 balistarii
752 2885 796 2960 de
813 2885 977 2958 custodie
993 2887 1056 2958 SS.
1079 2888 1122 2958 D.
1143 2887 1186 2957 N.
1207 2882 1381 2979 usquead
1401 2883 1632 2958 Terracinam.
1701 2923 1702 2995 t

316 3009 540 3081 presentavit
566 3007 690 3080 literas
716 3009 790 3104 regi
818 3008 1067 3104 Neapolitano,
1095 3032 1208 3105 aquo
1228 3009 1373 3106 penitus
1394 3008 1488 3082 nihil
1509 3007 1632 3087 habuit.

316 3157 434 3228 neque
450 3132 585 3204 bonum
602 3131 766 3205 verbum.
785 3133 903 3206 Rediit
922 3133 967 3206 ad
979 3134 1112 3252 Urbem
1124 3158 1169 3208 ex
1185 3133 1348 3230 Neapoli,
1367 3133 1464 3208 adia
1479 3132 1632 3206 februarii

315 3258 351 3328 in
375 3280 471 3331 sero.
495 3257 623 3330 Litoris
650 3257 878 3354 imperatoris
906 3259 957 3332 sic
980 3259 1264 3356 suprascriptum
1292 3265 1370 3332 erat
1393 3282 1401 3330 :
1427 3259 1634 3332 sambatius

309 3382 464 3478 principi
477 3381 704 3453 Fordinando
719 3384 796 3479 rcpi
806 3381 925 3456 Sicilie
938 3384 1049 3482 fratri
1062 3396 1179 3458 nostro
1195 3383 1374 3457 carissimo
1384 3410 1400 3472 ,·
1410 3383 1541 3458 litteris
1554 3381 1634 3478 regis

316 3511 559 3579 Romanorum
586 3508 869 3604 suprascriptum
895 3515 971 3582 erat
996 3509 1207 3604 hujusmodi
1231 3533 1239 3581 :
1259 3509 1482 3582 serenissimo
1496 3507 1635 3605 principi
1699 3597 1700 3624 χ

315 3630 541 3706 Ferdinando
569 3637 646 3733 cepi
673 3635 793 3707 Sicilie
815 3647 849 3708 et
868 3633 1095 3707 Hierusalem
1126 3634 1389 3730 consanpaineo
1417 3645 1454 3706 ct
1477 3632 1634 3732 confratri
1699 3629 1700 3695 l

316 3767 433 3828 nostro
448 3758 640 3831 carissimo.
660 3760 779 3834 Litere
791 3759 892 3832 discis
907 3758 1044 3833 Alberti
1060 3782 1098 3832 se
1117 3757 1393 3832 intitulabantur
1409 3782 1417 3830 :
1435 3757 1538 3832 Illas.
1549 3757 1634 3854 pnic—

316 3878 384 3974 cipi
395 3877 621 3954 Ferdinanalo
634 3884 712 3979 rapi
725 3882 961 3980 Neapolitano
976 3881 1117 3954 domina
1132 3895 1168 3956 et
1180 3883 1292 3957 amico
1306 3883 1506 3957 samsima.
1529 3883 1630 3956 Litere

316 4003 477 4100 predicte
493 4011 567 4077 tres
585 4007 672 4079 milri
689 4007 771 4080 date
788 4007 931 4082 luerunt
946 4029 1011 4104 per
1026 4011 1068 4080 D.
1089 4008 1348 4105 Hieronymum
1365 4007 1562 4082 Dalhanum
1577 4006 1629 4078 SS.

318 4135 359 4204 D.
391 4135 433 4204 Ν.
465 4155 556 4228 pape
578 4134 812 4207 secretarium
839 4132 1086 4228 consignanda
1115 4134 1278 4224 heraldo,
1316 4157 1382 4230 per
1419 4135 1538 4232 ipsum
1567 4129 1629 4226 regi

316 4257 551 4353 Neapolitano
571 4258 766 4333 deferende
785 4267 821 4333 et
841 4257 1082 4356 presentande
1106 4283 1113 4330 :
1137 4259 1247 4354 ligate
1267 4266 1390 4332 autem
1414 4265 1518 4334 erant
1539 4254 1629 4330 simul
1697 4349 1698 4358 ἵ

316 4383 352 4452 in
377 4407 449 4455 una
479 4382 620 4474 charta,
653 4409 722 4480 que
747 4385 953 4482 hujusmodi
979 4383 1283 4481 subscriptionem
1313 4381 1472 4457 habebat
1496 4409 1503 4456 :
1529 4382 1629 4456 Litere
1697 4371 1698 4380 ἒ

314 4507 528 4578 serenissimi
552 4509 771 4604 imperatoris
793 4513 942 4608 atrapis
964 4513 1223 4608 Romanorum,
1245 4542 1287 4590 ac
1306 4515 1410 4591 Illas.
1434 4519 1484 4592 D.
1510 4511 1630 4589 Aldcrti

315 4630 413 4701 deicis
438 4630 607 4720 Sasonis,
636 4636 698 4731 qai
720 4635 825 4708 babet
842 4637 959 4733 filiam
978 4639 1200 4736 imperatoris
1225 4643 1261 4715 in
1282 4668 1443 4734 ararem,
1469 4643 1517 4716 ad
1531 4659 1626 4736 repar
1696 4699 1697 4743 p

317 4754 590 4849 Neapolitanam
607 4757 796 4856 deferende
803 4785 871 4857 per
888 4761 1073 4838 heraldum
1088 4765 1329 4862 Imperatoris.

368 4877 523 4952 Sabbata
543 4885 586 4954 23
611 4881 695 4956 dicti
719 4887 854 4958 mensis
871 4889 1027 4985 januarii
1050 4892 1227 4979 inmane,
1249 4893 1314 4967 luit
1335 4893 1541 4967 convocatio
1561 4909 1625 4960 om-

320 5003 418 5072 nium
439 5004 674 5080 cardinalium
694 5009 731 5081 in
752 5011 885 5106 palatio
910 5015 1122 5111 apostolico,
1150 5041 1232 5090 cum
1256 5019 1318 5092 SS.
1344 5023 1387 5092 D.
1415 5021 1473 5107 N.‚
1502 5023 1535 5090 et
1557 5011 1625 5109 ipsis
1695 5003 1696 5091 l

319 5125 502 5202 notificata
527 5155 592 5226 per
624 5135 859 5209 sanctitatem
886 5163 986 5212 suam
1021 5141 1216 5215 eoncordia
1236 5167 1302 5239 per
1329 5165 1455 5240 regem
1475 5135 1623 5236 Hispane
