3578 6032
323 520 376 575 set
884 515 1098 573 APPENDICE.

323 687 401 734 vero
425 670 553 733 virtutis
578 686 689 732 amore
722 670 996 747 persequebatur.
1028 669 1156 745 Quanto
1185 670 1296 728 autem
1324 665 1472 728 literatos
1502 663 1659 726 homines

324 765 435 829 studio
461 766 733 845 completahatur,
765 771 927 844 quantum
951 765 1097 840 honoriS,
1132 767 1294 842 quantum
1318 764 1416 826 etiam
1446 763 1660 826 reuerentiae

323 865 477 928 omnibus
493 865 679 938 exhibebat,
698 870 861 943 quantum
873 865 1015 944 denique
1028 879 1148 942 operae
1160 861 1411 942 industriaeque
1427 879 1508 924 suae
1521 860 1660 941 conqui-

324 963 436 1025 rendis
451 967 520 1026 toto
536 964 616 1025 orbe
632 968 805 1038 terrarum,
823 964 1079 1041 coemendisque
1093 961 1227 1041 linguae
1243 959 1415 1038 utriusque
1430 959 1659 1022 uoluminibus

324 1062 451 1140 posuit;
466 1067 675 1140 quantosque
690 1061 723 1122 in
740 1078 777 1122 ea
801 1078 836 1122 re
857 1079 957 1140 quam
977 1062 1138 1122 immanes
1157 1061 1310 1136 sumptus
1325 1055 1411 1134 fecit,
1428 1063 1546 1120 utnon
1560 1061 1659 1120 aetas

325 1158 529 1236 medebam,
553 1163 610 1221 aut
631 1159 692 1220 hoc
717 1159 897 1234 saeculum,
921 1158 980 1221 sed
999 1159 1175 1238 posteritas
1200 1159 1299 1219 etiam
1323 1157 1407 1236 ipsa,
1427 1157 1606 1219 maximam
1621 1157 1657 1218 in

321 1255 419 1319 huius
435 1257 576 1319 hominis
592 1256 727 1318 interitu
742 1256 903 1319 iacturam
915 1256 1036 1346 fecerit.
1049 1258 1203 1320 Ceterum
1214 1257 1497 1318 consolanturnos
1509 1255 1658 1317 maximo

322 1353 355 1415 in
371 1354 460 1416 luctu
472 1352 567 1416 liberi
588 1353 671 1428 eius,
697 1357 788 1415 tanto
809 1358 903 1432 patre
923 1352 1121 1434 dignissimi,
1144 1371 1286 1434 quorum
1311 1355 1367 1432 qui
1390 1353 1554 1416 maximus
1573 1357 1659 1414 natu

322 1454 448 1530 Petrus,
473 1451 607 1515 vixdum
628 1453 771 1530 primum
791 1458 823 1514 et
847 1453 1044 1532 vigesimum
1064 1454 1237 1534 ingressus
1261 1469 1396 1528 annum,
1416 1457 1505 1516 tanta
1532 1451 1599 1514 iam
1622 1455 1657 1512 et

321 1553 483 1631 gravitate
496 1557 528 1614 et
542 1552 729 1631 prudentia,
748 1556 780 1612 ct
797 1552 997 1614 authoritate
1011 1551 1134 1614 molem
1150 1552 1251 1612 totius
1267 1551 1358 1629 Reip.
1374 1555 1551 1625 sustentat,
1568 1551 1657 1611 utin

323 1649 487 1712 aestatim
502 1651 663 1712 reuixisse
689 1650 819 1731 genitor
844 1650 1040 1712 Laurentius
1055 1650 1271 1712 existimetur.
1294 1649 1384 1710 Alter
1396 1665 1560 1712 annorum
1573 1647 1658 1710 duo-

323 1744 484 1826 deuiginti
501 1749 652 1824 loannes
668 1753 700 1811 et
715 1747 898 1810 Cardinalis
911 1747 1137 1826 amplissimus
1151 1746 1254 1828 (quod
1264 1763 1435 1826 nunquam
1450 1748 1605 1825 cuiquam
1620 1745 1658 1807 id

321 1845 439 1906 aetatis
452 1847 634 1925 contigerit)
647 1851 679 1908 et
691 1845 778 1908 idem
789 1843 951 1924 pontificis
966 1846 1120 1920 maximo,
1137 1863 1204 1908 non
1220 1846 1253 1908 in
1269 1845 1432 1908 Ecclesiae
1448 1844 1656 1908 Patrimonio

323 1942 494 2020 duntaxat,
510 1944 569 2006 sed
583 1945 615 2006 in
629 1945 753 2023 patriae
768 1960 901 2023 quoque
913 1959 993 2005 suae
1009 1943 1216 2006 distinctione
1233 1943 1375 2022 legatus
1394 1943 1493 2004 talem
1505 1947 1657 2004 tantum·

322 2057 387 2119 que
403 2057 438 2102 se
452 2043 517 2103 iam
534 2047 600 2104 tam
615 2042 726 2105 arduis
747 2044 889 2122 negotiis
904 2043 990 2122 gerit
1004 2047 1036 2104 et
1048 2046 1206 2121 praestat.
1223 2045 1259 2102 ut
1272 2042 1418 2104 omnium
1436 2044 1469 2103 in
1484 2059 1521 2104 se
1534 2045 1657 2103 morta-

321 2140 402 2202 lium
413 2142 525 2204 oculos
538 2142 746 2218 conuerterit,
756 2146 857 2220 atque
867 2141 1092 2202 incredibilem
1103 2138 1282 2218 quandam,
1292 2141 1343 2201 cui
1354 2156 1578 2219 responsurus
1589 2139 1656 2217 pla·

320 2237 457 2300 nissime
473 2243 534 2314 est,
548 2240 807 2318 expectationem
824 2240 1050 2302 concitauerit.
1068 2238 1194 2302 Tertius
1207 2255 1316 2316 porro,
1333 2239 1657 2317 lulianus‚impubes

322 2335 438 2411 adhuc,
449 2337 575 2416 pudore
585 2343 695 2400 tamen
707 2356 744 2400 ac
753 2342 939 2413 venustate,
950 2353 1058 2416 neque
1069 2352 1136 2399 non
1148 2335 1329 2413 probitatis,
1339 2341 1371 2397 et
1380 2337 1502 2416 ingenii
1517 2335 1658 2398 mirifica

320 2433 464 2511 quadam
481 2436 747 2516 suauissimaque
768 2436 890 2512 indole,
907 2435 1009 2498 totius
1023 2435 1085 2497 sibi
1104 2436 1170 2496 iam
1185 2434 1327 2497 ciuitatis
1342 2435 1471 2496 animos
1492 2435 1654 2497 depinxit.

321 2533 490 2594 Verumut
503 2533 544 2596 de
560 2534 633 2596 aliis
653 2535 868 2613 inpraesenti
886 2539 1022 2610 taceam,
1044 2534 1085 2596 de
1099 2535 1192 2596 Petro
1216 2539 1302 2596 certe
1323 2533 1396 2612 ipso
1424 2533 1577 2596 cohibere
1600 2551 1657 2596 me

321 2645 389 2690 non
405 2645 553 2708 possum,
568 2633 649 2710 quin
664 2633 786 2694 recenti
800 2649 836 2693 re
851 2632 1078 2694 testimonium
1098 2633 1160 2694 hoc
1176 2633 1247 2695 loco
1262 2635 1438 2710 paternum
1452 2631 1656 2694 adscribam.

322 2727 458 2790 Duobus
481 2729 607 2792 circiter
627 2737 702 2793 ante
726 2730 851 2794 obitum
874 2732 1059 2806 mensibus,
1078 2747 1151 2792 cum
1166 2731 1200 2792 in
1214 2748 1273 2793 suo
1293 2729 1442 2792 cubiculo
1467 2729 1589 2792 sedens
1606 2729 1658 2807 (ut

322 2823 460 2904 solebat)
476 2829 680 2904 Laurentius
698 2829 739 2891 de
756 2829 962 2908 philosophia
979 2833 1011 2890 et
1025 2830 1128 2891 literis
1143 2829 1317 2892 nobiscum
1339 2827 1552 2902 fabularetur,
1564 2845 1603 2890 ac
1618 2843 1657 2889 se

321 2919 507 2984 destinasse
522 2923 644 2986 diceret
661 2925 822 3005 reliquam
838 2931 980 2988 aetatem
1006 2926 1095 2987 iniis
1117 2926 1235 2988 studiis
1250 2943 1380 2988 mecum
1395 2931 1515 2988 etcum
1531 2925 1655 3000 Ficino,

319 3013 457 3094 Picoque
481 3017 553 3096 ipso
574 3018 755 3082 llirandula
778 3039 984 3096 consumere,
1006 3024 1120 3101 procul
1142 3023 1262 3086 scilicet
1283 3025 1325 3086 ab
1345 3025 1428 3087 urbe
1448 3029 1478 3085 ei
1499 3025 1654 3103 strepitu,

319 3113 482 3192 negabam
499 3115 651 3192 equidem
666 3117 728 3179 hoc
743 3119 771 3179 ei
787 3135 846 3197 per
867 3121 956 3182 ciues
971 3121 1079 3194 licere,
1100 3122 1157 3200 qui
1177 3122 1313 3201 quidem
1328 3123 1361 3184 in
1377 3121 1447 3184 dies
1463 3123 1658 3184 siderentur

319 3211 438 3289 magis,
454 3213 627 3292 magisque
643 3215 748 3292 ipsius
771 3222 803 3278 et
822 3219 1008 3294 consilium,
1026 3223 1059 3282 et
1073 3221 1307 3283 authoritatem
1321 3219 1550 3283 desideraturi.
1570 3224 1655 3284 'lum

320 3307 496 3370 subridens
511 3311 566 3372 ille
583 3333 598 3367 ιι
610 3313 708 3390 Atqui
721 3315 797 3389 iam,
812 3317 928 3395 inquit,
941 3319 1029 3380 vices
1040 3324 1172 3381 nostras
1188 3319 1322 3380 alumno
1337 3324 1395 3381 tuo
1408 3317 1654 3399 delegabimus

318 3409 418 3485 atque
432 3407 466 3468 in
482 3424 557 3469 eum
572 3411 734 3472 sarcinam
749 3413 844 3490 hanc,
864 3420 896 3477 et
916 3433 1001 3478 onus
1015 3433 1114 3479 omne
1128 3417 1375 3479 reclinabinms.
1394 3443 1407 3472 »
1425 3419 1575 3498 Cumque
1591 3435 1654 3498 ego

318 3519 501 3582 rogassem,
516 3522 558 3568 an
573 3506 679 3569 adhuc
693 3509 727 3570 in
742 3511 963 3590 adolescente,
981 3519 1111 3576 tantum
1124 3515 1242 3578 virium
1254 3515 1540 3594 deprehendisset,
1557 3519 1654 3578 uteis

318 3597 483 3662 bonafide
498 3602 686 3666 incumbere
702 3607 768 3669 iam
784 3627 972 3686 possemus.
991 3637 1003 3666 ‹
1022 3613 1091 3692 Ego
1112 3629 1201 3688 vere,
1226 3613 1271 3675 ait
1289 3613 1355 3688 ille,
1379 3619 1502 3692 quanta
1526 3615 1599 3676 cius
1622 3621 1655 3677 et

318 3711 418 3772 quam
434 3699 539 3761 solida
554 3701 649 3764 video
666 3719 741 3766 esse
756 3703 983 3786 fundamenta,
1000 3709 1146 3772 laturum
1162 3727 1259 3790 spero
1274 3711 1363 3773 haud
1381 3711 1481 3774 dubie
1496 3714 1654 3793 quiequid

317 3791 578 3898 inaedificavero
596 3799 681 3862 Caue
697 3801 798 3881 igitur
816 3811 924 3882 putes,
950 3807 1086 3888 Angole,
1110 3825 1300 3888 quenquam
1323 3809 1429 3872 adhuc
1453 3827 1493 3872 ex
1515 3813 1651 3888 nostriS,

317 3887 428 3952 indole
439 3890 542 3955 fuisse
557 3899 660 3971 tanta,
677 3906 835 3977 quantam
857 3903 924 3966 iam
943 3906 1058 3968 Petrus
1079 3907 1235 3982 ostendit,
1253 3913 1290 3969 ut
1305 3923 1436 3987 sperem
1455 3907 1538 3984 fore,
1552 3915 1653 3990 atque

316 3984 400 4048 adeo
415 3989 646 4072 augurer(nisi
661 4011 714 4058 me
730 3999 835 4076 ipsius
851 4001 976 4082 ingenii
995 4004 1121 4082 aliquot
1140 4005 1207 4066 iam
1223 4007 1446 4084 experimenta
1464 4005 1651 4084 fefellerint)

316 4085 424 4145 necui
445 4087 487 4149 sit
506 4091 668 4153 maiorum
691 4111 828 4159 suorum
849 4117 1112 4164 concessurus.»
1131 4107 1240 4182 Atque
1259 4104 1358 4166 huius
1383 4103 1517 4183 quidem
1541 4106 1652 4168 iudicii

318 4185 549 4266 praesagiique
564 4193 702 4266 paterni,
720 4211 879 4274 magnum
899 4197 1044 4276 profecto
1068 4205 1100 4262 et
1120 4203 1245 4263 clarum
1270 4203 1437 4280 specimen
1459 4203 1522 4265 hoc
1546 4221 1653 4283 nuper

317 4277 415 4388 dedit,
432 4283 521 4360 quod
534 4291 718 4366 aegrotanti
734 4299 867 4369 praesto
882 4295 944 4357 fuit
957 4313 1099 4376 semper,
1113 4300 1289 4379 omniaque
1300 4317 1363 4379 per
1378 4317 1414 4362 se
1429 4317 1536 4378 paene
1552 4304 1651 4365 etiam

317 4376 447 4439 sordida
479 4383 659 4447 ministeria
686 4387 801 4465 obiuit,
830 4391 1016 4472 vigiliarum
1038 4395 1302 4474 patientissimus
1325 4403 1358 4460 et
1383 4398 1532 4476 inediac;
1564 4419 1650 4462 nun·

316 4485 481 4552 quamque
496 4495 514 4539 a
527 4478 645 4542 lectulo
657 4483 729 4560 ipso
743 4488 857 4564 patris,
872 4489 935 4550 nisi
944 4509 1018 4553 cum
1030 4494 1172 4555 maxime
1183 4495 1379 4572 ltespublica
1393 4503 1540 4578 urgeret,
1553 4499 1651 4560 auelli

315 4581 445 4678 passus.
462 4573 586 4638 Etcum
603 4580 738 4643 mirifica
760 4583 867 4661 pietas
888 4593 1015 4651 extaret
1037 4591 1070 4652 in
1095 4593 1200 4668 vultu,
1224 4598 1336 4656 tamen
1360 4611 1402 4657 ne
1424 4596 1579 4658 morbum
1595 4602 1651 4658 aut

316 4663 554 4734 solicitudinem
576 4683 745 4754 paternam
765 4697 916 4748 moerore
938 4704 998 4750 suo
1023 4688 1217 4770 adaugeret,
1240 4693 1387 4772 gemitus
1409 4711 1528 4757 omnes
1548 4700 1581 4756 et
1602 4695 1649 4757 la-

315 4759 467 4875 chrymas
482 4769 661 4836 incredibili
680 4779 801 4841 virtute
823 4784 920 4859 quasi
944 4783 1139 4850 deuorahat.
1165 4788 1270 4854 Porro
1285 4797 1408 4866 autem,
1430 4793 1523 4871 quod
1547 4811 1649 4855 unum

315 4858 500 4927 tristissima
529 4869 561 4929 in
588 4888 623 4934 re
647 4875 914 4956 pulcherrimum,
940 4901 1000 4946 ceu
1025 4889 1249 4964 spectaculum
1274 4889 1484 4964 videbamus
1507 4890 1649 4952 inuicem

316 4957 409 5026 paler
422 4975 552 5041 quoque
568 4967 637 5044 ipse
652 4987 693 5034 ne
708 4974 886 5038 tristiorem
902 4979 1019 5059 filium,
1032 4985 1162 5047 tristitia
1179 5003 1240 5050 sua
1255 4987 1419 5062 redderet,
1431 4986 1576 5049 frontem
1587 4987 1648 5048 sibi

317 5053 502 5152 extempore
517 5062 606 5125 velut
619 5067 718 5131 aliam
734 5071 891 5154 lingebat,
912 5097 950 5142 ac
968 5081 1109 5146 fluentes
1128 5088 1242 5148 oculos
1261 5087 1295 5147 in
1312 5087 1400 5148 illius
1415 5087 1560 5166 gratiam
1574 5102 1648 5148 con·

316 5144 449 5224 tinebat,
464 5169 632 5236 nunquam
647 5171 704 5229 aut
719 5178 950 5240 consternatus
972 5181 1096 5260 animo,
1119 5189 1178 5246 aut
1202 5183 1338 5260 fractus,
1364 5185 1470 5247 donec
1488 5189 1568 5247 ante
1591 5197 1646 5245 ora
