3508 6034
129 421 236 486 [tuillet
250 417 322 489 1⁴92]
462 411 591 472 RERUM
616 408 844 470 URBANARUM
870 407 1134 468 COMMENTARII.
1409 411 1461 472 491

179 565 235 664 [ln
247 566 305 640 die
322 565 500 664 sequenti,
523 569 620 664 Papa
636 567 732 665 cepit
750 573 930 664 egrotare,
945 573 981 643 et
994 567 1040 642 ob
1057 569 1135 666 ejus
1151 569 1279 642 mortis
1293 569 1463 645 timorem

128 697 291 790 Prosper
304 691 479 766 Columna
500 697 536 766 et
552 692 735 766 iohannes
749 691 928 768 Jordaous
943 691 1052 782 filius,
1069 693 1234 790 Virginei
1248 694 1381 786 Ursini,
1403 699 1463 794 qui

127 817 227 915 apud
242 817 464 891 cardinalem
477 842 506 892 s.
523 817 620 891 Petri
635 816 681 890 ad
691 819 844 896 Vincula
858 817 1137 908 divertebantur,
1152 843 1236 894 cum
1250 821 1372 896 multis
1383 823 1462 898 aliis

127 943 328 1020 baronibus
349 951 384 1018 ei
406 945 542 1019 civibus
568 943 728 1017 romanis
749 950 982 1016 accesserunt
1008 943 1054 1016 ad
1078 945 1251 1042 palatium
1270 969 1463 1022 conserva-

130 1080 253 1144 torum
270 1077 306 1146 et
320 1070 370 1144 ibi
390 1093 454 1144 eos
474 1070 617 1144 allocuti
634 1073 729 1158 sunt,
752 1091 835 1142 eum
850 1069 980 1164 quibus
995 1093 1068 1143 nou
1083 1078 1186 1144 eraut
1205 1069 1325 1166 capita
1341 1071 1462 1168 regio-

128 1219 234 1286 num,
259 1196 499 1292 dixeruntque
525 1200 561 1268 et
580 1193 810 1268 notificamnt
836 1193 939 1266 dictis
965 1193 1179 1268 officialibus
1208 1201 1244 1269 et
1264 1195 1401 1268 civibus
1422 1219 1461 1272 se

128 1323 289 1396 barones
301 1344 382 1396 esse
394 1321 591 1394 concordes
608 1325 644 1394 et
655 1317 805 1416 diligere
819 1341 926 1416 quarn
941 1317 1136 1416 plurimum
1151 1319 1326 1418 populum
1338 1343 1461 1396 roma-

129 1469 234 1518 num.
257 1449 309 1519 Ac
332 1443 485 1541 proinde
508 1467 546 1517 se
564 1465 763 1539 eorumque
790 1449 910 1516 castra
932 1451 968 1517 et
997 1443 1093 1518 bona
1115 1445 1239 1519 omnia
1261 1446 1461 1522 offerebant

128 1571 267 1669 populo
282 1592 432 1642 romano
446 1592 512 1666 pro
528 1569 607 1664 ejus
621 1566 718 1641 bono
734 1571 770 1641 et
787 1567 994 1657 concordia,
1012 1569 1259 1666 rogabantque
1276 1593 1352 1661 eos,
1375 1578 1414 1645 ut
1429 1572 1459 1644 si

128 1698 271 1772 veniret
286 1719 391 1769 casus
406 1693 532 1768 mortis
547 1691 743 1792 pontificia
757 1697 796 1765 nt
816 1693 883 1790 ipsi
896 1695 1092 1791 jungerent
1108 1717 1147 1769 se
1162 1695 1293 1768 auxilio
1309 1719 1456 1786 eorum;

128 1829 166 1897 et
182 1845 204 1896 e
220 1842 393 1895 converso
409 1823 682 1894 conservatores
698 1823 735 1892 et
749 1818 844 1892 cives
860 1817 1068 1894 obtulerunt
1080 1821 1133 1894 eis
1148 1821 1321 1916 quicquid
1335 1828 1459 1918 posset

127 1921 267 2020 offerri.
286 1945 408 2055 Qualis
430 1950 551 2017 autem
577 1944 622 2016 sit
645 1943 715 2017 hec
741 1942 908 2017 salutatio
929 1942 977 2033 (t)
998 1943 1186 2041 bucusque
1206 1946 1369 2019 nescitur
1391 1944 1454 2035 (ἲ).

172 2177 240 2250 Die
257 2181 301 2250 25
309 2177 403 2273 julii,
421 2177 457 2249 in
473 2174 531 2249 die
548 2199 577 2248 s.
597 2174 734 2262 iacobi,
753 2175 920 2248 sextavel
936 2175 1092 2271 septima
1104 2175 1197 2250 hora
1211 2177 1343 2266 noctis,
1360 2199 1456 2250 mor-

129 2309 215 2375 tuus
245 2306 300 2372 est
329 2299 558 2374 Innocentius
591 2323 684 2398 papa
712 2308 872 2392 octavus,
906 2301 1009 2398 cujus
1040 2301 1162 2375 anima
1194 2302 1397 2397 requiescat
1419 2301 1455 2375 in

127 2449 220 2524 pace
238 2425 314 2525 (bt

165 2701 193 2758 1.
213 2698 373 2768 Salmatia,
388 2714 500 2766 munus,
510 2698 622 2754 donum.
638 2697 709 2772 Voy.
726 2699 768 2754 Du
779 2697 882 2774 Gange,
899 2697 1097 2768 Glossarium,
1113 2717 1149 2756 au
1159 2706 1217 2756 mot
1231 2701 1388 2770 salutatio,
1402 2701 1429 2757 3.

163 2792 192 2846 2.
212 2789 283 2863 Voy.
299 2787 503 2862 dl'Appendice
517 2795 549 2842 n⁰
564 2788 599 2842 50
614 2787 640 2842 ia
653 2787 773 2860 depeche
788 2787 821 2844 de
836 2787 924 2844 Valori
940 2804 995 2843 anx
1009 2789 1072 2844 Orio
1091 2791 1124 2845 di
1139 2793 1266 2860 proiice,
1283 2807 1319 2846 en
1333 2789 1396 2846 date
1415 2789 1453 2846 du

126 2879 333 3043 23§.mlibstpape
343 2953 425 3036 mort,
443 2963 532 3023 Velori
548 2965 661 3023 adressa
675 2971 691 3022 ir
704 2967 730 3023 la
747 2965 908 3040 Seigneurie
922 2965 948 3022 la
962 2965 1082 3040 depeche
1096 2968 1221 3026 suivante
1238 2985 1245 3024 ι

164 3131 180 3165 s
199 3109 339 3184 Magnifici
350 3109 456 3167 Domini
472 3109 524 3166 mei
539 3109 779 3167 observandissimi
795 3116 848 3168 etc.

164 3220 180 3250 a
199 3199 238 3254 Le
251 3199 282 3256 S.
297 3195 396 3255 Vostre
410 3214 458 3272 per
471 3197 517 3270 piu
537 3199 590 3254 mie
604 3201 695 3256 hanno
715 3200 803 3256 iutcso
818 3201 845 3257 la
860 3217 944 3275 grave
959 3199 1087 3257 infirmita
1102 3200 1147 3257 del
1161 3203 1247 3275 Papa,
1264 3205 1292 3258 et
1306 3200 1333 3256 in
1348 3205 1452 3272 quanto

127 3287 273 3362 paricolas
288 3294 359 3344 stato
375 3286 421 3361 gia
436 3287 497 3344 Vlll
513 3288 541 3344 di
563 3289 633 3345 delta
646 3297 741 3346 morte.
765 3278 786 3346 d
804 3291 921 3364 piaoiuto
940 3307 957 3346 a
976 3289 1027 3346 Dio
1042 3289 1069 3345 in
1085 3295 1184 3364 questa
1198 3289 1275 3358 bora,
1290 3287 1308 3344 8
1323 3295 1351 3344 et
1366 3289 1413 3360 1l2
1426 3288 1454 3343 in

127 3379 209 3447 eirca,
231 3377 366 3435 chiemare
384 3378 419 3434 sd
441 3396 471 3435 se
490 3379 516 3436 la
538 3397 589 3436 sua
606 3379 748 3437 benedictn
769 3381 869 3450 anime,
884 3383 934 3438 che
955 3387 1111 3438 veramente
1126 3379 1153 3436 la
1174 3377 1246 3436 cias
1264 3386 1359 3434 nostra
1381 3376 1404 3432 si
1419 3378 1455 3434 ha

127 3469 262 3524 dadolere
276 3467 347 3524 delle
356 3468 461 3542 perdito
475 3469 501 3524 d'
516 3486 571 3525 uno
588 3475 664 3526 tenio
680 3470 774 3543 padre.
790 3471 828 3528 La
846 3490 897 3528 sua
915 3471 1068 3528 Sanctitas
1083 3475 1171 3526 mortu
1184 3485 1261 3525 corne
1276 3468 1367 3524 buono
1380 3465 1452 3523 Pon·

126 3557 217 3622 telios,
232 3573 283 3613 con
306 3555 373 3614 tucti
391 3573 406 3613 e
421 3557 591 3614 Sacramenti
609 3565 636 3615 et
656 3575 707 3614 eon
729 3559 820 3616 buono
842 3560 1006 3618 sentimenta
1023 3559 1113 3615 dnrhe
1132 3559 1151 3614 li
1166 3558 1235 3613 duro
1250 3557 1276 3614 io
1291 3556 1398 3630 spirito.
1414 3556 1453 3612 La

127 3648 209 3704 Terra
223 3664 273 3722 per
286 3654 384 3720 questa
397 3655 482 3704 morte
497 3652 512 3704 e
526 3654 601 3704 tueta
614 3647 643 3703 in
657 3665 740 3720 orme,
757 3653 790 3706 ue
805 3649 832 3704 in
845 3649 912 3705 altre
924 3647 1108 3723 particularitd
1122 3648 1159 3704 mi
1174 3646 1323 3704 extendero
1338 3661 1386 3719 per
1398 3661 1453 3701 non

127 3738 241 3812 perdere
261 3743 363 3811 tempo,
379 3737 480 3794 chami
502 3755 567 3812 pare
586 3737 657 3794 servi
677 3740 712 3795 ad
731 3739 796 3813 ogni
817 3738 910 3796 buono
931 3739 1071 3813 proposito
1093 3736 1234 3811 significor
1258 3753 1309 3792 oon
1330 3744 1455 3810 prestera

126 3833 224 3900 questa
238 3833 324 3883 morte
340 3827 391 3882 uite
406 3825 436 3883 S.
450 3825 520 3885 vno
537 3829 609 3902 quali
628 3829 724 3902 giorno
738 3846 786 3903 per
801 3829 899 3903 giorno
913 3833 985 3886 terro
998 3827 1221 3902 diligentemeute
1233 3825 1406 3900 ragusgliste
1420 3825 1454 3880 de

125 3923 195 3975 tutto
207 3915 234 3974 le
248 3933 312 3974 cose
324 3916 353 3973 di
362 3921 417 3991 qua
430 3924 483 3974 etc.

617 4015 631 4045 s
647 3991 735 4048 Rome
750 3989 793 4047 die
807 3992 842 4046 26
856 3989 920 4048 Julii
935 3991 1007 4048 1492
1020 3989 1088 4046 hora
1103 4005 1185 4046 nona.

812 4119 825 4150 s
840 4097 874 4152 S‘
889 4098 1003 4153 Pnuurr.
1020 4095 1158 4152 Voconius
1173 4101 1274 4152 orator.
1288 4115 1303 4147 o

157 4281 201 4336 Au
217 4279 282 4339 dos.
300 4311 334 4324 -
349 4281 518 4354 Maqnificis
537 4282 671 4336 Dominis
690 4281 755 4335 Octo
776 4281 852 4333 Viris
876 4279 1008 4332 Practice
1030 4278 1110 4348 Reip.
1127 4277 1208 4334 Flos.
1227 4275 1364 4330 Dominis
1379 4279 1452 4332 mdc

125 4370 405 4426 cismondissimis.
423 4403 457 4411 —
472 4372 630 4429 Florentia.

550 4553 576 4618 Δ

921 4612 953 4654 ito

920 4673 951 4715 ito

649 4724 673 4803 †
920 4735 952 4778 ito

920 4797 952 4839 ito

545 4891 572 4955 Δ
747 4891 774 4956 Δ
920 4862 952 4904 co

157 5079 303 5152 (Ambivio
317 5083 503 5152 Fiorentino,
518 5081 601 5139 class.
618 5082 653 5151 X,
670 5081 737 5142 dist.
753 5083 801 5152 VI,
816 5083 878 5140 fllza
891 5086 917 5155 8,
932 5095 964 5140 n⁰
980 5084 1055 5157 378.)
