3496 6056
380 463 432 522 vro
694 529 697 534 ,
794 521 796 526 ,
833 462 1009 524 tonsurus
1033 464 1254 538 suasuram,
1504 470 1672 539 [ramerus]

379 615 569 692 cardinalis
585 617 747 693 ascendit
762 618 997 696 adcameram
1011 621 1189 721 papagalli
1200 621 1409 721 pontificem
1421 633 1617 722 expectans,
1629 630 1672 724 qui

377 766 504 840 parum
520 751 615 842 post,
634 766 779 820 camera
793 769 857 819 sua
872 746 1010 840 exiens,
1032 748 1115 822 illuc
1135 749 1230 824 venit
1248 755 1459 847 paramenta
1478 759 1672 848 recepturus,

377 876 415 942 ut
431 869 465 942 in
479 867 663 968 publicum
679 870 933 945 consistorium
948 873 1098 948 veniret.
1116 875 1263 948 Interim
1279 880 1358 949 orta
1368 881 1423 950 est
1433 875 1529 950 inter
1541 876 1589 949 lll.
1603 881 1674 974 priu-

378 992 467 1090 cipis
504 994 681 1070 Sabaudie
714 1000 749 1068 et
778 995 970 1070 Mediolani
1005 999 1107 1073 ducis
1141 1007 1302 1075 oratores
1334 1023 1443 1097 super
1472 1002 1674 1098 precedentis

378 1119 537 1215 questio,
574 1143 638 1196 seu
667 1121 836 1196 diuturna
862 1130 1047 1215 renovata,
1077 1148 1146 1221 qua
1174 1149 1240 1223 per
1263 1127 1327 1200 SS.
1360 1128 1404 1199 D.
1433 1129 1476 1200 N.
1504 1125 1674 1217 intellecta,

380 1243 558 1319 ordinavit
579 1251 615 1322 et
638 1247 817 1322 mandavit
847 1249 883 1324 S.
911 1273 977 1323 sua
1007 1249 1104 1346 quod
1135 1274 1201 1348 pro
1227 1251 1299 1325 boc
1326 1275 1432 1326 mane
1460 1259 1579 1326 orator
1602 1253 1677 1326 ducis

377 1370 570 1448 Mediolani
599 1371 721 1446 locum
749 1372 849 1446 daret
877 1374 1125 1466 Sabaudiensi,
1153 1383 1189 1449 et
1214 1377 1310 1472 quod
1331 1377 1504 1474 deinceps
1526 1377 1677 1452 alternatis

375 1497 511 1574 vicibus
534 1497 711 1590 venirent,
735 1522 807 1572 una
830 1497 887 1572 die
912 1507 1074 1576 oratores
1094 1500 1300 1590 Mediolani,
1325 1501 1395 1576 alia
1418 1501 1677 1588 Sabaudienses;

374 1624 432 1699 cui
472 1623 688 1698 ordinationi
728 1623 1008 1700 Mediolanensis
1043 1626 1203 1723 parendo
1237 1627 1400 1716 recessit,
1433 1633 1470 1703 et
1500 1627 1558 1702 alii
1587 1627 1678 1704 locun

375 1750 485 1824 dedit.

425 1878 635 1956 DeindeSS.
649 1879 692 1951 D.
706 1881 748 1952 Ν.
764 1882 909 1976 paratus
923 1898 1026 1952 more
1044 1876 1149 1951 solito
1166 1877 1262 1952 venit
1274 1877 1319 1952 ad
1331 1876 1518 1976 publicum
1535 1875 1678 1952 consisto

374 2003 1064 2104 riuminprimam‚majoremvidelicet,
1077 2004 1197 2080 aulam
1208 2003 1329 2102 palatii
1339 2027 1405 2102 pro
1418 1983 1678 2102 publicocousis-

374 2131 466 2208 torio
482 2139 722 2230 preparatam.
742 2133 780 2204 ln
797 2153 882 2226 quo,
898 2129 993 2204 lacta
1005 2153 1071 2227 per
1085 2127 1284 2205 cardinales
1301 2127 1503 2203 reverentia
1518 2133 1675 2216 consueta,

373 2256 558 2356 proposita
572 2262 628 2332 est
641 2279 764 2348 causa,
782 2256 943 2330 utmoris
960 2262 1014 2330 est
1028 2282 1035 2348 ;
1055 2255 1287 2330 veneruntad
1303 2253 1678 2328 idemconsistoriuna

372 2382 518 2482 prelatis
530 2403 633 2455 more
647 2379 753 2456 solito
765 2380 946 2472 associati,
965 2403 1089 2456 comes
1104 2380 1235 2455 Deltini
1252 2386 1288 2454 et
1303 2379 1361 2454 alii
1372 2402 1434 2454 sex
1449 2385 1609 2454 oratores
1619 2401 1678 2475 pre

373 2509 435 2582 lati
450 2507 588 2602 college
607 2505 663 2580 sui
677 2530 685 2597 ;
699 2505 829 2602 quibus
848 2505 967 2580 aulam
983 2504 1187 2580 consistorii
1204 2503 1507 2602 ingredientibus
1531 2503 1678 2603 prooessit

374 2633 420 2707 ad
439 2630 650 2730 pontificem
677 2629 866 2704 cardinalis
890 2630 1160 2728 Andegavensis
1182 2631 1226 2705 ad
1253 2629 1399 2704 solitum
1420 2630 1676 2727 ipsosoratores

372 2758 530 2858 collegas
542 2779 627 2831 suos
635 2755 768 2831 ibidem
780 2761 987 2853 expectans.
1003 2755 1138 2842 Quibus
1152 2753 1331 2845 omnibus,
1343 2754 1527 2830 cardinale
1539 2762 1675 2851 excepto,

373 2884 418 2958 ad
432 2883 547 2982 pediS,
559 2907 686 2958 manus
702 2889 739 2957 et
752 2881 826 2956 oris
837 2880 1013 2972 osculum,
1025 2903 1126 2954 more
1140 2885 1314 2954 consueto
1330 2879 1502 2977 receptis,
1513 2877 1676 2954 cardinalis

373 3009 451 3106 ipse
465 3007 685 3106 presentavit
703 3005 864 3103 pontifici
883 3005 1005 3082 literas
1025 3005 1121 3102 regis
1140 3003 1291 3103 predicti
1311 3003 1348 3078 in
1368 3005 1590 3078 Francorum
1607 3001 1676 3076 idio-

371 3140 469 3208 mate
486 3138 522 3208 et
542 3153 679 3222 comes,
704 3131 791 3205 alias
812 3133 977 3230 ejusdem
995 3131 1033 3205 in
1056 3152 1224 3205 sermone
1240 3129 1351 3204 latino
1372 3128 1546 3226 scriptas;
1572 3127 1676 3225 quibus

370 3261 600 3359 presentatis,
617 3257 808 3334 cardinalis
819 3259 865 3334 ed
877 3259 998 3334 locum
1012 3280 1118 3334 suum
1134 3251 1228 3332 inter
1243 3256 1331 3332 alios
1343 3253 1561 3344 cardinales,
1576 3275 1675 3328 comes

368 3410 454 3462 vero
469 3409 551 3462 cum
567 3383 645 3458 aliis
662 3406 725 3458 sex
739 3407 864 3460 versus
879 3385 1062 3460 bancbum
1082 3383 1377 3482 presbyterorum
1401 3375 1674 3456 cardinaliunal

367 3513 490 3588 locum
520 3523 736 3591 consuetum
770 3516 1013 3587 accesserunt.
1049 3509 1192 3584 Prolata
1214 3532 1258 3583 ex
1283 3515 1365 3606 post
1396 3530 1461 3606 per
1489 3505 1674 3606 pontificem

370 3633 639 3708 commissionis
674 3633 867 3730 signatura,
900 3631 995 3708 lecte
1025 3634 1170 3710 luerunt
1199 3633 1315 3728 litere=
1337 3632 1575 3708 credentiales
1601 3628 1677 3724 regis

372 3759 537 3850 Francie,
555 3766 595 3834 ut
609 3758 801 3860 prefertur,
821 3765 1041 3855 presentata
1058 3759 1173 3857 prime
1193 3783 1261 3857 per
1279 3763 1322 3832 R.
1344 3763 1385 3832 P.
1409 3761 1452 3832 Ι).
1471 3757 1674 3856 Stephanum

375 3887 587 3986 episcopum
601 3885 891 3962 Maurianensem
910 3885 1089 3982 vulgares,
1114 3885 1243 3960 deinde
1263 3908 1328 3983 per
1348 3889 1390 3958 R.
1414 3887 1456 3958 D.
1482 3880 1676 3958 Ludovicun

374 4012 515 4088 Grilum
544 4011 870 4109 Arabiepiscopum
900 4014 1192 4085 Beneventanum
1224 4009 1459 4086 secretarium
1486 4011 1551 4084 SS.
1579 4010 1617 4079 b.
1643 4003 1673 4074 Ν.

370 4137 500 4230 latine;
527 4137 656 4234 quibus
684 4136 802 4227 lectis,
830 4142 993 4211 oratores
1021 4135 1170 4234 predicti
1199 4135 1434 4234 prestiterunt
1457 4129 1675 4209 obedientiam

371 4265 435 4339 SS.
467 4267 510 4338 D.
541 4265 584 4338 N.
612 4263 759 4339 nomine
789 4261 883 4359 regis
913 4262 979 4354 sui,
1013 4268 1121 4360 prout
1146 4267 1396 4336 antecessores
1426 4259 1589 4358 ejusdem
1608 4253 1675 4329 alias

369 4389 616 4487 prestiterunt.
642 4391 758 4486 Super
780 4387 907 4486 quibus
928 4387 1041 4463 erravi
1068 4387 1231 4485 superius
1256 4385 1447 4462 scribendo
1467 4387 1563 4484 quod
1585 4379 1675 4458 cardi-

370 4514 460 4589 nalis
490 4515 778 4626 Andagavensis,
798 4515 892 4590 lacta
919 4515 1091 4590 societate
1111 4537 1194 4588 cum
1222 4513 1422 4588 oratoribus
1443 4535 1555 4610 usque
1580 4509 1674 4584 adca·

374 4662 512 4714 meram
528 4638 776 4738 apostolicam,
789 4636 927 4716 venerit
942 4637 987 4710 ad
1005 4661 1188 4712 cameram
1205 4635 1406 4734 paramenti
1422 4621 1554 4710 ibidem
1569 4645 1673 4730 papam

373 4771 581 4860 expectans,
598 4764 682 4860 quia
698 4766 775 4862 jam
795 4767 904 4861 Papa,
922 4761 1066 4838 interim
1082 4762 1179 4860 quod
1197 4761 1275 4860 ipso
1290 4761 1371 4834 illos
1386 4760 1584 4848 associavit,
1600 4749 1674 4826 veuit

371 4888 416 4962 ad
444 4889 563 4963 aulam
591 4888 795 4962 consistorii
817 4888 853 4960 in
881 4911 951 4984 qua
976 4887 1053 4984 ipse
1080 4885 1272 4961 cardinalis
1296 4908 1378 4959 cum
1406 4884 1601 4959 oratoribus
1628 4896 1674 4947 te·

377 5013 526 5104 niendo,
545 5015 678 5088 invenit
695 5015 904 5113 pontificem
927 5023 963 5086 et
982 5011 1181 5088 cardinales
1199 5013 1276 5109 jam
1297 5009 1533 5084 reverentiam
1553 5003 1671 5080 iecisse.

371 5138 471 5214 Fecit
492 5139 601 5237 igitur
628 5145 780 5216 extunc
810 5148 845 5216 et
874 5140 950 5237 ipse
981 5139 1218 5213 reverentiam
1245 5142 1281 5212 et
1309 5136 1462 5212 accessit
1489 5135 1578 5208 iuter
1602 5125 1672 5202 alios
1726 5177 1727 5184 κ
