3600 6094
104 527 172 593 ttout
185 521 252 586 sset]
429 515 555 574 RERUM
575 511 804 572 URBANARUM
823 513 1087 574 COMMENTARII.
1388 521 1424 575 59

103 703 209 756 suram
234 700 319 752 cum
337 673 477 748 duabus
496 669 653 744 clavibus
675 668 821 766 paribus
841 667 1010 758 habebat,
1036 691 1189 764 quarum
1213 694 1322 744 unam
1342 695 1421 745 ma·

103 807 202 905 gistcr
225 802 321 892 aule,
354 799 504 874 alteram
531 820 617 870 vero
650 793 866 869 conclaviste
901 817 983 867 cum
1014 797 1124 868 Rmo.
1163 798 1206 868 l).
1239 796 1421 872 cardinale

102 929 285 1004 existentes
300 923 524 1011 retinebant3
540 921 615 1012 ille,
632 944 715 995 cum
737 919 872 995 cibaria
891 926 927 994 et
946 919 1068 992 riuum
1088 919 1125 992 iu
1140 926 1292 995 comuta
1310 921 1425 1020 impo

102 1054 231 1143 suisset,
249 1051 349 1124 iacta
363 1047 461 1147 prius
481 1048 525 1121 de
546 1045 694 1142 singulis
716 1045 912 1136 credentia,
932 1051 1120 1119 cornutam
1140 1047 1227 1120 clavi
1244 1049 1420 1140 serrabat,

102 1186 144 1268 et,
165 1184 201 1250 ut
227 1171 494 1274 supradictum
521 1177 589 1260 est,
616 1171 661 1243 ad
687 1169 855 1244 conclave
880 1169 1064 1262 mittebat;
1094 1177 1327 1246 comutarum
1356 1175 1424 1248 due

101 1310 205 1393 erant,
225 1323 379 1399 quarum
399 1321 469 1372 una
491 1297 715 1386 mittebatur,
740 1301 924 1394 utsupra,
952 1305 988 1370 et
1014 1299 1278 1394 reportabatur,
1311 1299 1425 1374 altera

102 1450 175 1501 vero
195 1426 231 1500 iu
255 1423 419 1499 conclavi
444 1429 535 1513 erat,
557 1422 594 1494 in
616 1444 724 1519 quam
753 1421 875 1495 omnia
897 1445 942 1494 ex
962 1421 1022 1496 illa
1049 1424 1094 1496 ab
1120 1429 1220 1496 extra
1244 1424 1421 1498 existente

101 1559 250 1630 extracta
277 1551 362 1625 date
387 1550 423 1622 in
451 1545 611 1622 conclavi
637 1572 705 1644 per
734 1547 963 1645 sportellam,
997 1549 1281 1645 reponebantur;
1314 1557 1350 1623 et
1379 1550 1425 1624 ad

100 1699 274 1754 cameram
303 1674 494 1750 cardinalis
530 1675 632 1771 cujus
663 1679 766 1747 erant
794 1673 1075 1771 reponebantur.
1109 1677 1184 1771 Ego
1218 1673 1274 1748 vel
1303 1673 1424 1747 socius

97 1829 190 1879 meus
208 1802 445 1878 conclavistas
464 1799 558 1872 illius
578 1796 770 1873 cardinalis
794 1800 896 1896 cujus
918 1805 995 1872 erat
1017 1805 1169 1874 cornuta
1196 1799 1421 1890 vocavimus,

99 1931 218 2028 quibus
246 1953 332 2004 cum
359 1951 422 2000 sua
443 1931 594 2001 comula
618 1948 730 1999 vacua
753 1925 1039 2016 advenientibus,
1063 1928 1187 2025 apemi
1212 1926 1424 2024 sportellum

100 2056 173 2131 ostii
188 2054 232 2130 ab
247 2055 358 2144 intus,
375 2053 531 2127 etillide
547 2059 674 2148 quarta
691 2052 853 2125 custodia
875 2053 920 2125 ab
940 2059 1054 2144 extra,
1073 2059 1108 2127 et
1124 2052 1341 2127 conclaviste
1357 2051 1425 2149 ipsi

99 2182 248 2254 abiatra
279 2187 449 2253 comutas
479 2179 689 2252 custodibus
713 2177 959 2275 porrigebant,
991 2180 1068 2276 qui,
1098 2184 1223 2277 aperta
1250 2184 1420 2269 cornuta,

100 2307 229 2403 singula
244 2331 290 2380 ex
308 2305 368 2378 illa
385 2305 583 2395 trahentes,
605 2303 788 2401 ponebant
805 2286 912 2399 supra
932 2325 1076 2400 parvam
1096 2327 1275 2395 mensam,
1290 2303 1424 2376 ibidem

96 2434 187 2528 juxta
208 2433 342 2507 ostium
365 2429 545 2504 conclavis
567 2435 811 2526 preparatam,
832 2428 892 2501 ubi
912 2453 1003 2502 unus
1024 2431 1228 2522 custodum,
1250 2455 1316 2528 per
1334 2431 1424 2506 alios

99 2555 236 2630 adhoc
267 2557 469 2652 deputatus,
501 2554 718 2650 respiciebat
751 2553 891 2650 singula
923 2555 1097 2630 volvendo
1130 2555 1226 2629 sessa
1257 2555 1361 2654 panis
1389 2560 1425 2629 et

99 2682 297 2770 minestras,
319 2679 515 2778 aperiendo
533 2680 662 2778 pullos,
685 2679 884 2753 scindendo
904 2705 1032 2756 carnes
1053 2687 1089 2755 et
1107 2705 1219 2780 panes
1241 2688 1277 2755 et
1296 2686 1421 2772 tortas,

98 2805 152 2878 ubi
167 2805 253 2903 ipsis
270 2803 469 2895 videbatur,
493 2828 535 2878 ac
558 2804 812 2902 perspiciendo
835 2805 938 2896 vitra,
965 2806 1037 2879 sive
1056 2805 1206 2880 caradas
1224 2806 1309 2880 vini.
1335 2810 1424 2880 Nam

99 2931 211 3004 vinum
234 2955 309 3005 non
333 2930 369 3003 in
390 2931 535 3004 ssaschis
557 2931 675 3005 autin
698 2955 927 3028 quocumque
951 2932 1021 3005 alio
1047 2957 1146 3022 vaso,
1175 2931 1239 3006 sed
1264 2931 1302 3002 in
1324 2931 1424 3004 vitris

99 3055 306 3154 discopertis
330 3055 553 3147 mittebatur,
587 3055 659 3128 sive
688 3057 911 3153 portabatur.
939 3056 1109 3130 Minestre
1135 3081 1218 3130 vero
1246 3056 1283 3128 in
1308 3057 1425 3153 parvis

100 3179 172 3251 ollis
197 3185 235 3252 ut
264 3179 459 3277 plurimum
488 3179 678 3252 dabantur.
715 3179 864 3277 Singula
888 3203 956 3278 por
981 3204 1044 3254 eos
1077 3181 1170 3254 bene
1198 3181 1288 3272 visa,
1320 3181 1424 3253 nobis

101 3306 235 3380 clericis
261 3303 551 3379 ceremoniarum
578 3303 746 3377 custodes
770 3303 837 3401 ipsi
865 3303 1098 3403 porrigebant
1121 3328 1188 3403 per
1214 3303 1425 3402 sportellum

100 3431 187 3504 ostii.
206 3435 279 3506 Nos
293 3453 381 3504 vero
397 3429 456 3502 illa
472 3429 687 3526 recipientes
700 3430 885 3526 posuimus
902 3454 1011 3527 supra
1025 3431 1247 3531 credentiam
1263 3435 1424 3505 nostram

100 3579 276 3653 magnam,
294 3557 353 3629 ubi
374 3555 591 3628 conclavistc
612 3557 851 3652 expectabant
872 3561 907 3629 et
921 3556 981 3629 illa
995 3557 1229 3654 recipiebant,
1247 3564 1424 3655 ponentes

100 3683 132 3754 in
153 3707 214 3756 sua
239 3689 391 3757 comula
416 3707 525 3779 quam
545 3683 594 3755 ibi
621 3683 793 3756 tenebant
814 3687 994 3780 paratam,
1024 3665 1108 3755 'cum
1138 3705 1207 3779 qua
1233 3683 1354 3756 omnia
1380 3682 1425 3755 ad

100 3831 255 3883 cameras
280 3832 363 3882 suas
380 3809 587 3906 portabant,
615 3832 697 3882 cum
722 3807 758 3880 in
787 3831 869 3882 sero
892 3809 1027 3883 cibaria
1045 3809 1206 3883 venirent
1226 3832 1292 3906 pro
1317 3831 1422 3898 cena,

99 3933 309 4008 conclaviste
340 3935 570 4032 exponebant
602 3959 687 4008 vasa
725 3941 898 4032 argentea
928 3942 964 4010 et
998 3935 1111 4009 vitrea
1144 3959 1213 4031 que
1251 3935 1288 4007 in
1317 3957 1423 4007 mnne

100 4065 321 4159 acceperant,
349 4083 457 4157 super
482 4059 703 4133 credentiam
730 4067 892 4135 nostram
923 4061 959 4134 in
990 4061 1162 4152 conclavi,
1196 4065 1233 4134 et
1259 4083 1326 4157 ego
1364 4059 1425 4132 illa

100 4186 327 4260 restituebam
360 4185 615 4283 paralrenariis
647 4187 692 4260 ab
721 4193 822 4260 extra
853 4188 1124 4285 expectantibus
1154 4210 1281 4261 vacua.
1306 4190 1422 4258 Panes

99 4310 188 4385 euim
218 4317 255 4386 et
277 4311 360 4385 vina
380 4335 423 4385 ac
451 4335 580 4385 carnes
605 4313 716 4386 salsas
744 4318 780 4386 et
804 4312 873 4387 alia
906 4337 975 4409 que
1004 4319 1171 4411 poterant
1198 4311 1420 4406 conservari,

100 4459 161 4508 uos
179 4437 300 4511 clerici
320 4436 609 4512 ceremoniarum
631 4437 667 4510 in
688 4461 775 4511 vasa
793 4445 917 4512 nostra
945 4462 1014 4534 quc
1039 4439 1083 4512 ad
1107 4438 1178 4512 boc
1202 4438 1240 4510 iu
1264 4435 1423 4532 conclavi

100 4562 326 4657 portavimus,
357 4562 602 4661 reposuimus3
635 4569 862 4661 portaveram
900 4563 996 4637 enim
1027 4587 1175 4662 parvum
1206 4561 1422 4637 'buticollum

102 4711 161 4784 pro
177 4689 257 4764 rino
277 4689 495 4787 colligendo,
519 4697 555 4764 ct
573 4713 681 4763 unam
699 4713 845 4787 capsam
866 4713 1034 4785 magnam
1051 4714 1117 4787 pro
1132 4711 1225 4785 pane
1246 4693 1282 4762 ct
1296 4687 1422 4785 hujus-

102 4818 203 4908 modi,
231 4835 338 4916 quam
362 4815 505 4916 reposui
527 4816 564 4888 in
587 4837 731 4888 camera
754 4813 992 4903 medicorum,
1018 4835 1085 4908 per
1107 4835 1214 4908 quam
1236 4811 1354 4885 ibatur
1378 4812 1423 4885 ad

102 4937 236 5018 latrinas
260 4944 297 5017 in
321 4943 452 5041 angulo
482 4942 580 5016 circa
608 4939 741 5012 ostium
769 4937 959 5012 conclavis.
989 4937 1069 5012 Alia
1097 4943 1230 5028 autem,
1256 4935 1422 5011 videlicet

103 5065 293 5163 minestras,
322 5093 451 5144 carnes
476 5067 550 5142 sive
574 5065 693 5162 pisces
721 5069 886 5138 recentes
918 5069 954 5137 el
973 5062 1103 5136 similia
1125 5068 1227 5137 extra
1254 5061 1420 5136 dedimus

104 5195 298 5268 custodibus
328 5195 519 5294 predictis;
545 5189 642 5265 idem
670 5189 847 5264 faciebam
874 5190 912 5263 in
944 5213 1050 5264 mane
1079 5189 1123 5263 de
1153 5189 1248 5264 vasis
1275 5188 1312 5261 in
1339 5210 1420 5261 sero
