3436 6038
90 492 218 561 [ttatlttol
406 489 533 549 RERUM
556 489 785 552 URBANARUM
809 492 1070 552 COMMENTARll.
1351 497 1403 554 201

90 649 198 727 dntlas
228 649 359 737 laicus,
391 657 552 721 oratores
580 645 809 720 illustrissimi
836 646 1007 720 Kazimiri
1034 647 1182 722 Polonie
1213 649 1308 746 regis
1338 673 1403 747 pro

91 775 278 854 obedientia
291 777 355 848 SS.
375 777 415 848 D.
432 775 474 846 N.
492 771 699 868 prestanda,
717 771 792 868 qui,
809 771 911 868 equis
928 771 973 846 de
989 773 1064 846 suis
1086 773 1184 848 circa
1197 799 1272 848 xxx
1288 800 1309 848 a
1323 775 1404 871 plu-

91 905 175 978 ribus
190 898 382 975 curialibus
399 897 543 972 Polonis
566 897 741 972 associati.
760 896 803 969 lli
814 903 987 972 venerunt
1001 901 1152 972 Romam
1167 898 1225 972 die
1240 899 1403 996 proxime

90 1026 244 1128 preterita
258 1025 295 1098 in
312 1045 394 1098 sero
410 1021 486 1096 sine
502 1043 636 1119 pompa
649 1027 685 1096 et
699 1020 857 1118 hospitio
877 1022 1012 1118 recepti
1027 1027 1110 1096 sunt
1126 1023 1162 1095 in
1177 1022 1284 1096 domo
1301 1025 1372 1097 Bnl
1389 1068 1405 1082 -

88 1155 205 1242 lerum,
219 1150 280 1224 ubi
294 1152 506 1224 manserunt
519 1151 657 1221 secrete
673 1147 837 1243 usquein
851 1146 1069 1222 hodiernum
1084 1148 1291 1246 diemque,
1307 1151 1404 1225 circa

88 1281 201 1352 horam
223 1299 329 1366 avus,
357 1273 562 1368 equitarunt
589 1297 654 1370 per
681 1273 773 1344 viam
794 1273 1095 1370 transtyberinam
1118 1275 1292 1348 secretius
1320 1299 1402 1348 cum

88 1405 153 1478 suis
165 1401 287 1478 amicis
311 1399 356 1474 ad
374 1399 522 1472 domum
538 1399 582 1472 de
599 1397 766 1495 Spinellis
787 1403 887 1472 extra
905 1404 1046 1494 portam
1061 1398 1240 1490 Viridarii,
1261 1399 1322 1474 ubi
1338 1425 1400 1476 ex-

85 1526 398 1625 pectarunthoram
412 1529 625 1600 conventam
637 1547 704 1622 pro
720 1524 869 1597 introitu
881 1547 964 1616 suo;
981 1548 1051 1621 qua
1062 1525 1288 1618 adveniente,
1302 1527 1401 1624 equi-

87 1656 195 1724 larunt
213 1671 328 1746 usque
352 1648 398 1752 ad
423 1647 617 1721 ecclesiam
639 1671 667 1718 s.
691 1647 812 1721 Lazari
839 1647 1081 1744 leprosorum.
1106 1651 1401 1746 Supervenerunt

84 1774 207 1849 familie
228 1771 463 1850 cardinalium
488 1771 704 1860 successive,
729 1771 871 1845 tandem
896 1771 1031 1845 familia
1048 1776 1143 1870 Pape
1160 1797 1286 1870 parum
1307 1775 1399 1850 ultra

84 1900 263 1974 ecclesiam
279 1925 308 1972 s.
326 1898 513 1996 Peregrini
536 1903 637 1971 extra
652 1903 793 1994 portam
805 1897 1018 1994 predictam,
1039 1905 1075 1973 et
1091 1907 1312 1998 acceperunt
1336 1925 1399 1975 eos

85 2034 117 2100 et
135 2050 240 2121 usque
268 2025 313 2098 ad
334 2024 484 2100 domum
512 2022 712 2120 predictam
737 2023 959 2115 Bulalorum,
977 2024 1013 2098 in
1028 2047 1099 2120 quo
1114 2025 1285 2124 hospitati
1301 2033 1398 2118 sunt,

84 2151 296 2226 associarunt
312 2156 350 2223 ut
364 2149 477 2224 moris
491 2155 559 2223 est.
631 2127 637 2138 ⁸

127 2276 291 2368 Sabbato,
315 2280 361 2349 20
386 2275 483 2365 maii,
511 2273 632 2370 vigilia
643 2273 838 2365 Trinitatis
866 2275 1010 2350 luerunt
1029 2300 1178 2372 vespere
1200 2277 1348 2374 papales
1364 2279 1400 2351 in

85 2402 211 2498 capella
223 2403 362 2500 maJ‘ore
378 2401 514 2499 palatii,
533 2405 630 2498 Papa
644 2407 814 2497 presente
829 2401 1037 2476 etolticium
1050 2401 1219 2494 iaciente,
1237 2411 1276 2476 ut
1289 2405 1401 2478 moris

84 2535 142 2618 est,
158 2551 178 2601 a
194 2552 264 2624 quo
280 2533 475 2624 antequam
491 2525 691 2600 cardinales
714 2526 923 2600 advenirent
942 2527 979 2600 in
997 2550 1141 2602 camera
1158 2552 1224 2602 sua
1244 2537 1398 2622 secreta,

85 2653 286 2750 interrogavi
305 2653 335 2725 si
358 2652 444 2749 quid
464 2652 551 2724 mihi
568 2651 741 2726 mandare
757 2651 865 2726 vellet
884 2679 890 2724 :
909 2652 1095 2750 respondit
1110 2653 1205 2728 illam
1222 2677 1294 2728 non
1319 2679 1400 2729 esse

83 2777 200 2852 horam
213 2778 396 2868 veniendi,
412 2778 477 2854 sed
487 2778 583 2875 quod
596 2783 680 2852 ante
691 2777 781 2850 duos
792 2776 848 2852 vel
860 2785 930 2852 tres
941 2778 1031 2868 dies,
1048 2786 1155 2878 prout
1166 2779 1276 2854 etiam
1287 2803 1402 2878 nuper

86 2903 163 2976 milui
175 2903 324 2994 dixerat,
341 2903 463 2978 venire
481 2903 588 2978 debui
607 2931 614 2976 :
631 2902 799 3000 replicavi
813 2901 864 2974 nil
885 2925 966 2974 esse
981 2902 1175 2978 dicendum
1190 2913 1252 2977 aut
1265 2905 1401 2979 lacien-

86 3028 160 3101 dum
175 3037 298 3128 preter
315 3053 423 3102 unam
444 3031 645 3104 orationem
661 3035 696 3104 et
716 3027 1101 3103 commemorationem
1121 3053 1204 3124 que,
1221 3038 1259 3102 ut
1276 3053 1403 3106 recen-

86 3152 145 3225 tior
177 3161 272 3228 esset
308 3153 499 3243 memoria,
533 3176 629 3228 nunc
658 3155 756 3228 nolui
791 3151 978 3224 Sanctitati
1010 3175 1074 3226 sue
1106 3155 1397 3228 commemorari.

85 3279 248 3354 Mandavit
263 3287 348 3353 tunc
364 3279 541 3353 Sanctitas
558 3304 623 3354 sua
635 3281 732 3377 quod
748 3279 806 3355 die
817 3280 999 3356 dominica
1012 3283 1311 3356 commemoratio
1326 3306 1401 3358 non

85 3403 228 3481 fiereteo
242 3405 430 3503 quodipse
448 3429 531 3478 cum
551 3405 618 3479 luit
638 3407 674 3478 in
693 3406 892 3480 minoribus
916 3415 1072 3498 creatus,
1098 3414 1251 3504 quatuor
1265 3409 1399 3484 vicibus

84 3527 179 3626 hujus
193 3531 274 3606 testi
290 3531 450 3605 officium
472 3531 692 3606 celebrasset
713 3531 790 3606 sine
810 3532 1017 3629 hujusmodi
1038 3535 1397 3609 commemoratione.

83 3655 259 3752 Subjunxit
289 3661 331 3732 D.
359 3656 555 3730 lileriensis
584 3656 852 3732 referendarius
890 3665 1050 3733 secretus
1086 3659 1220 3732 ibidem
1249 3683 1399 3757 presens

82 3781 166 3875 quod
186 3782 221 3854 in
242 3783 300 3856 die
316 3781 446 3856 natalis
462 3783 607 3873 Christi,
630 3782 905 3868 resurrectionis
922 3790 958 3856 et
974 3785 1209 3856 Pentecostes
1224 3805 1293 3877 que
1309 3783 1401 3856 testa

82 3915 191 3980 essent
211 3908 290 3981 Filii
311 3913 451 3982 tantum
465 3913 501 3980 et
527 3907 679 4004 Spiritus
696 3907 825 3997 sancti,
847 3907 945 3980 nulla
965 3905 1067 3978 fieret
1083 3906 1396 3997 commemoratio,

81 4031 185 4104 minus
215 4033 252 4106 in
276 4034 347 4107 hoc
373 4021 466 4106 testo
489 4032 549 4128 qui
573 4032 683 4105 totius
713 4038 810 4106 esset
838 4031 1005 4106 trinitatis
1035 4029 1201 4104 videlicet
1222 4031 1336 4104 Patris
1361 4037 1398 4104 et

81 4156 146 4228 Filii
162 4163 194 4230 et
210 4158 362 4255 Spiritus
386 4157 513 4246 sancti,
541 4157 602 4230 illa
623 4157 700 4232 lieri
726 4164 907 4254 oportere.
925 4159 1063 4232 Avisavi
1090 4165 1283 4256 propterea
1308 4181 1396 4232 can-

80 4285 164 4354 tores
191 4281 329 4379 capelle
356 4287 393 4355 et
414 4281 514 4354 nulla
537 4288 593 4354 est
619 4281 713 4354 lacta
736 4285 1048 4360 commemoratio.

119 4383 302 4480 [lominica
330 4411 371 4478 21
403 4403 501 4494 maii,
531 4404 664 4478 tostum
693 4431 723 4478 s.
749 4407 948 4498 Trinitatis,
980 4413 1106 4482 amus.
1136 4413 1178 4484 l).
1208 4407 1394 4481 lohannes

76 4531 253 4606 cardinalis
278 4531 483 4604 Parmensis
508 4530 545 4602 in
565 4530 703 4627 capella
722 4533 861 4628 majore
881 4533 1002 4629 palatii
1030 4533 1221 4606 celebravit
1248 4533 1396 4606 missam

39 4701 40 4708 κ
76 4655 278 4747 solemnem,
308 4661 405 4753 Papa
430 4659 613 4752 presente,
646 4659 682 4726 et
706 4655 815 4728 etiam
844 4656 979 4729 nullam
1006 4655 1094 4729 lecit
1129 4679 1396 4732 commemore-

75 4779 211 4857 tionem.

115 4909 225 4984 Finita
253 4908 377 4999 missa,
412 4912 537 4981 Rmus.
571 4911 615 4980 l).
640 4905 831 4982 cardinalis
857 4931 887 4979 s.
923 4907 1032 4980 Marci
1058 4907 1146 4981 dixit
1178 4908 1267 4982 mibi
1298 4909 1397 5007 qnod

73 5031 122 5106 die
139 5034 319 5110 dominica
344 5033 466 5109 debuit
487 5033 567 5108 lieri
591 5034 889 5108 commemoratio
909 5033 946 5105 in
965 5032 1123 5130 vesperis
1146 5041 1182 5108 et
1206 5034 1242 5106 in
1268 5034 1391 5108 missa.

73 5159 241 5275 Respondi
258 5159 356 5234 illam
371 5160 416 5235 de
432 5182 603 5256 expresso
619 5157 793 5258 mandato
806 5159 869 5232 SS.
888 5161 932 5232 Ι).
952 5161 995 5232 Ν.
1010 5163 1106 5257 Pape
1122 5158 1232 5235 luisse
1254 5160 1390 5236 obmis-
