3508 6034
315 494 366 548 t52
766 483 941 542 tollamus
966 481 1189 550 BURCHAHDI,
1480 485 1558 554 [tlara
1574 491 1636 554 {tlt}

311 639 474 739 proxime
491 639 650 714 luturum
679 666 717 712 se
736 638 958 714 cardinalem
981 637 1178 734 appellaret
1200 646 1267 713 aut
1287 661 1352 736 pro
1375 639 1434 714 tali
1452 663 1490 715 se
1506 639 1634 718 habere

312 773 560 863 presumeret;
591 765 656 838 luit
685 765 793 838 etiam
826 765 859 839 ei
888 770 975 837 tuno
1011 763 1190 862 capellum
1222 787 1306 836 cum
1335 762 1442 838 anulo
1469 769 1507 836 at
1539 762 1634 836 titulo

310 897 434 965 sancte
454 889 565 964 Mario
587 889 623 962 in
658 889 847 962 Dominica
869 887 936 961 sibi
962 889 1127 980 missum,
1150 912 1234 962 curn
1250 886 1419 961 facultate
1432 886 1506 971 illa,
1538 885 1630 983 lapso

310 1015 464 1089 triennio
484 1013 646 1112 predicto
662 1037 730 1087 nec
757 1037 831 1087 non
858 1022 978 1103 antea,
1001 1014 1110 1087 etiam
1139 1013 1285 1111 propria
1308 1015 1522 1088 auctoritate
1547 1015 1633 1088 reci-

309 1139 443 1236 piendi,
463 1147 558 1214 etex
576 1147 660 1214 tunc
672 1139 707 1211 in
724 1145 832 1212 antea
846 1139 970 1213 utendi
983 1161 1066 1214 cum
1081 1139 1228 1213 decreto
1245 1139 1356 1236 quod,
1375 1139 1484 1212 etiam
1500 1161 1635 1215 summo

310 1264 482 1361 pontifice
503 1263 645 1338 interim
676 1263 889 1354 decedente,
907 1265 1009 1364 lapso
1032 1263 1127 1338 dicto
1152 1271 1330 1362 tempore,
1354 1264 1554 1338 haberetur
1576 1288 1635 1360 pro

169 1407 171 1411 ·
311 1388 509 1479 cardinale3
531 1389 591 1485 qui
612 1387 801 1461 cardinalis
818 1395 854 1461 ut
875 1389 969 1461 filius
992 1388 1197 1462 obedientie
1218 1389 1362 1464 interim
1385 1412 1451 1487 pro
1473 1397 1637 1486 protono

212 1565 219 1578 .
309 1514 399 1588 tario
415 1537 453 1588 se
468 1513 593 1587 habuit
618 1521 654 1586 et
678 1513 801 1610 gessit,
830 1520 865 1587 et
892 1513 1062 1588 mandata
1084 1519 1121 1586 et
1140 1514 1287 1588 decreta
1310 1515 1346 1587 iu
1360 1514 1475 1589 literis
1496 1523 1635 1611 aposto-

307 1637 385 1710 licis
401 1639 610 1736 hujusmodi
627 1639 791 1736 apposita
814 1637 1027 1712 observavit.

357 1761 513 1836 Triennii
530 1787 614 1839 vero
631 1761 839 1860 hujusmodi
852 1762 923 1836 fine
942 1761 1112 1852 instante,
1131 1761 1227 1836 idem
1238 1763 1444 1852 cardinalis,
1462 1763 1523 1838 die
1541 1787 1636 1838 vene·

308 1886 356 1960 ris
385 1893 406 1961 9
434 1887 518 1962 dicti
545 1887 681 1962 mensis
711 1887 829 1962 martii
855 1887 1034 1986 presentis
1057 1887 1141 1961 anni
1164 1889 1526 1979 MCCCCLXXXXH,
1559 1913 1634 1962 oum

307 2009 420 2084 tribus
445 2011 519 2084 suis
540 2011 750 2086 domesticis
773 2016 829 2086 Jo.
857 2011 1018 2110 Baptista
1039 2011 1217 2104 auditore,
1244 2012 1357 2086 llario
1380 2011 1590 2087 caudatario
1604 2018 1635 2086 et

307 2125 514 2210 Th'eobaldo
526 2136 724 2212 camerario
734 2137 840 2211 exivit
856 2137 1075 2212 Florentiam
1092 2135 1222 2210 insero
1236 2135 1525 2211 etadabbatiam
1540 2159 1633 2210 suam

306 2261 565 2336 monasterinm
580 2261 798 2337 Fesulanum
818 2263 928 2354 venit,
947 2263 1009 2336 ubi
1029 2287 1073 2337 ea
1092 2260 1199 2336 nocte
1216 2261 1367 2359 quievit;
1385 2261 1420 2334 in
1439 2285 1563 2352 mane,
1581 2261 1632 2335 die

303 2385 442 2460 sabbati
462 2391 505 2461 ro
522 2386 686 2484 ejusdem
708 2387 856 2480 mensis,
879 2387 975 2463 lacta
996 2412 1062 2487 per
1083 2409 1168 2463 eum
1188 2386 1432 2477 consessione,
1453 2387 1553 2462 dicta
1574 2385 1632 2460 luit

304 2509 411 2583 missa
429 2510 600 2585 solemnis
617 2511 661 2584 de
680 2511 815 2610 Spiritu
832 2521 971 2598 sancto,
988 2513 1125 2609 absque
1138 2511 1258 2608 aliqua
1273 2510 1628 2597 commemoratione,

304 2657 370 2730 per
389 2634 517 2708 iratres
538 2635 749 2710 monasterii
772 2637 938 2734 predicti,
963 2639 1024 2736 qui
1049 2637 1186 2712 ordinis
1212 2636 1473 2712 canonicorum
1498 2635 1630 2733 regula-

304 2759 396 2832 rium
421 2760 534 2834 sancti
554 2761 745 2859 Augustini
768 2763 946 2854 existunt3
971 2770 1007 2838 et
1031 2763 1127 2838 idem
1157 2761 1349 2836 cardinalis
1367 2761 1404 2834 in
1427 2761 1503 2836 fine
1529 2762 1629 2835 misse

302 2885 590 2959 communicatus
614 2913 620 2959 :
640 2909 714 2983 qua
733 2887 849 2979 linita,
873 2889 1000 2986 positis
1022 2911 1132 2987 super
1152 2888 1264 2962 altare
1284 2907 1400 2984 cappa
1419 2884 1627 2972 cardinalari

301 3031 343 3082 ac
363 3009 469 3083 anulo
490 3015 524 3084 et
542 3011 695 3108 capello,
720 3011 818 3086 idem
841 3013 1032 3088 cardinalis
1058 3013 1274 3111 genuflexit;
1297 3018 1387 3102 tum,
1407 3010 1515 3085 lectis
1539 3008 1630 3084 bulla

303 3134 496 3208 creationis
510 3159 574 3210 sue
589 3135 626 3209 in
641 3137 875 3227 cardinalem,
893 3145 929 3210 et
941 3137 1038 3211 brevi
1049 3135 1317 3211 commissionis
1328 3133 1412 3208 dicti
1423 3131 1627 3208 monasterii

303 3259 422 3332 abbati
438 3259 545 3350 lacto,
562 3261 606 3335 de
618 3261 821 3336 exhibendo
838 3263 958 3336 eidem
973 3261 1145 3336 cardinali
1166 3261 1329 3336 habiturn
1346 3271 1382 3338 et
1396 3265 1576 3362 capellum
1591 3285 1627 3336 ac

301 3381 447 3455 anulum
464 3384 720 3477 cardinalares,
744 3411 809 3485 per
828 3387 1036 3461 Simeonem
1054 3389 1157 3460 Staza
1181 3385 1338 3483 primum
1358 3387 1541 3462 notarium
1557 3386 1627 3460 Flo

302 3507 483 3581 rentinum
506 3509 672 3607 imposita
699 3512 765 3584 luit
791 3535 906 3610 cappa
935 3509 1169 3584 cardinalaris
1197 3517 1273 3583 tum
1298 3511 1413 3608 pileus
1443 3521 1481 3586 et
1506 3511 1624 3586 anulus

303 3629 475 3704 cardinali
492 3634 653 3730 predicto
670 3659 736 3733 per
760 3619 928 3712 abbatem
950 3642 1213 3724 memoratum
1233 3634 1296 3731 qui
1316 3635 1447 3711 deinde
1471 3637 1626 3735 petiitab

303 3753 433 3828 eodem
453 3757 632 3831 cardinale
654 3759 895 3859 indulgentias
926 3760 1227 3835 interessentibus
1256 3759 1390 3836 debere
1413 3762 1538 3860 largiri
1562 3761 1621 3860 (t);

302 3878 362 3974 qui
379 3879 569 3955 cardinalis
586 3885 767 3958 concessit
792 3885 929 3961 eisdem
950 3885 1192 3984 indulgentias
1216 3907 1283 3980 per
1303 3883 1526 3960 cardinalem
1545 3907 1623 3958 corr-

302 4003 381 4077 cedi
398 4005 519 4079 solitas
535 4013 571 4082 et
585 4015 790 4102 consuetas,
817 4011 863 4086 de
885 4000 1015 4108 quibus
1035 4010 1204 4084 omnibus
1227 4015 1376 4106 rogatus
1389 4009 1457 4084 luit
1471 4009 1622 4085 notarius

300 4129 465 4224 publicus
486 4135 766 4232 suprascriptus.

350 4255 485 4341 Quibus
510 4259 680 4355 peractis,
712 4259 808 4334 idem
840 4261 1032 4337 cardinalis
1068 4263 1154 4337 lecit
1183 4262 1218 4336 in
1252 4261 1382 4338 eodem
1409 4263 1620 4340 monasterio

299 4381 489 4476 prandium
501 4407 509 4472 ;
522 4382 667 4457 interim
680 4393 914 4461 accesserunt
933 4387 979 4459 ad
996 4387 1114 4484 ipsum
1131 4388 1323 4462 servitores
1339 4387 1393 4461 sui
1407 4389 1466 4462 alii
1484 4396 1520 4464 et
1535 4389 1619 4463 circs

178 4593 182 4600 Ι
301 4505 511 4596 Florentini,
544 4509 580 4580 in
612 4533 765 4585 numero
795 4511 957 4609 copioso,
997 4513 1131 4587 multos
1163 4513 1393 4588 centenarios
1426 4513 1616 4589 excedenti.

301 4630 454 4705 Prandio
471 4641 590 4706 autem
605 4641 767 4732 peracte,
786 4636 990 4734 supervenit
1012 4637 1170 4712 maxima
1190 4638 1394 4736 pluviaque
1412 4637 1618 4714 totailladie
1724 4657 1725 4687 ¹

299 4753 454 4843 duravit;
473 4779 545 4851 qua
558 4779 631 4831 non
647 4759 827 4851 obstante,
846 4761 943 4834 idem
958 4763 1152 4837 cardinalis
1165 4764 1379 4854 associatus,
1400 4771 1439 4838 ut
1455 4761 1617 4861 supra,in

334 4973 359 5028 l.
380 4973 458 5030 Cettc
476 4976 625 5035 ceremonia
640 4985 683 5036 est
700 4983 827 5037 macutes
840 4997 889 5054 par
909 4979 1026 5052 Bassus,
1042 4982 1132 5056 prieur
1153 4981 1191 5038 du
1210 4985 1364 5041 monasttre
1382 4982 1416 5040 de
1439 4983 1552 5050 Fiescle,
1573 4979 1614 5056 qui

298 5061 407 5206 gualera
418 5061 557 5209 lpp-mtma
568 5083 604 5123 au
622 5066 706 5142 jaune
719 5069 840 5127 cardinal
853 5069 1031 5128 l'iurastiturc
1045 5071 1080 5128 dc
1094 5087 1127 5128 sa
1148 5072 1274 5131 nouvelle
1294 5071 1413 5146 dignita.
1432 5073 1503 5149 ch.
1517 5075 1613 5148 Appen-

317 5169 368 5222 ice,
384 5163 415 5208 u⁰
467 5169 479 5210 .·
