3508 6034
127 467 203 530 (Mars
219 463 289 533 ¹⁴92]
460 464 588 522 RERUM
612 465 838 524 URBANARUM
862 466 1123 525 COMMENTARII.
1402 475 1455 530 449

129 621 321 696 celebravit
336 620 484 694 missam
500 619 537 692 in
553 620 692 717 capella
713 620 932 716 supradicta,
964 626 1060 718 Papa
1079 622 1242 710 absente,
1261 629 1296 696 et
1310 623 1376 697 luit
1391 648 1457 698 sua

128 746 244 843 prima
260 745 371 820 missa
390 745 426 818 in
447 751 567 835 cantu,
586 744 622 817 in
646 768 716 842 qua
738 745 861 819 omnia
882 747 1070 820 observata
1095 757 1177 820 sunt
1202 769 1305 821 more
1336 746 1455 820 solito.

129 873 343 945 Sermonem
359 869 443 945 lecit
457 878 671 966 procurator
685 870 821 943 ordinis
838 871 1117 966 predicatorum.

174 997 280 1070 Feria
294 995 466 1086 secunda,
491 1001 534 1068 12
551 996 683 1086 martii,
702 997 795 1070 leste
817 1023 846 1070 s.
870 999 1033 1095 Gregorii
1049 1021 1155 1096 pape,
1172 1002 1235 1073 SS.
1256 1002 1300 1071 D.
1319 1001 1346 1070 N
1354 1055 1378 1086 .,
1397 1020 1459 1094 pa-

128 1127 225 1194 ratus
241 1144 343 1195 more
360 1120 466 1193 solito
480 1129 516 1194 et
532 1123 708 1218 capucino
725 1124 807 1197 albo
825 1125 892 1196 sub
908 1123 1013 1210 slola,
1029 1123 1125 1198 veuit
1139 1124 1185 1198 ad
1194 1122 1458 1197 monasterium

129 1247 348 1343 sGregorii,
367 1269 475 1320 cruce
496 1255 532 1320 et
551 1248 791 1322 cardinalibus
818 1250 1111 1346 precedentibus,
1131 1250 1190 1323 ubi
1215 1247 1348 1323 audivit
1368 1247 1456 1319 mis-

131 1396 206 1446 sam
238 1371 383 1444 bassam
407 1393 514 1466 quam
540 1371 732 1446 celebravit
746 1373 857 1447 abbas
888 1375 971 1448 dicti
1000 1376 1224 1450 monastedi.
1256 1372 1352 1447 Dixit
1381 1381 1454 1445 tres

131 1497 314 1570 orationes
338 1520 346 1569 :
366 1495 533 1593 primam,
556 1497 600 1570 de
621 1496 732 1586 leslo;
770 1500 980 1592 secundam,
1006 1501 1051 1574 de
1073 1501 1179 1594 ieria;
1203 1502 1359 1592 tertiam,
1389 1524 1454 1598 pro

128 1625 240 1719 Papa,
258 1621 350 1716 quia
364 1621 541 1718 principio
557 1619 667 1696 misse
683 1646 797 1718 usquc
811 1624 856 1697 ad
869 1625 993 1716 finam,
1012 1626 1219 1700 etiamdum
1231 1625 1455 1726 euangelium

126 1747 323 1834 diceretur,
341 1745 378 1818 iu
388 1745 586 1819 faldistorio
602 1746 638 1817 in
655 1769 769 1820 cornu
786 1751 960 1846 evangelii
976 1727 1184 1849 sibi-parato
1196 1750 1328 1824 mansit
1343 1773 1457 1846 geuu-

128 1871 245 1944 ssexus
261 1879 297 1945 et
311 1877 407 1944 retro
421 1893 505 1944 eum
520 1870 591 1944 duo
607 1872 748 1944 diaconi
768 1876 979 1951 assistentes
995 1873 1090 1947 etad
1108 1874 1187 1970 ejus
1205 1871 1387 1944 sinistram
1400 1869 1458 1942 alii

126 1998 273 2074 diaconi
288 1999 499 2074 cardinales.
518 1999 846 2076 Vicecancellarius
861 1999 1015 2098 portavit
1026 1998 1209 2072 missalem
1222 1996 1354 2071 librum
1370 2017 1462 2092 pon-

127 2122 216 2196 tifici
236 2131 319 2221 post
341 2125 569 2228 evangelium*
589 2125 826 2200 osculandum
851 2124 1014 2198 similiter
1032 2129 1068 2198 et
1089 2146 1232 2221 pacem,
1249 2143 1359 2217 quam
1377 2143 1459 2216 ego,

127 2247 262 2322 deinde
279 2272 298 2322 e
314 2249 479 2323 manibus
502 2249 574 2322 suis
596 2250 787 2346 recipiens,
816 2249 899 2324 dedi
921 2248 987 2323 sibi
1010 2248 1142 2346 primo,
1160 2245 1290 2322 deinde
1319 2243 1460 2318 Recha-

4 2427 6 2434 -
124 2373 284 2464 natensi,
314 2379 389 2448 tum
423 2375 575 2450 Senensi
608 2376 717 2449 etde
746 2374 898 2449 Sabellis
929 2373 1170 2448 cardinalibus
1193 2377 1229 2444 et
1255 2367 1459 2467 patriarche

124 2493 1460 2596 Aquilanensiprimoassistenti3deindeeamauperaltarereposui,atalia

125 2619 253 2694 omnia
265 2620 454 2694 observata
470 2629 552 2696 sunt
567 2630 675 2719 prout
688 2623 853 2720 superius
873 2622 1001 2697 eadem
1016 2621 1073 2694 die
1087 2621 1216 2694 anui...
1233 2626 1457 2694 annotatum.

177 2744 294 2818 Finita
316 2745 427 2820 missa
454 2747 617 2844 predicta
637 2755 673 2822 et
691 2747 944 2823 benedictione
970 2770 1035 2845 per
1062 2746 1271 2844 pontificem
1292 2745 1329 2817 in
1354 2749 1461 2818 cantu

125 2869 225 2960 data,
243 2894 309 2968 per
323 2871 514 2946 ecclesiam
532 2881 740 2946 sanctorum
754 2873 928 2948 lobannis
944 2881 980 2948 et
998 2873 1095 2946 Pauli
1110 2880 1144 2947 et
1159 2872 1345 2946 basilicam
1361 2876 1463 2944 Late-

128 2996 430 3072 ranensemvenit
447 2997 609 3093 pontifex
624 2998 670 3071 ad
682 2982 875 3072 ecclesiam
891 3005 1015 3072 sancte
1027 2998 1145 3070 crucis
1165 2997 1203 3070 in
1219 2995 1461 3085 Hierusalem,

127 3119 167 3193 in
182 3144 255 3216 qua
279 3121 527 3218 superioribus
547 3121 687 3208 diebus,
715 3145 797 3195 cum
821 3122 977 3198 ecclesia
1001 3123 1079 3218 ipsa
1109 3127 1377 3195 restauraretur
1399 3142 1465 3216 per

127 3248 276 3318 limum.
290 3249 333 3318 b.
343 3246 554 3320 Toletanum
570 3247 602 3344 ej
608 3246 735 3320 usdem
749 3247 839 3324 tituli
851 3247 1071 3322 cardinalem
1085 3252 1121 3321 ct
1133 3245 1351 3346 perpulchre
1362 3267 1465 3318 orna-

128 3373 242 3458 retur,
264 3375 406 3466 reperta
424 3376 479 3444 est
498 3370 532 3442 in
557 3371 765 3446 summitate
785 3372 950 3470 ejusdem
975 3396 1081 3446 arcus
1105 3371 1399 3468 suprachorum,
1425 3369 1462 3441 in

126 3492 286 3590 quadam
301 3494 459 3592 capsella
479 3495 649 3592 plumbea
667 3496 780 3571 latere
797 3506 984 3594 cooperta,
1011 3496 1140 3571 cedula
1160 3495 1408 3592 circumligata
1424 3499 1461 3568 et

128 3617 243 3692 tribus
267 3618 405 3714 sigillis,
436 3619 601 3716 ejusdem
628 3621 750 3694 tamen
780 3622 1042 3718 impressionis,
1076 3621 1243 3718 sigillata,
1269 3623 1306 3694 in
1333 3621 1460 3718 quibus

128 3741 258 3839 sigillis
273 3743 405 3840 scripta
421 3745 666 3818 erantverba:
689 3743 871 3818 Gerurdus
887 3745 1086 3820 cardinalis
1096 3757 1215 3818 sancte
1230 3745 1356 3834 crucia,
1375 3742 1461 3816 etin

36 3857 39 3863 ’
102 3889 108 3898 ’
128 3867 252 3944 medio
267 3867 386 3964 imago
402 3868 557 3964 quedam
573 3867 692 3942 medie
707 3869 822 3966 ligure
840 3892 923 3943 cum
937 3867 1090 3967 capello,
1107 3869 1144 3941 in
1158 3869 1279 3943 forma
1291 3867 1458 3956 rotunda,

129 3991 389 4088 magnitudinis
415 3991 674 4089 aliquantulum
705 3993 854 4089 majoris
880 3992 926 4092 (l)
949 3994 1168 4069 carlinorum
1194 3993 1307 4068 leliois
1337 4014 1460 4066 recor-

130 4114 289 4189 dationis
309 4115 408 4188 Pauli
420 4139 513 4213 pape
530 4115 693 4190 secundi.
716 4121 756 4188 lu
776 4117 890 4190 latere
905 4141 991 4190 vero
1007 4118 1140 4191 dietam
1160 4141 1307 4214 capsam
1328 4139 1463 4212 coope-

128 4239 260 4329 riente,
278 4263 300 4312 a
315 4246 414 4336 parte
429 4262 500 4336 que
516 4239 560 4313 ab
576 4239 672 4312 intus
688 4237 807 4334 posita
821 4240 949 4328 luerat,
967 4239 1108 4336 sculpta
1122 4245 1224 4314 erant
1239 4236 1429 4312 hecverba
1447 4267 1454 4310 :

130 4364 256 4436 timlua
280 4365 405 4437 craecis.
432 4369 472 4438 ln
499 4387 607 4461 capsa
630 4385 715 4436 vero
744 4364 906 4462 predicta
934 4363 1051 4460 posita
1070 4371 1147 4437 erat
1167 4361 1324 4458 quedam
1340 4361 1461 4434 tabula

131 4489 397 4585 antiquissima,
422 4472 743 4585 semiconsumpta,
760 4488 893 4586 lignea,
910 4487 1143 4584 longitudinis
1157 4487 1263 4559 unius
1285 4483 1395 4582 palmi
1425 4489 1461 4558 et

131 4635 262 4710 grossa
280 4613 469 4711 plusquam
493 4613 648 4687 duorum
675 4611 870 4709 digitorum
890 4639 896 4683 :
915 4612 952 4684 in
979 4636 1051 4708 qua
1065 4611 1186 4686 tabula
1202 4611 1341 4707 sculpta
1359 4613 1462 4682 erant

131 4737 260 4812 ordine
300 4739 525 4836 retrogrado,
560 4725 756 4812 Judeorum
789 4760 904 4826 more,
938 4736 1040 4810 litere
1073 4736 1257 4824 hebraice,
1290 4755 1397 4832 grece
1426 4741 1460 4804 et

129 4861 264 4938 latine:
285 4861 389 4937 Jesus
403 4863 614 4938 Nazaraeos
636 4861 849 4938 :residuum
874 4861 964 4934 tituli
987 4862 1079 4958 ejus,
1101 4859 1267 4934 videlicet
1291 4859 1375 4932 Res
1393 4855 1462 4930 Ju-

171 5140 196 5194 l.
219 5139 447 5210 Aliquantulum
462 5139 595 5210 majoris.
611 5167 645 5178 —
661 5136 697 5193 La
712 5141 783 5193 reste
797 5135 832 5192 de
846 5135 872 5192 la
888 5135 987 5208 phrase
1003 5151 1120 5207 mauquc
1139 5133 1208 5190 dans
1224 5131 1344 5196 Rinaldi,
1358 5149 1386 5205 p.
1403 5132 1469 5192 184.

278 5272 302 5312 r.
325 5273 343 5310 ι.
1271 5248 1307 5302 29
