<?xml version="1.0" encoding="UTF-8"?>
<!DOCTYPE html PUBLIC "-//W3C//DTD XHTML 1.0 Transitional//EN"
    "http://www.w3.org/TR/xhtml1/DTD/xhtml1-transitional.dtd">
<html xmlns="http://www.w3.org/1999/xhtml" xml:lang="en" lang="en">
 <head>
  <title>
</title>
<meta http-equiv="Content-Type" content="text/html;charset=utf-8" />
  <meta name='ocr-system' content='tesseract 3.04.00' />
  <meta name='ocr-capabilities' content='ocr_page ocr_carea ocr_par ocr_line ocrx_word'/>
</head>
<body>
  <div class='ocr_page' id='page_1' title='image "./johannisburchar02burcgoog/johannisburchar02burcgoog_0249.png"; bbox 0 0 3436 6038; ppageno 0'>
   <div class='ocr_carea' id='block_1_1' title="bbox 385 451 1699 540">
    <p class='ocr_par' dir='ltr' id='par_1_1' title="bbox 385 451 1699 540">
     <span class='ocr_line' id='line_1_1' title="bbox 385 451 1699 540; baseline -0.002 -12"><span class='ocrx_word' id='word_1_1' title='bbox 385 462 439 518; x_wconf 77' lang='lat'>236</span> <span class='ocrx_word' id='word_1_2' title='bbox 842 451 1017 526; x_wconf 79' lang='lat' dir='ltr'>roulnnrs</span> <span class='ocrx_word' id='word_1_3' title='bbox 1042 467 1263 539; x_wconf 77' lang='lat' dir='ltr'>nauculam,</span> <span class='ocrx_word' id='word_1_4' title='bbox 1513 451 1699 540; x_wconf 38' lang='lat' dir='ltr'>[sannarum</span> 
     </span>
    </p>
   </div>
   <div class='ocr_carea' id='block_1_2' title="bbox 385 620 1675 846">
    <p class='ocr_par' dir='ltr' id='par_1_2' title="bbox 385 620 1675 846">
     <span class='ocr_line' id='line_1_2' title="bbox 388 620 1675 722; baseline 0.007 -30"><span class='ocrx_word' id='word_1_5' title='bbox 388 642 495 692; x_wconf 92' lang='lat' dir='ltr'>cruce</span> <span class='ocrx_word' id='word_1_6' title='bbox 524 626 560 692; x_wconf 91' lang='lat' dir='ltr'>et</span> <span class='ocrx_word' id='word_1_7' title='bbox 580 620 834 714; x_wconf 76' lang='lat' dir='ltr'>cardinalibus,</span> <span class='ocrx_word' id='word_1_8' title='bbox 864 623 1031 720; x_wconf 78' lang='lat' dir='ltr'><strong>equitavit</strong></span> <span class='ocrx_word' id='word_1_9' title='bbox 1055 647 1121 721; x_wconf 93' lang='lat' dir='ltr'>per</span> <span class='ocrx_word' id='word_1_10' title='bbox 1147 624 1240 697; x_wconf 88' lang='lat' dir='ltr'>viam</span> <span class='ocrx_word' id='word_1_11' title='bbox 1263 624 1380 720; x_wconf 89' lang='lat' dir='ltr'>campi</span> <span class='ocrx_word' id='word_1_12' title='bbox 1409 623 1525 714; x_wconf 83' lang='lat' dir='ltr'>Flore,</span> <span class='ocrx_word' id='word_1_13' title='bbox 1554 626 1675 722; x_wconf 83' lang='lat' dir='ltr'>plateam</span> 
     </span>
     <span class='ocr_line' id='line_1_3' title="bbox 385 744 1674 846; baseline 0.009 -30"><span class='ocrx_word' id='word_1_14' title='bbox 385 744 578 842; x_wconf 88' lang='lat' dir='ltr'>judeorum</span> <span class='ocrx_word' id='word_1_15' title='bbox 597 746 643 820; x_wconf 90' lang='lat' dir='ltr'>ad</span> <span class='ocrx_word' id='word_1_16' title='bbox 662 773 691 820; x_wconf 91' lang='lat' dir='ltr'>s.</span> <span class='ocrx_word' id='word_1_17' title='bbox 717 750 885 838; x_wconf 75' lang='lat' dir='ltr'>Paulum,</span> <span class='ocrx_word' id='word_1_18' title='bbox 903 773 975 846; x_wconf 92' lang='lat' dir='ltr'>quo</span> <span class='ocrx_word' id='word_1_19' title='bbox 999 749 1153 823; x_wconf 81' lang='lat' dir='ltr'>intrante</span> <span class='ocrx_word' id='word_1_20' title='bbox 1173 751 1238 822; x_wconf 90' lang='lat' dir='ltr'>sub</span> <span class='ocrx_word' id='word_1_21' title='bbox 1256 750 1408 846; x_wconf 88' lang='lat' dir='ltr'>porticu,</span> <span class='ocrx_word' id='word_1_22' title='bbox 1425 751 1475 822; x_wconf 86' lang='lat' dir='ltr'>ibi</span> <span class='ocrx_word' id='word_1_23' title='bbox 1491 752 1602 842; x_wconf 87' lang='lat' dir='ltr'>abbas,</span> <span class='ocrx_word' id='word_1_24' title='bbox 1616 777 1674 826; x_wconf 84' lang='lat' dir='ltr'>cun</span> 
     </span>
    </p>
   </div>
   <div class='ocr_carea' id='block_1_3' title="bbox 388 869 1682 5215">
    <p class='ocr_par' dir='ltr' id='par_1_3' title="bbox 388 869 1682 5215">
     <span class='ocr_line' id='line_1_4' title="bbox 389 869 1673 970; baseline 0.005 -27"><span class='ocrx_word' id='word_1_25' title='bbox 389 871 576 944; x_wconf 89' lang='lat' dir='ltr'>monachis</span> <span class='ocrx_word' id='word_1_26' title='bbox 608 871 925 968; x_wconf 70' lang='lat' dir='ltr'>processionaliter</span> <span class='ocrx_word' id='word_1_27' title='bbox 961 869 1151 962; x_wconf 89' lang='lat' dir='ltr'>ordinatis,</span> <span class='ocrx_word' id='word_1_28' title='bbox 1193 895 1277 945; x_wconf 90' lang='lat' dir='ltr'>cum</span> <span class='ocrx_word' id='word_1_29' title='bbox 1311 895 1418 947; x_wconf 88' lang='lat' dir='ltr'>cruce</span> <span class='ocrx_word' id='word_1_30' title='bbox 1458 874 1568 946; x_wconf 83' lang='lat' dir='ltr'>stabat</span> <span class='ocrx_word' id='word_1_31' title='bbox 1597 899 1673 970; x_wconf 87' lang='lat' dir='ltr'>qnnn</span> 
     </span>
     <span class='ocr_line' id='line_1_5' title="bbox 388 996 1673 1096; baseline 0.003 -27"><span class='ocrx_word' id='word_1_32' title='bbox 388 997 581 1094; x_wconf 87' lang='lat' dir='ltr'>panniculo</span> <span class='ocrx_word' id='word_1_33' title='bbox 598 1019 663 1096; x_wconf 94' lang='lat' dir='ltr'>per</span> <span class='ocrx_word' id='word_1_34' title='bbox 677 996 843 1070; x_wconf 77' lang='lat' dir='ltr'>abbatem</span> <span class='ocrx_word' id='word_1_35' title='bbox 859 997 1066 1071; x_wconf 89' lang='lat' dir='ltr'>mundatam</span> <span class='ocrx_word' id='word_1_36' title='bbox 1084 1004 1120 1071; x_wconf 91' lang='lat' dir='ltr'>et</span> <span class='ocrx_word' id='word_1_37' title='bbox 1135 998 1327 1095; x_wconf 91' lang='lat' dir='ltr'>panniculo</span> <span class='ocrx_word' id='word_1_38' title='bbox 1346 1021 1413 1095; x_wconf 93' lang='lat' dir='ltr'>per</span> <span class='ocrx_word' id='word_1_39' title='bbox 1432 1021 1517 1070; x_wconf 95' lang='lat' dir='ltr'>eum</span> <span class='ocrx_word' id='word_1_40' title='bbox 1536 999 1673 1076; x_wconf 87' lang='lat' dir='ltr'>osculato.</span> 
     </span>
     <span class='ocr_line' id='line_1_6' title="bbox 390 1122 1675 1220; baseline -0.001 -24"><span class='ocrx_word' id='word_1_41' title='bbox 390 1127 485 1220; x_wconf 87' lang='lat' dir='ltr'>Papa</span> <span class='ocrx_word' id='word_1_42' title='bbox 500 1123 696 1196; x_wconf 90' lang='lat' dir='ltr'>emanibus</span> <span class='ocrx_word' id='word_1_43' title='bbox 712 1122 805 1196; x_wconf 78' lang='lat' dir='ltr'>limi.</span> <span class='ocrx_word' id='word_1_44' title='bbox 824 1127 867 1196; x_wconf 88' lang='lat' dir='ltr'>D.</span> <span class='ocrx_word' id='word_1_45' title='bbox 881 1123 1071 1196; x_wconf 88' lang='lat' dir='ltr'>cardinalis</span> <span class='ocrx_word' id='word_1_46' title='bbox 1086 1122 1190 1219; x_wconf 92' lang='lat' dir='ltr'>primi</span> <span class='ocrx_word' id='word_1_47' title='bbox 1206 1123 1345 1196; x_wconf 90' lang='lat' dir='ltr'>diaconi</span> <span class='ocrx_word' id='word_1_48' title='bbox 1359 1122 1559 1198; x_wconf 87' lang='lat' dir='ltr'>assistentis</span> <span class='ocrx_word' id='word_1_49' title='bbox 1573 1125 1675 1196; x_wconf 83' lang='lat' dir='ltr'>oscula-</span> 
     </span>
     <span class='ocr_line' id='line_1_7' title="bbox 389 1245 1673 1338; baseline -0.002 -15"><span class='ocrx_word' id='word_1_50' title='bbox 389 1257 445 1323; x_wconf 92' lang='lat' dir='ltr'>tus</span> <span class='ocrx_word' id='word_1_51' title='bbox 469 1255 537 1338; x_wconf 91' lang='lat' dir='ltr'>est,</span> <span class='ocrx_word' id='word_1_52' title='bbox 555 1249 685 1324; x_wconf 89' lang='lat' dir='ltr'>deinde</span> <span class='ocrx_word' id='word_1_53' title='bbox 707 1254 896 1324; x_wconf 75' lang='lat' dir='ltr'>cantarunt</span> <span class='ocrx_word' id='word_1_54' title='bbox 916 1248 965 1322; x_wconf 92' lang='lat' dir='ltr'>illi</span> <span class='ocrx_word' id='word_1_55' title='bbox 989 1277 995 1321; x_wconf 95' lang='lat'><strong>:</strong></span> <span class='ocrx_word' id='word_1_56' title='bbox 1018 1245 1113 1322; x_wconf 80' lang='lat' dir='ltr'>Ecce</span> <span class='ocrx_word' id='word_1_57' title='bbox 1136 1248 1309 1338; x_wconf 81' lang='lat' dir='ltr'>sacerdos,</span> <span class='ocrx_word' id='word_1_58' title='bbox 1335 1261 1416 1338; x_wconf 79' lang='lat' dir='ltr'>etc,</span> <span class='ocrx_word' id='word_1_59' title='bbox 1437 1248 1673 1334; x_wconf 66' lang='lat' dir='ltr'>Tallemand.</span> 
     </span>
     <span class='ocr_line' id='line_1_8' title="bbox 389 1372 1674 1473; baseline -0.002 -24"><span class='ocrx_word' id='word_1_60' title='bbox 389 1380 486 1473; x_wconf 87' lang='lat' dir='ltr'>Papa</span> <span class='ocrx_word' id='word_1_61' title='bbox 499 1373 675 1473; x_wconf 79' lang='lat' dir='ltr'>processit</span> <span class='ocrx_word' id='word_1_62' title='bbox 685 1373 730 1448; x_wconf 90' lang='lat' dir='ltr'>ad</span> <span class='ocrx_word' id='word_1_63' title='bbox 745 1372 856 1447; x_wconf 87' lang='lat' dir='ltr'>altare</span> <span class='ocrx_word' id='word_1_64' title='bbox 870 1375 1003 1471; x_wconf 87' lang='lat' dir='ltr'>majus,</span> <span class='ocrx_word' id='word_1_65' title='bbox 1014 1373 1074 1446; x_wconf 93' lang='lat' dir='ltr'>ubi</span> <span class='ocrx_word' id='word_1_66' title='bbox 1087 1372 1361 1471; x_wconf 79' lang='lat' dir='ltr'>genuflexus,in</span> <span class='ocrx_word' id='word_1_67' title='bbox 1376 1373 1573 1446; x_wconf 78' lang='lat' dir='ltr'>faldistorio</span> <span class='ocrx_word' id='word_1_68' title='bbox 1584 1375 1674 1461; x_wconf 82' lang='lat' dir='ltr'>orarit,</span> 
     </span>
     <span class='ocr_line' id='line_1_9' title="bbox 389 1497 1677 1596; baseline -0.005 -22"><span class='ocrx_word' id='word_1_69' title='bbox 389 1507 438 1590; x_wconf 88' lang='lat' dir='ltr'>et,</span> <span class='ocrx_word' id='word_1_70' title='bbox 468 1503 512 1573; x_wconf 92' lang='lat' dir='ltr'>eo</span> <span class='ocrx_word' id='word_1_71' title='bbox 542 1503 725 1596; x_wconf 79' lang='lat' dir='ltr'>surgente,</span> <span class='ocrx_word' id='word_1_72' title='bbox 755 1501 797 1572; x_wconf 88' lang='lat' dir='ltr'>D.</span> <span class='ocrx_word' id='word_1_73' title='bbox 825 1497 1068 1572; x_wconf 88' lang='lat' dir='ltr'>Bernardlnus</span> <span class='ocrx_word' id='word_1_74' title='bbox 1100 1497 1273 1573; x_wconf 85' lang='lat' dir='ltr'>secretus</span> <span class='ocrx_word' id='word_1_75' title='bbox 1293 1498 1535 1571; x_wconf 88' lang='lat' dir='ltr'>cubicularius</span> <span class='ocrx_word' id='word_1_76' title='bbox 1562 1499 1677 1594; x_wconf 82' lang='lat' dir='ltr'>projecit</span> 
     </span>
     <span class='ocr_line' id='line_1_10' title="bbox 388 1621 1678 1721; baseline -0.003 -23"><span class='ocrx_word' id='word_1_77' title='bbox 388 1624 512 1699; x_wconf 89' lang='lat' dir='ltr'>nescio</span> <span class='ocrx_word' id='word_1_78' title='bbox 529 1647 618 1721; x_wconf 91' lang='lat' dir='ltr'>quas</span> <span class='ocrx_word' id='word_1_79' title='bbox 633 1622 807 1720; x_wconf 90' lang='lat' dir='ltr'>pecunias</span> <span class='ocrx_word' id='word_1_80' title='bbox 824 1645 934 1720; x_wconf 91' lang='lat' dir='ltr'>super</span> <span class='ocrx_word' id='word_1_81' title='bbox 947 1622 1077 1714; x_wconf 85' lang='lat' dir='ltr'>altare;</span> <span class='ocrx_word' id='word_1_82' title='bbox 1093 1622 1223 1696; x_wconf 90' lang='lat' dir='ltr'>deinde</span> <span class='ocrx_word' id='word_1_83' title='bbox 1245 1627 1341 1720; x_wconf 88' lang='lat' dir='ltr'>Papa</span> <span class='ocrx_word' id='word_1_84' title='bbox 1360 1622 1422 1696; x_wconf 87' lang='lat' dir='ltr'>ivit</span> <span class='ocrx_word' id='word_1_85' title='bbox 1439 1623 1485 1695; x_wconf 89' lang='lat' dir='ltr'>ad</span> <span class='ocrx_word' id='word_1_86' title='bbox 1499 1621 1589 1695; x_wconf 85' lang='lat' dir='ltr'>aliud</span> <span class='ocrx_word' id='word_1_87' title='bbox 1601 1622 1678 1694; x_wconf 80' lang='lat' dir='ltr'>altare</span> 
     </span>
     <span class='ocr_line' id='line_1_11' title="bbox 390 1749 1679 1848; baseline -0.002 -26"><span class='ocrx_word' id='word_1_88' title='bbox 390 1751 427 1824; x_wconf 90' lang='lat' dir='ltr'>in</span> <span class='ocrx_word' id='word_1_89' title='bbox 444 1750 585 1824; x_wconf 90' lang='lat' dir='ltr'>tribuno</span> <span class='ocrx_word' id='word_1_90' title='bbox 601 1753 779 1846; x_wconf 85' lang='lat' dir='ltr'>paratum,</span> <span class='ocrx_word' id='word_1_91' title='bbox 803 1750 877 1833; x_wconf 82' lang='lat' dir='ltr'>ubi,</span> <span class='ocrx_word' id='word_1_92' title='bbox 900 1759 1051 1848; x_wconf 88' lang='lat' dir='ltr'>accepto</span> <span class='ocrx_word' id='word_1_93' title='bbox 1066 1750 1221 1847; x_wconf 84' lang='lat' dir='ltr'>pluviali,</span> <span class='ocrx_word' id='word_1_94' title='bbox 1244 1750 1328 1824; x_wconf 92' lang='lat' dir='ltr'>lecit</span> <span class='ocrx_word' id='word_1_95' title='bbox 1351 1749 1679 1824; x_wconf 83' lang='lat' dir='ltr'>consessionemcun</span> 
     </span>
     <span class='ocr_line' id='line_1_12' title="bbox 393 1873 1680 1966; baseline -0.005 -16"><span class='ocrx_word' id='word_1_96' title='bbox 393 1875 613 1966; x_wconf 77' lang='lat' dir='ltr'>celebrante,</span> <span class='ocrx_word' id='word_1_97' title='bbox 643 1874 807 1949; x_wconf 89' lang='lat' dir='ltr'>ascendit</span> <span class='ocrx_word' id='word_1_98' title='bbox 835 1875 964 1950; x_wconf 93' lang='lat' dir='ltr'>deinde</span> <span class='ocrx_word' id='word_1_99' title='bbox 994 1875 1125 1950; x_wconf 88' lang='lat' dir='ltr'>solium</span> <span class='ocrx_word' id='word_1_100' title='bbox 1157 1875 1215 1949; x_wconf 90' lang='lat' dir='ltr'>ubi</span> <span class='ocrx_word' id='word_1_101' title='bbox 1243 1875 1445 1948; x_wconf 84' lang='lat' dir='ltr'>cardinales</span> <span class='ocrx_word' id='word_1_102' title='bbox 1473 1873 1680 1947; x_wconf 83' lang='lat' dir='ltr'>veneruntad</span> 
     </span>
     <span class='ocr_line' id='line_1_13' title="bbox 391 1999 1680 2096; baseline -0.002 -24"><span class='ocrx_word' id='word_1_103' title='bbox 391 1999 627 2074; x_wconf 83' lang='lat' dir='ltr'>reverentiam</span> <span class='ocrx_word' id='word_1_104' title='bbox 641 2022 743 2073; x_wconf 89' lang='lat' dir='ltr'>more</span> <span class='ocrx_word' id='word_1_105' title='bbox 767 2006 957 2074; x_wconf 89' lang='lat' dir='ltr'>consueto.</span> <span class='ocrx_word' id='word_1_106' title='bbox 982 2000 1085 2076; x_wconf 87' lang='lat' dir='ltr'>Dicte</span> <span class='ocrx_word' id='word_1_107' title='bbox 1110 2007 1191 2074; x_wconf 93' lang='lat' dir='ltr'>sunt</span> <span class='ocrx_word' id='word_1_108' title='bbox 1210 1999 1280 2073; x_wconf 89' lang='lat' dir='ltr'>due</span> <span class='ocrx_word' id='word_1_109' title='bbox 1303 1999 1502 2088; x_wconf 89' lang='lat' dir='ltr'>orationes,</span> <span class='ocrx_word' id='word_1_110' title='bbox 1527 1999 1680 2096; x_wconf 81' lang='lat' dir='ltr'>primopro</span> 
     </span>
     <span class='ocr_line' id='line_1_14' title="bbox 391 2123 1679 2225; baseline -0.003 -27"><span class='ocrx_word' id='word_1_111' title='bbox 391 2149 421 2198; x_wconf 92' lang='lat' dir='ltr'>s.</span> <span class='ocrx_word' id='word_1_112' title='bbox 442 2125 552 2199; x_wconf 86' lang='lat' dir='ltr'>Paulo</span> <span class='ocrx_word' id='word_1_113' title='bbox 568 2123 633 2199; x_wconf 92' lang='lat' dir='ltr'>sub</span> <span class='ocrx_word' id='word_1_114' title='bbox 650 2149 716 2200; x_wconf 88' lang='lat' dir='ltr'>sua</span> <span class='ocrx_word' id='word_1_115' title='bbox 731 2125 979 2216; x_wconf 91' lang='lat' dir='ltr'>conclusione,</span> <span class='ocrx_word' id='word_1_116' title='bbox 996 2134 1071 2208; x_wconf 88' lang='lat' dir='ltr'>tum</span> <span class='ocrx_word' id='word_1_117' title='bbox 1087 2127 1157 2201; x_wconf 90' lang='lat' dir='ltr'>alia</span> <span class='ocrx_word' id='word_1_118' title='bbox 1173 2123 1239 2225; x_wconf 87' lang='lat' dir='ltr'>pro</span> <span class='ocrx_word' id='word_1_119' title='bbox 1260 2153 1289 2200; x_wconf 90' lang='lat' dir='ltr'>s.</span> <span class='ocrx_word' id='word_1_120' title='bbox 1308 2132 1414 2202; x_wconf 90' lang='lat' dir='ltr'>Petro</span> <span class='ocrx_word' id='word_1_121' title='bbox 1431 2125 1541 2201; x_wconf 89' lang='lat' dir='ltr'>etiam</span> <span class='ocrx_word' id='word_1_122' title='bbox 1556 2124 1613 2197; x_wconf 94' lang='lat' dir='ltr'>sub</span> <span class='ocrx_word' id='word_1_123' title='bbox 1626 2147 1679 2201; x_wconf 80' lang='lat' dir='ltr'>sur:</span> 
     </span>
     <span class='ocr_line' id='line_1_15' title="bbox 391 2247 1682 2347; baseline -0.001 -27"><span class='ocrx_word' id='word_1_124' title='bbox 391 2251 433 2320; x_wconf 70' lang='lat' dir='ltr'>BL</span> <span class='ocrx_word' id='word_1_125' title='bbox 450 2250 490 2320; x_wconf 90' lang='lat' dir='ltr'>P.</span> <span class='ocrx_word' id='word_1_126' title='bbox 510 2249 553 2320; x_wconf 86' lang='lat' dir='ltr'>D.</span> <span class='ocrx_word' id='word_1_127' title='bbox 570 2247 779 2322; x_wconf 88' lang='lat' dir='ltr'>Leonardus</span> <span class='ocrx_word' id='word_1_128' title='bbox 800 2247 990 2345; x_wconf 89' lang='lat' dir='ltr'>episcopus</span> <span class='ocrx_word' id='word_1_129' title='bbox 1007 2248 1308 2346; x_wconf 80' lang='lat' dir='ltr'>Albenganensis,</span> <span class='ocrx_word' id='word_1_130' title='bbox 1332 2249 1487 2325; x_wconf 87' lang='lat' dir='ltr'>vicarius</span> <span class='ocrx_word' id='word_1_131' title='bbox 1507 2254 1606 2347; x_wconf 87' lang='lat' dir='ltr'>Papa,</span> <span class='ocrx_word' id='word_1_132' title='bbox 1620 2249 1682 2320; x_wconf 80' lang='lat' dir='ltr'>cele</span> 
     </span>
     <span class='ocr_line' id='line_1_16' title="bbox 392 2371 1679 2450; baseline -0.002 -5"><span class='ocrx_word' id='word_1_133' title='bbox 392 2372 504 2446; x_wconf 86' lang='lat' dir='ltr'>brarit</span> <span class='ocrx_word' id='word_1_134' title='bbox 525 2372 687 2446; x_wconf 85' lang='lat' dir='ltr'>missam.</span> <span class='ocrx_word' id='word_1_135' title='bbox 715 2371 922 2446; x_wconf 73' lang='lat' dir='ltr'>cardinales</span> <span class='ocrx_word' id='word_1_136' title='bbox 952 2397 1025 2446; x_wconf 87' lang='lat' dir='ltr'>non</span> <span class='ocrx_word' id='word_1_137' title='bbox 1046 2380 1222 2448; x_wconf 79' lang='lat' dir='ltr'>venerunt</span> <span class='ocrx_word' id='word_1_138' title='bbox 1245 2374 1291 2446; x_wconf 91' lang='lat' dir='ltr'>ad</span> <span class='ocrx_word' id='word_1_139' title='bbox 1318 2374 1497 2448; x_wconf 92' lang='lat' dir='ltr'>circulum</span> <span class='ocrx_word' id='word_1_140' title='bbox 1521 2375 1580 2450; x_wconf 89' lang='lat' dir='ltr'>sed</span> <span class='ocrx_word' id='word_1_141' title='bbox 1599 2373 1679 2446; x_wconf 86' lang='lat' dir='ltr'>solun</span> 
     </span>
     <span class='ocr_line' id='line_1_17' title="bbox 391 2495 1680 2598; baseline -0.005 -28"><span class='ocrx_word' id='word_1_142' title='bbox 391 2504 625 2572; x_wconf 84' lang='lat' dir='ltr'>surrexerunt</span> <span class='ocrx_word' id='word_1_143' title='bbox 664 2497 709 2570; x_wconf 90' lang='lat' dir='ltr'>ad</span> <span class='ocrx_word' id='word_1_144' title='bbox 744 2497 942 2590; x_wconf 88' lang='lat' dir='ltr'>introitum,</span> <span class='ocrx_word' id='word_1_145' title='bbox 983 2523 1101 2596; x_wconf 90' lang='lat' dir='ltr'>neque</span> <span class='ocrx_word' id='word_1_146' title='bbox 1141 2501 1241 2597; x_wconf 90' lang='lat' dir='ltr'>prior</span> <span class='ocrx_word' id='word_1_147' title='bbox 1274 2501 1569 2598; x_wconf 83' lang='lat' dir='ltr'>presbyterorum</span> <span class='ocrx_word' id='word_1_148' title='bbox 1604 2495 1680 2568; x_wconf 83' lang='lat' dir='ltr'>astilit</span> 
     </span>
     <span class='ocr_line' id='line_1_18' title="bbox 393 2621 1677 2718; baseline -0.004 -26"><span class='ocrx_word' id='word_1_149' title='bbox 393 2622 488 2716; x_wconf 91' lang='lat' dir='ltr'>Pape</span> <span class='ocrx_word' id='word_1_150' title='bbox 503 2627 651 2716; x_wconf 89' lang='lat' dir='ltr'>propter</span> <span class='ocrx_word' id='word_1_151' title='bbox 664 2621 735 2696; x_wconf 91' lang='lat' dir='ltr'>loci</span> <span class='ocrx_word' id='word_1_152' title='bbox 750 2623 971 2718; x_wconf 87' lang='lat' dir='ltr'>angustiam;</span> <span class='ocrx_word' id='word_1_153' title='bbox 991 2623 1055 2698; x_wconf 91' lang='lat' dir='ltr'>sed</span> <span class='ocrx_word' id='word_1_154' title='bbox 1066 2647 1131 2698; x_wconf 91' lang='lat' dir='ltr'>suo</span> <span class='ocrx_word' id='word_1_155' title='bbox 1146 2623 1287 2698; x_wconf 89' lang='lat' dir='ltr'>deloco</span> <span class='ocrx_word' id='word_1_156' title='bbox 1306 2625 1470 2717; x_wconf 84' lang='lat' dir='ltr'>veniens,</span> <span class='ocrx_word' id='word_1_157' title='bbox 1484 2621 1677 2696; x_wconf 82' lang='lat' dir='ltr'>ministrabat.</span> 
     </span>
     <span class='ocr_line' id='line_1_19' title="bbox 393 2742 1680 2845; baseline -0.003 -29"><span class='ocrx_word' id='word_1_158' title='bbox 393 2743 588 2818; x_wconf 83' lang='lat' dir='ltr'>Celebrans</span> <span class='ocrx_word' id='word_1_159' title='bbox 613 2746 720 2819; x_wconf 89' lang='lat' dir='ltr'>etiam</span> <span class='ocrx_word' id='word_1_160' title='bbox 740 2746 825 2819; x_wconf 81' lang='lat' dir='ltr'>dixit</span> <span class='ocrx_word' id='word_1_161' title='bbox 848 2746 972 2822; x_wconf 81' lang='lat' dir='ltr'>Credo.</span> <span class='ocrx_word' id='word_1_162' title='bbox 998 2751 1037 2821; x_wconf 93' lang='lat' dir='ltr'>ln</span> <span class='ocrx_word' id='word_1_163' title='bbox 1064 2748 1136 2821; x_wconf 89' lang='lat' dir='ltr'>line</span> <span class='ocrx_word' id='word_1_164' title='bbox 1165 2749 1289 2839; x_wconf 89' lang='lat' dir='ltr'>misse,</span> <span class='ocrx_word' id='word_1_165' title='bbox 1316 2752 1413 2845; x_wconf 87' lang='lat' dir='ltr'>Papa</span> <span class='ocrx_word' id='word_1_166' title='bbox 1435 2748 1533 2822; x_wconf 89' lang='lat' dir='ltr'>dedit</span> <span class='ocrx_word' id='word_1_167' title='bbox 1555 2742 1680 2820; x_wconf 82' lang='lat' dir='ltr'>benedic·</span> 
     </span>
     <span class='ocr_line' id='line_1_20' title="bbox 395 2869 1677 2970; baseline -0.006 -30"><span class='ocrx_word' id='word_1_168' title='bbox 395 2869 528 2942; x_wconf 83' lang='lat' dir='ltr'>tionem</span> <span class='ocrx_word' id='word_1_169' title='bbox 561 2875 597 2942; x_wconf 94' lang='lat' dir='ltr'>et</span> <span class='ocrx_word' id='word_1_170' title='bbox 627 2869 806 2968; x_wconf 87' lang='lat' dir='ltr'>plenarias</span> <span class='ocrx_word' id='word_1_171' title='bbox 836 2873 1078 2969; x_wconf 85' lang='lat' dir='ltr'>indulgentias</span> <span class='ocrx_word' id='word_1_172' title='bbox 1116 2897 1205 2970; x_wconf 88' lang='lat' dir='ltr'>quas</span> <span class='ocrx_word' id='word_1_173' title='bbox 1233 2871 1486 2970; x_wconf 85' lang='lat' dir='ltr'>pronunciavit</span> <span class='ocrx_word' id='word_1_174' title='bbox 1520 2871 1677 2944; x_wconf 86' lang='lat' dir='ltr'>celebrans.</span> 
     </span>
     <span class='ocr_line' id='line_1_21' title="bbox 396 2993 1677 3095; baseline -0.005 -29"><span class='ocrx_word' id='word_1_175' title='bbox 396 2997 474 3068; x_wconf 92' lang='lat' dir='ltr'>Non</span> <span class='ocrx_word' id='word_1_176' title='bbox 487 2993 552 3068; x_wconf 88' lang='lat' dir='ltr'>lull</span> <span class='ocrx_word' id='word_1_177' title='bbox 565 3017 698 3069; x_wconf 86' lang='lat' dir='ltr'>sermo.</span> <span class='ocrx_word' id='word_1_178' title='bbox 715 3000 810 3071; x_wconf 90' lang='lat' dir='ltr'>Loca</span> <span class='ocrx_word' id='word_1_179' title='bbox 830 3021 896 3094; x_wconf 95' lang='lat' dir='ltr'>pro</span> <span class='ocrx_word' id='word_1_180' title='bbox 915 2999 1082 3072; x_wconf 91' lang='lat' dir='ltr'>omnibus</span> <span class='ocrx_word' id='word_1_181' title='bbox 1099 3005 1134 3072; x_wconf 90' lang='lat' dir='ltr'>et</span> <span class='ocrx_word' id='word_1_182' title='bbox 1150 2999 1254 3072; x_wconf 91' lang='lat' dir='ltr'>sedes</span> <span class='ocrx_word' id='word_1_183' title='bbox 1273 3003 1368 3095; x_wconf 87' lang='lat' dir='ltr'>Pape</span> <span class='ocrx_word' id='word_1_184' title='bbox 1384 2997 1530 3071; x_wconf 90' lang='lat' dir='ltr'>luerunt</span> <span class='ocrx_word' id='word_1_185' title='bbox 1544 2995 1677 3069; x_wconf 83' lang='lat' dir='ltr'>ordinata.</span> 
     </span>
     <span class='ocr_line' id='line_1_22' title="bbox 394 3121 1547 3218; baseline 0.003 -26"><span class='ocrx_word' id='word_1_186' title='bbox 394 3126 502 3218; x_wconf 92' lang='lat' dir='ltr'>prout</span> <span class='ocrx_word' id='word_1_187' title='bbox 518 3121 683 3218; x_wconf 88' lang='lat' dir='ltr'>superius</span> <span class='ocrx_word' id='word_1_188' title='bbox 697 3122 731 3194; x_wconf 95' lang='lat' dir='ltr'>in</span> <span class='ocrx_word' id='word_1_189' title='bbox 749 3123 976 3197; x_wconf 89' lang='lat' dir='ltr'>dedicatione</span> <span class='ocrx_word' id='word_1_190' title='bbox 991 3124 1222 3198; x_wconf 87' lang='lat' dir='ltr'>basilicarum</span> <span class='ocrx_word' id='word_1_191' title='bbox 1236 3124 1467 3213; x_wconf 83' lang='lat' dir='ltr'>obseruatum</span> <span class='ocrx_word' id='word_1_192' title='bbox 1483 3131 1547 3197; x_wconf 89' lang='lat' dir='ltr'>est.</span> 
     </span>
     <span class='ocr_line' id='line_1_23' title="bbox 443 3246 1678 3345; baseline -0.003 -25"><span class='ocrx_word' id='word_1_193' title='bbox 443 3251 610 3320; x_wconf 88' lang='lat' dir='ltr'>Preterea</span> <span class='ocrx_word' id='word_1_194' title='bbox 633 3246 830 3321; x_wconf 89' lang='lat' dir='ltr'>hisdiebus</span> <span class='ocrx_word' id='word_1_195' title='bbox 855 3249 951 3322; x_wconf 87' lang='lat' dir='ltr'>venit</span> <span class='ocrx_word' id='word_1_196' title='bbox 973 3250 1018 3323; x_wconf 89' lang='lat' dir='ltr'>ad</span> <span class='ocrx_word' id='word_1_197' title='bbox 1043 3249 1176 3324; x_wconf 92' lang='lat' dir='ltr'>Urbem</span> <span class='ocrx_word' id='word_1_198' title='bbox 1200 3247 1460 3322; x_wconf 91' lang='lat' dir='ltr'>illustrissimus</span> <span class='ocrx_word' id='word_1_199' title='bbox 1486 3253 1527 3323; x_wconf 88' lang='lat' dir='ltr'>ll.</span> <span class='ocrx_word' id='word_1_200' title='bbox 1551 3247 1678 3345; x_wconf 78' lang='lat' dir='ltr'>princeps</span> 
     </span>
     <span class='ocr_line' id='line_1_24' title="bbox 394 3371 1675 3471; baseline -0.005 -27"><span class='ocrx_word' id='word_1_201' title='bbox 394 3371 653 3460; x_wconf 77' lang='lat' dir='ltr'>SalernitanuS,</span> <span class='ocrx_word' id='word_1_202' title='bbox 681 3372 740 3467; x_wconf 92' lang='lat' dir='ltr'>qui</span> <span class='ocrx_word' id='word_1_203' title='bbox 772 3372 961 3446; x_wconf 89' lang='lat' dir='ltr'>alamiliis</span> <span class='ocrx_word' id='word_1_204' title='bbox 990 3377 1208 3446; x_wconf 89' lang='lat' dir='ltr'>RRmcrum.</span> <span class='ocrx_word' id='word_1_205' title='bbox 1234 3375 1310 3445; x_wconf 83' lang='lat' dir='ltr'>bb.</span> <span class='ocrx_word' id='word_1_206' title='bbox 1340 3371 1640 3471; x_wconf 88' lang='lat' dir='ltr'>Neapolitanensis,</span> <span class='ocrx_word' id='word_1_207' title='bbox 1657 3391 1675 3436; x_wconf 90' lang='lat' dir='ltr'>s.</span> 
     </span>
     <span class='ocr_line' id='line_1_25' title="bbox 397 3496 1677 3591; baseline -0.006 -22"><span class='ocrx_word' id='word_1_208' title='bbox 397 3496 492 3569; x_wconf 88' lang='lat' dir='ltr'>Petri</span> <span class='ocrx_word' id='word_1_209' title='bbox 509 3496 732 3586; x_wconf 87' lang='lat' dir='ltr'>adVincula,</span> <span class='ocrx_word' id='word_1_210' title='bbox 750 3497 795 3572; x_wconf 90' lang='lat' dir='ltr'>de</span> <span class='ocrx_word' id='word_1_211' title='bbox 811 3497 976 3590; x_wconf 90' lang='lat' dir='ltr'>Sabellis,</span> <span class='ocrx_word' id='word_1_212' title='bbox 993 3499 1038 3570; x_wconf 93' lang='lat' dir='ltr'>de</span> <span class='ocrx_word' id='word_1_213' title='bbox 1055 3499 1230 3573; x_wconf 84' lang='lat' dir='ltr'>Columna</span> <span class='ocrx_word' id='word_1_214' title='bbox 1253 3497 1489 3571; x_wconf 88' lang='lat' dir='ltr'>cardinalium</span> <span class='ocrx_word' id='word_1_215' title='bbox 1503 3497 1677 3591; x_wconf 83' lang='lat' dir='ltr'>receptusel</span> 
     </span>
     <span class='ocr_line' id='line_1_26' title="bbox 398 3618 1675 3718; baseline -0.009 -26"><span class='ocrx_word' id='word_1_216' title='bbox 398 3621 585 3715; x_wconf 89' lang='lat' dir='ltr'>usquead</span> <span class='ocrx_word' id='word_1_217' title='bbox 614 3628 821 3695; x_wconf 91' lang='lat' dir='ltr'>sanctorum</span> <span class='ocrx_word' id='word_1_218' title='bbox 848 3623 1092 3718; x_wconf 89' lang='lat' dir='ltr'>apostolorum</span> <span class='ocrx_word' id='word_1_219' title='bbox 1123 3623 1251 3696; x_wconf 90' lang='lat' dir='ltr'>domos</span> <span class='ocrx_word' id='word_1_220' title='bbox 1278 3619 1371 3695; x_wconf 86' lang='lat' dir='ltr'>Rmi.</span> <span class='ocrx_word' id='word_1_221' title='bbox 1400 3625 1445 3694; x_wconf 90' lang='lat' dir='ltr'>D.</span> <span class='ocrx_word' id='word_1_222' title='bbox 1474 3618 1640 3695; x_wconf 85' lang='lat' dir='ltr'>cardinalis</span> <span class='ocrx_word' id='word_1_223' title='bbox 1657 3638 1675 3682; x_wconf 85' lang='lat' dir='ltr'>s.</span> 
     </span>
     <span class='ocr_line' id='line_1_27' title="bbox 394 3743 1674 3844; baseline -0.005 -28"><span class='ocrx_word' id='word_1_224' title='bbox 394 3743 489 3817; x_wconf 86' lang='lat' dir='ltr'>Petri</span> <span class='ocrx_word' id='word_1_225' title='bbox 519 3744 565 3818; x_wconf 88' lang='lat' dir='ltr'>ad</span> <span class='ocrx_word' id='word_1_226' title='bbox 588 3745 742 3821; x_wconf 90' lang='lat' dir='ltr'>Vincula</span> <span class='ocrx_word' id='word_1_227' title='bbox 765 3747 907 3842; x_wconf 82' lang='lat' dir='ltr'>prelati,</span> <span class='ocrx_word' id='word_1_228' title='bbox 935 3747 995 3819; x_wconf 95' lang='lat' dir='ltr'>ubi</span> <span class='ocrx_word' id='word_1_229' title='bbox 1024 3747 1181 3844; x_wconf 89' lang='lat' dir='ltr'>hospitio</span> <span class='ocrx_word' id='word_1_230' title='bbox 1207 3755 1389 3844; x_wconf 87' lang='lat' dir='ltr'>receptus,</span> <span class='ocrx_word' id='word_1_231' title='bbox 1421 3746 1603 3820; x_wconf 85' lang='lat' dir='ltr'>associatus</span> <span class='ocrx_word' id='word_1_232' title='bbox 1625 3746 1674 3813; x_wconf 82' lang='lat' dir='ltr'>est:</span> 
     </span>
     <span class='ocr_line' id='line_1_28' title="bbox 395 3865 1676 3968; baseline -0.001 -27"><span class='ocrx_word' id='word_1_233' title='bbox 395 3869 491 3943; x_wconf 92' lang='lat' dir='ltr'>inter</span> <span class='ocrx_word' id='word_1_234' title='bbox 515 3892 622 3965; x_wconf 91' lang='lat' dir='ltr'>quem</span> <span class='ocrx_word' id='word_1_235' title='bbox 651 3879 686 3945; x_wconf 90' lang='lat' dir='ltr'>et</span> <span class='ocrx_word' id='word_1_236' title='bbox 710 3872 880 3945; x_wconf 92' lang='lat' dir='ltr'>comitem</span> <span class='ocrx_word' id='word_1_237' title='bbox 908 3872 1084 3964; x_wconf 88' lang='lat' dir='ltr'>Teudille,</span> <span class='ocrx_word' id='word_1_238' title='bbox 1114 3877 1296 3946; x_wconf 91' lang='lat' dir='ltr'>oratorem</span> <span class='ocrx_word' id='word_1_239' title='bbox 1323 3871 1419 3968; x_wconf 88' lang='lat' dir='ltr'>regis</span> <span class='ocrx_word' id='word_1_240' title='bbox 1442 3869 1610 3968; x_wconf 83' lang='lat' dir='ltr'>Hispania,</span> <span class='ocrx_word' id='word_1_241' title='bbox 1631 3865 1676 3934; x_wconf 73' lang='lat' dir='ltr'>hot</span> 
     </span>
     <span class='ocr_line' id='line_1_29' title="bbox 394 3989 1676 4092; baseline -0.005 -25"><span class='ocrx_word' id='word_1_242' title='bbox 394 4017 502 4068; x_wconf 91' lang='lat' dir='ltr'>mane</span> <span class='ocrx_word' id='word_1_243' title='bbox 519 4017 628 4092; x_wconf 92' lang='lat' dir='ltr'>super</span> <span class='ocrx_word' id='word_1_244' title='bbox 640 3996 872 4092; x_wconf 89' lang='lat' dir='ltr'>precedentia</span> <span class='ocrx_word' id='word_1_245' title='bbox 887 4004 967 4071; x_wconf 90' lang='lat' dir='ltr'>orta</span> <span class='ocrx_word' id='word_1_246' title='bbox 979 4003 1033 4071; x_wconf 88' lang='lat' dir='ltr'>est</span> <span class='ocrx_word' id='word_1_247' title='bbox 1047 3997 1244 4071; x_wconf 90' lang='lat' dir='ltr'>contentio.</span> <span class='ocrx_word' id='word_1_248' title='bbox 1262 3999 1352 4069; x_wconf 90' lang='lat' dir='ltr'>Nam</span> <span class='ocrx_word' id='word_1_249' title='bbox 1363 3997 1538 4070; x_wconf 86' lang='lat' dir='ltr'>ambobus</span> <span class='ocrx_word' id='word_1_250' title='bbox 1551 3995 1583 4066; x_wconf 91' lang='lat' dir='ltr'>in</span> <span class='ocrx_word' id='word_1_251' title='bbox 1595 3989 1676 4086; x_wconf 79' lang='lat' dir='ltr'>plata</span> 
     </span>
     <span class='ocr_line' id='line_1_30' title="bbox 394 4108 1673 4212; baseline -0.006 -19"><span class='ocrx_word' id='word_1_252' title='bbox 394 4143 424 4193; x_wconf 89' lang='lat' dir='ltr'>s.</span> <span class='ocrx_word' id='word_1_253' title='bbox 443 4119 538 4194; x_wconf 81' lang='lat' dir='ltr'>l‘etri</span> <span class='ocrx_word' id='word_1_254' title='bbox 560 4120 793 4196; x_wconf 85' lang='lat' dir='ltr'>existentibus</span> <span class='ocrx_word' id='word_1_255' title='bbox 813 4127 849 4194; x_wconf 90' lang='lat' dir='ltr'>et</span> <span class='ocrx_word' id='word_1_256' title='bbox 874 4125 943 4196; x_wconf 82' lang='lat' dir='ltr'>SS:</span> <span class='ocrx_word' id='word_1_257' title='bbox 960 4125 1003 4194; x_wconf 85' lang='lat' dir='ltr'>[l.</span> <span class='ocrx_word' id='word_1_258' title='bbox 1029 4126 1070 4196; x_wconf 88' lang='lat' dir='ltr'>N.</span> <span class='ocrx_word' id='word_1_259' title='bbox 1098 4121 1278 4195; x_wconf 87' lang='lat' dir='ltr'>associare</span> <span class='ocrx_word' id='word_1_260' title='bbox 1303 4121 1515 4212; x_wconf 84' lang='lat' dir='ltr'>volentibus,</span> <span class='ocrx_word' id='word_1_261' title='bbox 1540 4141 1589 4191; x_wconf 91' lang='lat' dir='ltr'>me</span> <span class='ocrx_word' id='word_1_262' title='bbox 1610 4108 1673 4185; x_wconf 80' lang='lat' dir='ltr'>ordl-</span> 
     </span>
     <span class='ocr_line' id='line_1_31' title="bbox 393 4235 1672 4344; baseline -0.012 -26"><span class='ocrx_word' id='word_1_263' title='bbox 393 4252 516 4336; x_wconf 86' lang='lat' dir='ltr'>nante,</span> <span class='ocrx_word' id='word_1_264' title='bbox 549 4268 671 4318; x_wconf 87' lang='lat' dir='ltr'>eomes</span> <span class='ocrx_word' id='word_1_265' title='bbox 693 4246 1010 4344; x_wconf 87' lang='lat' dir='ltr'>principem&#39;inter</span> <span class='ocrx_word' id='word_1_266' title='bbox 1036 4271 1074 4320; x_wconf 89' lang='lat' dir='ltr'>se</span> <span class='ocrx_word' id='word_1_267' title='bbox 1092 4251 1129 4320; x_wconf 90' lang='lat' dir='ltr'>et</span> <span class='ocrx_word' id='word_1_268' title='bbox 1150 4252 1356 4320; x_wconf 89' lang='lat' dir='ltr'>senatorem</span> <span class='ocrx_word' id='word_1_269' title='bbox 1384 4245 1501 4336; x_wconf 90' lang='lat' dir='ltr'>Urbis,</span> <span class='ocrx_word' id='word_1_270' title='bbox 1528 4241 1581 4339; x_wconf 87' lang='lat' dir='ltr'>qui</span> <span class='ocrx_word' id='word_1_271' title='bbox 1600 4235 1672 4311; x_wconf 83' lang='lat' dir='ltr'>alirn</span> 
     </span>
     <span class='ocr_line' id='line_1_32' title="bbox 395 4355 1671 4470; baseline -0.005 -26"><span class='ocrx_word' id='word_1_272' title='bbox 395 4370 532 4460; x_wconf 87' lang='lat' dir='ltr'>aderat,</span> <span class='ocrx_word' id='word_1_273' title='bbox 570 4371 729 4444; x_wconf 90' lang='lat' dir='ltr'>medium</span> <span class='ocrx_word' id='word_1_274' title='bbox 762 4371 925 4470; x_wconf 88' lang='lat' dir='ltr'>recipere</span> <span class='ocrx_word' id='word_1_275' title='bbox 955 4371 1133 4446; x_wconf 82' lang='lat' dir='ltr'>recusarit</span> <span class='ocrx_word' id='word_1_276' title='bbox 1166 4371 1291 4446; x_wconf 89' lang='lat' dir='ltr'>dicens</span> <span class='ocrx_word' id='word_1_277' title='bbox 1318 4393 1356 4444; x_wconf 89' lang='lat' dir='ltr'>se</span> <span class='ocrx_word' id='word_1_278' title='bbox 1388 4369 1591 4466; x_wconf 81' lang='lat' dir='ltr'>digniorem,</span> <span class='ocrx_word' id='word_1_279' title='bbox 1617 4355 1671 4454; x_wconf 71' lang='lat' dir='ltr'>quil</span> 
     </span>
     <span class='ocr_line' id='line_1_33' title="bbox 394 4483 1668 4595; baseline -0.013 -25"><span class='ocrx_word' id='word_1_280' title='bbox 394 4495 577 4595; x_wconf 87' lang='lat' dir='ltr'>potentior</span> <span class='ocrx_word' id='word_1_281' title='bbox 598 4493 655 4584; x_wconf 91' lang='lat' dir='ltr'>sit,</span> <span class='ocrx_word' id='word_1_282' title='bbox 677 4519 719 4570; x_wconf 90' lang='lat' dir='ltr'>ao</span> <span class='ocrx_word' id='word_1_283' title='bbox 739 4497 834 4594; x_wconf 90' lang='lat' dir='ltr'>regis</span> <span class='ocrx_word' id='word_1_284' title='bbox 859 4503 1039 4571; x_wconf 87' lang='lat' dir='ltr'>oratorem</span> <span class='ocrx_word' id='word_1_285' title='bbox 1065 4520 1166 4587; x_wconf 89' lang='lat' dir='ltr'>esse;</span> <span class='ocrx_word' id='word_1_286' title='bbox 1184 4503 1377 4592; x_wconf 89' lang='lat' dir='ltr'>propterea</span> <span class='ocrx_word' id='word_1_287' title='bbox 1397 4493 1448 4567; x_wconf 90' lang='lat' dir='ltr'>illi</span> <span class='ocrx_word' id='word_1_288' title='bbox 1471 4483 1668 4591; x_wconf 84' lang='lat' dir='ltr'>preferendus.</span> 
     </span>
     <span class='ocr_line' id='line_1_34' title="bbox 394 4603 1670 4716; baseline -0.018 -22"><span class='ocrx_word' id='word_1_289' title='bbox 394 4619 577 4716; x_wconf 86' lang='lat' dir='ltr'>Respondi</span> <span class='ocrx_word' id='word_1_290' title='bbox 606 4642 679 4691; x_wconf 91' lang='lat' dir='ltr'>non</span> <span class='ocrx_word' id='word_1_291' title='bbox 703 4617 841 4691; x_wconf 89' lang='lat' dir='ltr'>divitias</span> <span class='ocrx_word' id='word_1_292' title='bbox 869 4624 905 4692; x_wconf 91' lang='lat' dir='ltr'>et</span> <span class='ocrx_word' id='word_1_293' title='bbox 930 4618 1130 4715; x_wconf 88' lang='lat' dir='ltr'>potentiam</span> <span class='ocrx_word' id='word_1_294' title='bbox 1155 4618 1291 4691; x_wconf 85' lang='lat' dir='ltr'>attendi</span> <span class='ocrx_word' id='word_1_295' title='bbox 1321 4625 1489 4714; x_wconf 90' lang='lat' dir='ltr'>oportere</span> <span class='ocrx_word' id='word_1_296' title='bbox 1510 4613 1568 4686; x_wconf 87' lang='lat' dir='ltr'>sed</span> <span class='ocrx_word' id='word_1_297' title='bbox 1588 4603 1670 4680; x_wconf 82' lang='lat' dir='ltr'>titulos</span> 
     </span>
     <span class='ocr_line' id='line_1_35' title="bbox 395 4730 1668 4841; baseline -0.01 -24"><span class='ocrx_word' id='word_1_298' title='bbox 395 4745 589 4840; x_wconf 82' lang='lat' dir='ltr'>dignitatis.</span> <span class='ocrx_word' id='word_1_299' title='bbox 606 4746 815 4839; x_wconf 89' lang='lat' dir='ltr'>Propterea,</span> <span class='ocrx_word' id='word_1_300' title='bbox 834 4743 1034 4841; x_wconf 89' lang='lat' dir='ltr'>principem</span> <span class='ocrx_word' id='word_1_301' title='bbox 1046 4743 1105 4839; x_wconf 94' lang='lat' dir='ltr'>qui</span> <span class='ocrx_word' id='word_1_302' title='bbox 1117 4743 1234 4840; x_wconf 90' lang='lat' dir='ltr'>major</span> <span class='ocrx_word' id='word_1_303' title='bbox 1247 4751 1301 4816; x_wconf 89' lang='lat' dir='ltr'>est</span> <span class='ocrx_word' id='word_1_304' title='bbox 1309 4742 1440 4816; x_wconf 86' lang='lat' dir='ltr'>comite</span> <span class='ocrx_word' id='word_1_305' title='bbox 1452 4730 1668 4814; x_wconf 69' lang='lat' dir='ltr'>etmarchionc</span> 
     </span>
     <span class='ocr_line' id='line_1_36' title="bbox 394 4855 1668 4966; baseline -0.013 -24"><span class='ocrx_word' id='word_1_306' title='bbox 394 4870 498 4964; x_wconf 84' lang='lat' dir='ltr'>juxta</span> <span class='ocrx_word' id='word_1_307' title='bbox 514 4869 614 4966; x_wconf 87' lang='lat' dir='ltr'>regni</span> <span class='ocrx_word' id='word_1_308' title='bbox 632 4868 931 4942; x_wconf 90' lang='lat' dir='ltr'>consuetudinem</span> <span class='ocrx_word' id='word_1_309' title='bbox 947 4868 1056 4942; x_wconf 89' lang='lat' dir='ltr'>etiam</span> <span class='ocrx_word' id='word_1_310' title='bbox 1072 4868 1201 4941; x_wconf 91' lang='lat' dir='ltr'>ducem</span> <span class='ocrx_word' id='word_1_311' title='bbox 1220 4867 1339 4964; x_wconf 91' lang='lat' dir='ltr'>ipsum</span> <span class='ocrx_word' id='word_1_312' title='bbox 1353 4865 1544 4964; x_wconf 86' lang='lat' dir='ltr'>precedere</span> <span class='ocrx_word' id='word_1_313' title='bbox 1557 4855 1668 4930; x_wconf 76' lang='lat' dir='ltr'>debere:</span> 
     </span>
     <span class='ocr_line' id='line_1_37' title="bbox 399 4974 1669 5090; baseline -0.015 -25"><span class='ocrx_word' id='word_1_314' title='bbox 399 4999 438 5065; x_wconf 93' lang='lat' dir='ltr'>ut</span> <span class='ocrx_word' id='word_1_315' title='bbox 459 4994 629 5067; x_wconf 91' lang='lat' dir='ltr'>comitem</span> <span class='ocrx_word' id='word_1_316' title='bbox 653 4993 760 5090; x_wconf 88' lang='lat' dir='ltr'>louge</span> <span class='ocrx_word' id='word_1_317' title='bbox 783 4993 912 5090; x_wconf 90' lang='lat' dir='ltr'>magis,</span> <span class='ocrx_word' id='word_1_318' title='bbox 939 5017 1013 5065; x_wconf 91' lang='lat' dir='ltr'>uon</span> <span class='ocrx_word' id='word_1_319' title='bbox 1037 4999 1075 5065; x_wconf 93' lang='lat' dir='ltr'>ut</span> <span class='ocrx_word' id='word_1_320' title='bbox 1100 4999 1281 5066; x_wconf 90' lang='lat' dir='ltr'>oratorem</span> <span class='ocrx_word' id='word_1_321' title='bbox 1309 4992 1418 5090; x_wconf 76' lang='lat' dir='ltr'>regiS,</span> <span class='ocrx_word' id='word_1_322' title='bbox 1444 4990 1524 5087; x_wconf 91' lang='lat' dir='ltr'>quia</span> <span class='ocrx_word' id='word_1_323' title='bbox 1547 4988 1577 5056; x_wconf 90' lang='lat' dir='ltr'>ut</span> <span class='ocrx_word' id='word_1_324' title='bbox 1597 4974 1669 5048; x_wconf 71' lang='lat' dir='ltr'>loru</span> 
     </span>
     <span class='ocr_line' id='line_1_38' title="bbox 401 5103 1669 5215; baseline -0.01 -23"><span class='ocrx_word' id='word_1_325' title='bbox 401 5117 509 5192; x_wconf 87' lang='lat' dir='ltr'>etiam</span> <span class='ocrx_word' id='word_1_326' title='bbox 521 5119 778 5192; x_wconf 90' lang='lat' dir='ltr'>senatorUrbis</span> <span class='ocrx_word' id='word_1_327' title='bbox 789 5118 991 5214; x_wconf 88' lang='lat' dir='ltr'>precederit</span> <span class='ocrx_word' id='word_1_328' title='bbox 1002 5117 1118 5214; x_wconf 90' lang='lat' dir='ltr'>ipsum</span> <span class='ocrx_word' id='word_1_329' title='bbox 1134 5117 1365 5215; x_wconf 91' lang='lat' dir='ltr'>:opinionem</span> <span class='ocrx_word' id='word_1_330' title='bbox 1381 5115 1517 5193; x_wconf 89' lang='lat' dir='ltr'>comilis</span> <span class='ocrx_word' id='word_1_331' title='bbox 1527 5103 1669 5184; x_wconf 63' lang='lat' dir='ltr'>luebantur</span> 
     </span>
    </p>
   </div>
   <div class='ocr_carea' id='block_1_4' title="bbox 0 0 1732 6038">
    <p class='ocr_par' dir='ltr' id='par_1_4' title="bbox 0 0 1732 6038">
     <span class='ocr_line' id='line_1_39' title="bbox 0 0 1732 6038; baseline 0 0"><span class='ocrx_word' id='word_1_332' title='bbox 0 0 1732 6038; x_wconf 95' lang='lat' dir='ltr'> </span> 
     </span>
    </p>
   </div>
  </div>
 </body>
</html>
