3422 6034
320 461 375 518 380
762 463 937 520 JOHANNiS
962 460 1182 532 BURCHARDI,
1453 463 1565 528 [lauder
1578 467 1637 530 titt]
1705 507 1706 562 t

322 617 411 693 mihi
436 619 532 718 quod
558 621 740 694 dominica
764 623 930 718 proxima
954 623 1068 698 iturus
1093 623 1190 694 esset
1214 615 1358 716 publice
1383 615 1429 689 ad
1456 616 1634 692 ecclesian

320 743 425 818 beate
441 745 553 818 Maria
570 744 613 817 de
631 746 767 842 Populo
787 745 833 818 ad
852 747 958 818 mism
983 745 1225 819 sesolemnem
1246 742 1283 814 in
1302 741 1483 815 honorem
1501 745 1564 816 Dei
1577 769 1634 840 pro

320 869 502 966 triumpho
517 895 584 967 per
603 871 875 943 serenissimum
896 894 1022 966 regem
1043 869 1213 966 Hispanie
1231 865 1357 940 habito
1381 875 1509 942 contra
1523 891 1633 964 regern
1705 869 1706 956 ᾖ

321 999 494 1084 Granate;
515 1003 709 1094 propterea
722 997 951 1094 providerem
967 1021 1036 1094 qne
1058 995 1199 1093 agenda
1214 1001 1337 1069 essent
1361 1021 1368 1068 :
1387 1017 1473 1066 nam
1489 995 1527 1066 in
1541 1017 1634 1066 mane

319 1117 1633 1218 nativitatisD.N.JesuChristioratoresregiipredictinunciarunteidem
1700 1119 1706 1194 j

319 1247 380 1318 SS.
400 1251 442 1319 D.
462 1250 504 1320 N.
527 1271 653 1344 regem
675 1247 844 1321 eumdem
869 1248 1122 1345 Hispaniarum
1145 1246 1234 1318 duas
1253 1245 1417 1317 civitates
1440 1267 1587 1341 magnas
1607 1254 1635 1318 et
1705 1347 1706 1350 Ἴ

320 1369 390 1442 duo
420 1371 563 1468 oppida,
592 1395 636 1445 ex
665 1371 812 1445 alterins
837 1371 934 1467 regis
957 1375 1112 1444 Granate
1134 1367 1303 1441 videlicet
1326 1367 1490 1464 presenti
1517 1367 1635 1440 unione
1705 1457 1706 1470 ἢ

320 1495 532 1586 obtinuisse,
564 1497 622 1570 die
657 1503 784 1592 quarta
813 1497 949 1570 mensis
982 1492 1188 1567 decembris
1220 1491 1398 1588 preteriti,
1431 1491 1634 1567 videlicet...

321 1621 578 1717 Bascapolena‚
607 1623 660 1696 las
688 1629 866 1699 Tavernas
891 1628 927 1696 et
943 1622 1058 1692 Soron
1082 1615 1142 1716 (1).
1173 1615 1286 1710 Igitur
1310 1638 1375 1712 pro
1405 1616 1637 1690 satisfactione

320 1747 526 1822 Sanctitatis
561 1773 625 1822 sue
655 1751 785 1846 collegi
820 1772 945 1822 versus
979 1741 1226 1838 infrascriptos
1258 1746 1294 1814 et
1321 1741 1506 1815 orationes
1529 1743 1637 1838 quiet

322 1896 391 1970 que
422 1871 507 1946 huic
537 1875 627 1948 mihi
651 1877 845 1950 convenire
872 1873 1086 1948 videbantur
1122 1875 1157 1942 et
1185 1873 1397 1940 ostensurus
1426 1888 1490 1940 eos
1522 1875 1557 1942 et
1584 1891 1637 1940 eas

320 1999 507 2073 Sanctitati
533 2025 610 2091 sne,
643 2009 682 2077 nt
708 2001 858 2097 eligeret
891 2000 1011 2073 exeis
1039 2021 1128 2095 quos
1154 2005 1189 2072 et
1218 2019 1307 2094 quas
1333 2003 1424 2086 etc.;
1455 1997 1557 2070 finita
1586 1997 1636 2070 illa

319 2123 442 2212 misso,
471 2131 551 2220 post
581 2125 628 2200 Te
656 2127 775 2202 Deum
801 2126 1002 2214 lucidamus,
1032 2133 1226 2223 antequam
1253 2121 1489 2196 benediceret
1515 2123 1636 2220 populo

319 2229 462 2344 publice
483 2250 733 2344 pronunciavit
760 2251 840 2340 hoe,
866 2248 1058 2322 videlicet:
1081 2249 1193 2322 Pater
1216 2255 1446 2342 nosterneth
1470 2255 1504 2322 et
1523 2273 1567 2321 ne
1584 2273 1637 2321 nos
1705 2231 1706 2248 ¹

319 2372 466 2445 inducas
482 2373 519 2445 in
534 2376 770 2449 tentationem.

370 2500 406 2588 i.
425 2497 565 2594 Mapnu
577 2510 611 2572 ct
622 2500 798 2572 mirabilia
812 2512 899 2574 sunt
909 2524 1013 2598 opera
1028 2514 1102 2594 tua,
1118 2501 1277 2576 Domine.

368 2624 406 2713 rt.
425 2620 526 2693 Juste
539 2633 660 2695 etuere
676 2625 728 2695 uie
746 2635 815 2715 tue,
833 2623 987 2697 Domine
999 2624 1106 2698 Deus.

370 2748 406 2838 ir.
429 2745 577 2842 Operuit
588 2745 676 2820 celos
687 2747 802 2844 plotio
816 2758 890 2837 tcta,

371 2871 408 2961 ri.
426 2869 480 2942 Et
492 2869 596 2943 laude
612 2881 673 2942 tua
683 2871 791 2967 pleno
806 2883 859 2944 est
872 2885 975 2948 terra.

338 3033 344 3038 ·
369 2998 405 3087 i.
424 2996 512 3070 Dute
529 2995 833 3093 mupnisicenticm
852 2997 1009 3072 Domino
1025 2999 1096 3074 Deo
1111 3012 1241 3074 nostro.

369 3123 407 3212 ri.
428 3121 490 3196 Dei
504 3120 596 3193 enim
605 3121 768 3220 perfectu
783 3134 869 3195 sunt
881 3146 985 3218 opera
1008 3135 1044 3197 et
1058 3148 1178 3198 omnes
1193 3125 1247 3198 uie
1262 3125 1342 3220 ejus
1352 3125 1509 3221 judicio.

369 3251 407 3341 pi.
426 3245 741 3320 Leouruntoculos
756 3249 888 3320 suerin
905 3260 1039 3322 montes

365 3377 404 3468 Ji.
429 3372 532 3446 Unde
547 3373 644 3444 uenit
655 3373 831 3446 sterilium
849 3375 909 3446 eis.

365 3502 402 3590 ir.
419 3495 614 3572 Auxilium
633 3519 778 3571 suorum
797 3498 986 3573 cDomino

353 3624 403 3712 ni.
423 3622 495 3709 Qui
508 3623 598 3722 fecit
610 3623 722 3695 celum
738 3634 773 3694 et
785 3635 927 3696 terrum.

367 3750 404 3839 it.
422 3746 507 3820 Non
522 3747 582 3820 det
598 3748 635 3818 in
653 3749 915 3821 commotionem
923 3749 1033 3845 pedes
1047 3773 1181 3836 eorum,

363 3875 389 3964 ri
416 3873 542 3971 Neque
556 3872 706 3945 dormiet
717 3873 778 3970 qui
792 3872 944 3945 custodit
962 3897 1030 3946 eos.

368 4001 403 4088 i.
425 3997 519 4085 Quin
536 4019 608 4070 non
623 3997 828 4070 dormitabit
839 4021 952 4096 neque
967 3998 1117 4072 dormiet

369 4125 408 4215 d.
430 4122 502 4210 Qui
516 4122 668 4195 custodit
683 4133 844 4196 sunonem
852 4123 1028 4219 populum
1042 4147 1160 4199 suum.

367 4251 403 4340 i.
422 4241 594 4322 Dominus
609 4247 760 4322 custodit
771 4260 909 4321 sanctos
924 4272 1005 4321 suos
1024 4275 1032 4322 :

368 4375 406 4465 ri.
424 4374 596 4448 Dominus
601 4387 778 4472 protector
792 4398 912 4449 eorum
927 4372 966 4446 in
981 4374 1138 4446 seculum
1152 4377 1272 4448 seculi.

370 4501 407 4590 ir.
425 4500 566 4598 Diripe,
584 4525 788 4598 quesumus,
806 4500 975 4592 Domine,
991 4525 1134 4598 pressus
1153 4514 1289 4575 nostros

367 4629 403 4718 rt.
421 4626 481 4700 Ad
492 4625 735 4725 defensionem
746 4627 873 4724 populi
887 4626 986 4700 electi
1001 4628 1065 4700 tui.

372 4753 409 4832 i.
426 4751 492 4826 Ad
503 4751 654 4826 nihilum
672 4752 792 4849 redipe
810 4752 967 4825 inimicos
982 4764 1130 4843 nostros,

370 4877 395 4964 ri
426 4875 554 4950 Gentes
568 4901 636 4976 pue
650 4855 721 4951 non
738 4890 914 4951 noverunt
925 4901 1054 4952 nomen
1073 4891 1236 4954 sanctum
1252 4891 1365 4954 tuum.

359 5157 384 5208 r.
404 5149 474 5225 νος.
491 5151 623 5224 Mariana,
638 5153 682 5210 ne
695 5155 782 5210 rum
796 5155 941 5226 ereas„
957 5155 1003 5211 m.
1021 5155 1104 5222 xxv,
1121 5117 1166 5212 ci.
1181 5155 1254 5227 xm,
1271 5171 1298 5229 p.
1317 5155 1378 5215 iss.
