<?xml version="1.0" encoding="UTF-8"?>
<!DOCTYPE html PUBLIC "-//W3C//DTD XHTML 1.0 Transitional//EN"
    "http://www.w3.org/TR/xhtml1/DTD/xhtml1-transitional.dtd">
<html xmlns="http://www.w3.org/1999/xhtml" xml:lang="en" lang="en">
 <head>
  <title>
</title>
<meta http-equiv="Content-Type" content="text/html;charset=utf-8" />
  <meta name='ocr-system' content='tesseract 3.04.00' />
  <meta name='ocr-capabilities' content='ocr_page ocr_carea ocr_par ocr_line ocrx_word'/>
</head>
<body>
  <div class='ocr_page' id='page_1' title='image "./johannisburchar02burcgoog/johannisburchar02burcgoog_0456.png"; bbox 0 0 3508 6034; ppageno 0'>
   <div class='ocr_carea' id='block_1_1' title="bbox 133 445 1464 518">
    <p class='ocr_par' dir='ltr' id='par_1_1' title="bbox 133 445 1464 518">
     <span class='ocr_line' id='line_1_1' title="bbox 133 445 1464 518; baseline 0.002 -16"><span class='ocrx_word' id='word_1_1' title='bbox 133 452 254 518; x_wconf 83' lang='lat' dir='ltr'>[Janvter</span> <span class='ocrx_word' id='word_1_2' title='bbox 268 447 338 516; x_wconf 72' lang='grc'>14921</span> <span class='ocrx_word' id='word_1_3' title='bbox 481 447 607 506; x_wconf 80' lang='lat' dir='ltr'>RERUM</span> <span class='ocrx_word' id='word_1_4' title='bbox 632 445 862 504; x_wconf 82' lang='lat' dir='ltr'>URBANABUM</span> <span class='ocrx_word' id='word_1_5' title='bbox 888 446 1152 505; x_wconf 84' lang='lat' dir='ltr'>COMMENTARH.</span> <span class='ocrx_word' id='word_1_6' title='bbox 1414 451 1464 506; x_wconf 83' lang='lat' dir='ltr'>lli</span> 
     </span>
    </p>
   </div>
   <div class='ocr_carea' id='block_1_2' title="bbox 130 601 1545 5196">
    <p class='ocr_par' dir='ltr' id='par_1_2' title="bbox 132 601 1467 1455">
     <span class='ocr_line' id='line_1_2' title="bbox 132 601 1465 701; baseline -0.004 -22"><span class='ocrx_word' id='word_1_7' title='bbox 132 604 331 679; x_wconf 86' lang='lat' dir='ltr'>celebravit</span> <span class='ocrx_word' id='word_1_8' title='bbox 357 607 480 676; x_wconf 86' lang='lat' dir='ltr'>Rmus.</span> <span class='ocrx_word' id='word_1_9' title='bbox 512 605 557 675; x_wconf 88' lang='lat' dir='ltr'>D.</span> <span class='ocrx_word' id='word_1_10' title='bbox 591 601 782 676; x_wconf 87' lang='lat' dir='ltr'>cardinalis</span> <span class='ocrx_word' id='word_1_11' title='bbox 821 601 1121 692; x_wconf 87' lang='lat' dir='ltr'>Rechanatensis,</span> <span class='ocrx_word' id='word_1_12' title='bbox 1155 607 1251 701; x_wconf 88' lang='lat' dir='ltr'>Papa</span> <span class='ocrx_word' id='word_1_13' title='bbox 1280 609 1465 701; x_wconf 75' lang='lat' dir='ltr'>presente.</span> 
     </span>
     <span class='ocr_line' id='line_1_3' title="bbox 133 726 1464 824; baseline -0.006 -18"><span class='ocrx_word' id='word_1_14' title='bbox 133 735 353 806; x_wconf 82' lang='lat' dir='ltr'><strong>Sermonem</strong></span> <span class='ocrx_word' id='word_1_15' title='bbox 368 727 454 801; x_wconf 88' lang='lat' dir='ltr'>lecit</span> <span class='ocrx_word' id='word_1_16' title='bbox 475 731 518 800; x_wconf 84' lang='lat' dir='ltr'>ll.</span> <span class='ocrx_word' id='word_1_17' title='bbox 542 726 750 800; x_wconf 86' lang='lat' dir='ltr'>Dominicus</span> <span class='ocrx_word' id='word_1_18' title='bbox 773 727 919 824; x_wconf 86' lang='lat' dir='ltr'>Crispus</span> <span class='ocrx_word' id='word_1_19' title='bbox 945 727 1174 802; x_wconf 90' lang='lat' dir='ltr'>Pistoriensis</span> <span class='ocrx_word' id='word_1_20' title='bbox 1204 727 1356 802; x_wconf 79' lang='lat' dir='ltr'><strong>scutifer</strong></span> <span class='ocrx_word' id='word_1_21' title='bbox 1372 727 1464 800; x_wconf 85' lang='lat' dir='ltr'>Rmi.</span> 
     </span>
     <span class='ocr_line' id='line_1_4' title="bbox 133 852 1467 948; baseline -0.002 -19"><span class='ocrx_word' id='word_1_22' title='bbox 133 861 180 929; x_wconf 84' lang='grc' dir='ltr'>Ι).</span> <span class='ocrx_word' id='word_1_23' title='bbox 198 855 390 931; x_wconf 90' lang='lat' dir='ltr'>cardinalis</span> <span class='ocrx_word' id='word_1_24' title='bbox 408 852 604 928; x_wconf 81' lang='lat' dir='ltr'>Aleriensis</span> <span class='ocrx_word' id='word_1_25' title='bbox 621 875 704 927; x_wconf 93' lang='lat' dir='ltr'>cum</span> <span class='ocrx_word' id='word_1_26' title='bbox 724 874 857 948; x_wconf 83' lang='lat' dir='ltr'>magno</span> <span class='ocrx_word' id='word_1_27' title='bbox 872 852 1028 926; x_wconf 91' lang='lat' dir='ltr'>honore.</span> <span class='ocrx_word' id='word_1_28' title='bbox 1052 855 1185 926; x_wconf 91' lang='lat' dir='ltr'>lterum</span> <span class='ocrx_word' id='word_1_29' title='bbox 1202 853 1289 927; x_wconf 93' lang='lat' dir='ltr'>dum</span> <span class='ocrx_word' id='word_1_30' title='bbox 1305 877 1327 926; x_wconf 88' lang='lat' dir='ltr'>a</span> <span class='ocrx_word' id='word_1_31' title='bbox 1341 859 1467 927; x_wconf 90' lang='lat' dir='ltr'>canto-</span> 
     </span>
     <span class='ocr_line' id='line_1_5' title="bbox 133 978 1466 1070; baseline 0 -18"><span class='ocrx_word' id='word_1_32' title='bbox 133 981 237 1054; x_wconf 83' lang='lat' dir='ltr'>ribus</span> <span class='ocrx_word' id='word_1_33' title='bbox 261 981 316 1054; x_wconf 83' lang='lat' dir='ltr'>Et</span> <span class='ocrx_word' id='word_1_34' title='bbox 337 983 375 1052; x_wconf 84' lang='lat' dir='ltr'>in</span> <span class='ocrx_word' id='word_1_35' title='bbox 402 991 494 1054; x_wconf 75' lang='lat' dir='ltr'>terra</span> <span class='ocrx_word' id='word_1_36' title='bbox 520 979 786 1070; x_wconf 80' lang='lat' dir='ltr'>decantaretur,</span> <span class='ocrx_word' id='word_1_37' title='bbox 813 979 858 1052; x_wconf 88' lang='lat' dir='ltr'>de</span> <span class='ocrx_word' id='word_1_38' title='bbox 885 978 1055 1053; x_wconf 90' lang='lat' dir='ltr'>mandato</span> <span class='ocrx_word' id='word_1_39' title='bbox 1084 982 1148 1054; x_wconf 88' lang='lat' dir='ltr'>SS.</span> <span class='ocrx_word' id='word_1_40' title='bbox 1175 984 1218 1054; x_wconf 88' lang='lat' dir='ltr'>D.</span> <span class='ocrx_word' id='word_1_41' title='bbox 1240 979 1355 1054; x_wconf 89' lang='lat' dir='ltr'>nostri</span> <span class='ocrx_word' id='word_1_42' title='bbox 1385 980 1466 1053; x_wconf 89' lang='lat' dir='ltr'>dedi</span> 
     </span>
     <span class='ocr_line' id='line_1_6' title="bbox 132 1103 1464 1202; baseline 0 -26"><span class='ocrx_word' id='word_1_43' title='bbox 132 1105 259 1178; x_wconf 91' lang='lat' dir='ltr'>locum</span> <span class='ocrx_word' id='word_1_44' title='bbox 274 1105 368 1202; x_wconf 86' lang='lat' dir='ltr'>inter</span> <span class='ocrx_word' id='word_1_45' title='bbox 383 1103 595 1178; x_wconf 72' lang='lat' dir='ltr'>assistentes</span> <span class='ocrx_word' id='word_1_46' title='bbox 610 1103 768 1202; x_wconf 90' lang='lat' dir='ltr'>prelatos</span> <span class='ocrx_word' id='word_1_47' title='bbox 789 1103 995 1178; x_wconf 80' lang='lat' dir='ltr'>sanctitatis</span> <span class='ocrx_word' id='word_1_48' title='bbox 1017 1127 1082 1178; x_wconf 89' lang='lat' dir='ltr'>sue</span> <span class='ocrx_word' id='word_1_49' title='bbox 1099 1108 1140 1178; x_wconf 86' lang='lat' dir='ltr'>R.</span> <span class='ocrx_word' id='word_1_50' title='bbox 1160 1105 1197 1176; x_wconf 94' lang='lat' dir='ltr'>in</span> <span class='ocrx_word' id='word_1_51' title='bbox 1213 1105 1356 1178; x_wconf 86' lang='lat' dir='ltr'>Christo</span> <span class='ocrx_word' id='word_1_52' title='bbox 1373 1106 1464 1201; x_wconf 88' lang='lat' dir='ltr'>patri</span> 
     </span>
     <span class='ocr_line' id='line_1_7' title="bbox 134 1227 1466 1327; baseline 0.002 -28"><span class='ocrx_word' id='word_1_53' title='bbox 134 1227 223 1300; x_wconf 82' lang='lat' dir='ltr'>Filia</span> <span class='ocrx_word' id='word_1_54' title='bbox 238 1227 344 1300; x_wconf 89' lang='lat' dir='ltr'>aliter</span> <span class='ocrx_word' id='word_1_55' title='bbox 362 1227 520 1317; x_wconf 84' lang='lat' dir='ltr'>Filiasio‚</span> <span class='ocrx_word' id='word_1_56' title='bbox 538 1228 812 1327; x_wconf 87' lang='lat' dir='ltr'>archiepiscopo</span> <span class='ocrx_word' id='word_1_57' title='bbox 833 1230 1083 1303; x_wconf 84' lang='lat' dir='ltr'>Ravcnatensi.</span> <span class='ocrx_word' id='word_1_58' title='bbox 1101 1229 1192 1321; x_wconf 83' lang='lat' dir='ltr'>Alia,</span> <span class='ocrx_word' id='word_1_59' title='bbox 1213 1235 1251 1304; x_wconf 97' lang='lat' dir='ltr'>ut</span> <span class='ocrx_word' id='word_1_60' title='bbox 1269 1230 1380 1303; x_wconf 90' lang='lat' dir='ltr'>moris</span> <span class='ocrx_word' id='word_1_61' title='bbox 1398 1239 1466 1318; x_wconf 82' lang='lat' dir='ltr'>est,</span> 
     </span>
     <span class='ocr_line' id='line_1_8' title="bbox 133 1353 920 1455; baseline 0.006 -29"><span class='ocrx_word' id='word_1_62' title='bbox 133 1353 458 1429; x_wconf 87' lang='lat' dir='ltr'>observataluere.</span> <span class='ocrx_word' id='word_1_63' title='bbox 917 1447 920 1455; x_wconf 27' lang='grc' dir='ltr'>Ι</span> 
     </span>
    </p>

    <p class='ocr_par' dir='ltr' id='par_1_3' title="bbox 133 1459 1470 1802">
     <span class='ocr_line' id='line_1_9' title="bbox 184 1459 1470 1575; baseline 0.001 -25"><span class='ocrx_word' id='word_1_64' title='bbox 184 1478 290 1552; x_wconf 85' lang='lat' dir='ltr'>Faria</span> <span class='ocrx_word' id='word_1_65' title='bbox 307 1479 513 1570; x_wconf 63' lang='lat' dir='ltr'>secundat</span> <span class='ocrx_word' id='word_1_66' title='bbox 530 1479 666 1553; x_wconf 89' lang='lat' dir='ltr'>mensis</span> <span class='ocrx_word' id='word_1_67' title='bbox 675 1480 844 1575; x_wconf 90' lang='lat' dir='ltr'>januarii,</span> <span class='ocrx_word' id='word_1_68' title='bbox 863 1459 960 1553; x_wconf 82' lang='lat' dir='ltr'>lllus.</span> <span class='ocrx_word' id='word_1_69' title='bbox 975 1479 1144 1553; x_wconf 91' lang='lat' dir='ltr'>dominus</span> <span class='ocrx_word' id='word_1_70' title='bbox 1157 1479 1368 1552; x_wconf 87' lang='lat' dir='ltr'>Guillelmus</span> <span class='ocrx_word' id='word_1_71' title='bbox 1379 1478 1470 1552; x_wconf 90' lang='lat' dir='ltr'>lant-</span> 
     </span>
     <span class='ocr_line' id='line_1_10' title="bbox 134 1603 1469 1701; baseline -0.001 -25"><span class='ocrx_word' id='word_1_72' title='bbox 134 1603 281 1698; x_wconf 82' lang='lat' dir='ltr'>gravius</span> <span class='ocrx_word' id='word_1_73' title='bbox 307 1603 434 1677; x_wconf 88' lang='lat' dir='ltr'>Hessie</span> <span class='ocrx_word' id='word_1_74' title='bbox 462 1605 612 1678; x_wconf 84' lang='lat' dir='ltr'>recessit</span> <span class='ocrx_word' id='word_1_75' title='bbox 637 1627 681 1678; x_wconf 87' lang='lat' dir='ltr'>ex</span> <span class='ocrx_word' id='word_1_76' title='bbox 711 1604 819 1695; x_wconf 83' lang='lat' dir='ltr'>Urbe,</span> <span class='ocrx_word' id='word_1_77' title='bbox 847 1604 892 1678; x_wconf 90' lang='lat' dir='ltr'>ad</span> <span class='ocrx_word' id='word_1_78' title='bbox 921 1603 1075 1701; x_wconf 88' lang='lat' dir='ltr'>patriam</span> <span class='ocrx_word' id='word_1_79' title='bbox 1103 1627 1207 1676; x_wconf 90' lang='lat' dir='ltr'>suam</span> <span class='ocrx_word' id='word_1_80' title='bbox 1231 1603 1409 1677; x_wconf 91' lang='lat' dir='ltr'>rediturus</span> <span class='ocrx_word' id='word_1_81' title='bbox 1433 1603 1469 1676; x_wconf 91' lang='lat' dir='ltr'>in</span> 
     </span>
     <span class='ocr_line' id='line_1_11' title="bbox 133 1727 458 1802; baseline 0 -2"><span class='ocrx_word' id='word_1_82' title='bbox 133 1727 285 1802; x_wconf 89' lang='lat' dir='ltr'>nomine</span> <span class='ocrx_word' id='word_1_83' title='bbox 300 1727 458 1800; x_wconf 88' lang='lat' dir='ltr'>Domini.</span> 
     </span>
    </p>

    <p class='ocr_par' dir='ltr' id='par_1_4' title="bbox 130 1851 1471 2181">
     <span class='ocr_line' id='line_1_12' title="bbox 183 1851 1471 1953; baseline 0.002 -29"><span class='ocrx_word' id='word_1_84' title='bbox 183 1853 291 1926; x_wconf 84' lang='lat' dir='ltr'>Faria</span> <span class='ocrx_word' id='word_1_85' title='bbox 305 1851 443 1948; x_wconf 90' lang='lat' dir='ltr'>quinta,</span> <span class='ocrx_word' id='word_1_86' title='bbox 462 1853 665 1950; x_wconf 85' lang='lat' dir='ltr'>5januarii,</span> <span class='ocrx_word' id='word_1_87' title='bbox 690 1853 808 1953; x_wconf 79' lang='lat' dir='ltr'>vigilia</span> <span class='ocrx_word' id='word_1_88' title='bbox 831 1855 1022 1953; x_wconf 91' lang='lat' dir='ltr'>epiphanie</span> <span class='ocrx_word' id='word_1_89' title='bbox 1047 1856 1204 1946; x_wconf 89' lang='lat' dir='ltr'>Domini,</span> <span class='ocrx_word' id='word_1_90' title='bbox 1223 1855 1371 1930; x_wconf 90' lang='lat' dir='ltr'>luerunt</span> <span class='ocrx_word' id='word_1_91' title='bbox 1390 1877 1471 1928; x_wconf 84' lang='lat' dir='ltr'>ves-</span> 
     </span>
     <span class='ocr_line' id='line_1_13' title="bbox 130 1977 1462 2079; baseline 0.001 -27"><span class='ocrx_word' id='word_1_92' title='bbox 130 2001 222 2076; x_wconf 90' lang='lat' dir='ltr'>pera</span> <span class='ocrx_word' id='word_1_93' title='bbox 236 1979 386 2076; x_wconf 89' lang='lat' dir='ltr'>papales</span> <span class='ocrx_word' id='word_1_94' title='bbox 402 1980 584 2056; x_wconf 85' lang='lat' dir='ltr'>solemnes</span> <span class='ocrx_word' id='word_1_95' title='bbox 597 1983 632 2055; x_wconf 92' lang='lat' dir='ltr'>in</span> <span class='ocrx_word' id='word_1_96' title='bbox 647 1981 785 2078; x_wconf 89' lang='lat' dir='ltr'>capella</span> <span class='ocrx_word' id='word_1_97' title='bbox 798 1981 972 2078; x_wconf 87' lang='lat' dir='ltr'>predicta,</span> <span class='ocrx_word' id='word_1_98' title='bbox 992 1983 1056 2055; x_wconf 90' lang='lat' dir='ltr'>SS.</span> <span class='ocrx_word' id='word_1_99' title='bbox 1077 1984 1118 2054; x_wconf 83' lang='lat' dir='ltr'>ll.</span> <span class='ocrx_word' id='word_1_100' title='bbox 1137 1989 1262 2055; x_wconf 90' lang='lat' dir='ltr'>nostro</span> <span class='ocrx_word' id='word_1_101' title='bbox 1278 1977 1462 2079; x_wconf 83' lang='lat' dir='ltr'>pres&#39;cuta,</span> 
     </span>
     <span class='ocr_line' id='line_1_14' title="bbox 132 2103 721 2181; baseline 0.007 -5"><span class='ocrx_word' id='word_1_102' title='bbox 132 2103 299 2176; x_wconf 84' lang='lat' dir='ltr'>officium</span> <span class='ocrx_word' id='word_1_103' title='bbox 315 2128 417 2179; x_wconf 91' lang='lat' dir='ltr'>more</span> <span class='ocrx_word' id='word_1_104' title='bbox 433 2105 539 2180; x_wconf 88' lang='lat' dir='ltr'>solito</span> <span class='ocrx_word' id='word_1_105' title='bbox 554 2107 721 2181; x_wconf 86' lang='lat' dir='ltr'>faciente.</span> 
     </span>
    </p>

    <p class='ocr_par' dir='ltr' id='par_1_5' title="bbox 131 2207 1545 5196">
     <span class='ocr_line' id='line_1_15' title="bbox 182 2207 1545 2328; baseline 0.004 -29"><span class='ocrx_word' id='word_1_106' title='bbox 182 2227 289 2302; x_wconf 86' lang='lat' dir='ltr'>Feria</span> <span class='ocrx_word' id='word_1_107' title='bbox 315 2207 415 2302; x_wconf 83' lang='lat' dir='ltr'>sexta</span> <span class='ocrx_word' id='word_1_108' title='bbox 443 2236 631 2326; x_wconf 88' lang='lat' dir='ltr'>sequente,</span> <span class='ocrx_word' id='word_1_109' title='bbox 657 2229 853 2327; x_wconf 80' lang='lat' dir='ltr'>tijanuarii</span> <span class='ocrx_word' id='word_1_110' title='bbox 883 2229 976 2303; x_wconf 83' lang='lat' dir='ltr'>testo</span> <span class='ocrx_word' id='word_1_111' title='bbox 1006 2230 1218 2328; x_wconf 85' lang='lat' dir='ltr'>Epiphania,</span> <span class='ocrx_word' id='word_1_112' title='bbox 1243 2233 1306 2304; x_wconf 88' lang='lat' dir='ltr'>SS.</span> <span class='ocrx_word' id='word_1_113' title='bbox 1341 2236 1388 2304; x_wconf 87' lang='lat' dir='ltr'>D.</span> <span class='ocrx_word' id='word_1_114' title='bbox 1426 2236 1470 2304; x_wconf 91' lang='lat' dir='ltr'>N.</span> <span class='ocrx_word' id='word_1_115' title='bbox 1542 2290 1545 2295; x_wconf 93' lang='lat'>.</span> 
     </span>
     <span class='ocr_line' id='line_1_16' title="bbox 134 2353 1465 2453; baseline 0.003 -28"><span class='ocrx_word' id='word_1_116' title='bbox 134 2353 283 2427; x_wconf 90' lang='lat' dir='ltr'>indutus</span> <span class='ocrx_word' id='word_1_117' title='bbox 297 2353 443 2446; x_wconf 89' lang='lat' dir='ltr'>amictu,</span> <span class='ocrx_word' id='word_1_118' title='bbox 466 2353 559 2445; x_wconf 88' lang='lat' dir='ltr'>alba,</span> <span class='ocrx_word' id='word_1_119' title='bbox 584 2355 727 2450; x_wconf 75' lang='lat' dir='ltr'>cingulo</span> <span class='ocrx_word' id='word_1_120' title='bbox 748 2361 783 2428; x_wconf 91' lang='lat' dir='ltr'>et</span> <span class='ocrx_word' id='word_1_121' title='bbox 807 2355 898 2428; x_wconf 90' lang='lat' dir='ltr'>stola</span> <span class='ocrx_word' id='word_1_122' title='bbox 926 2355 1097 2452; x_wconf 86' lang='lat' dir='ltr'>expertis</span> <span class='ocrx_word' id='word_1_123' title='bbox 1122 2379 1228 2453; x_wconf 90' lang='lat' dir='ltr'>supra</span> <span class='ocrx_word' id='word_1_124' title='bbox 1247 2357 1465 2453; x_wconf 89' lang='lat' dir='ltr'>capucinum</span> 
     </span>
     <span class='ocr_line' id='line_1_17' title="bbox 131 2477 1468 2578; baseline 0.003 -28"><span class='ocrx_word' id='word_1_125' title='bbox 131 2477 256 2552; x_wconf 86' lang='lat' dir='ltr'>album</span> <span class='ocrx_word' id='word_1_126' title='bbox 286 2483 411 2551; x_wconf 91' lang='lat' dir='ltr'>contra</span> <span class='ocrx_word' id='word_1_127' title='bbox 437 2478 659 2554; x_wconf 87' lang='lat' dir='ltr'>voluntatem</span> <span class='ocrx_word' id='word_1_128' title='bbox 690 2502 810 2553; x_wconf 92' lang='lat' dir='ltr'>meam</span> <span class='ocrx_word' id='word_1_129' title='bbox 845 2503 928 2554; x_wconf 90' lang='lat' dir='ltr'>cum</span> <span class='ocrx_word' id='word_1_130' title='bbox 958 2480 1107 2554; x_wconf 88' lang='lat' dir='ltr'>deberet</span> <span class='ocrx_word' id='word_1_131' title='bbox 1142 2503 1222 2554; x_wconf 87' lang='lat' dir='ltr'>esse</span> <span class='ocrx_word' id='word_1_132' title='bbox 1252 2481 1468 2578; x_wconf 90' lang='lat' dir='ltr'>capucinum</span> 
     </span>
     <span class='ocr_line' id='line_1_18' title="bbox 133 2603 1470 2700; baseline 0.002 -25"><span class='ocrx_word' id='word_1_133' title='bbox 133 2604 293 2677; x_wconf 89' lang='lat' dir='ltr'>rubeum</span> <span class='ocrx_word' id='word_1_134' title='bbox 308 2603 393 2699; x_wconf 89' lang='lat' dir='ltr'>quia</span> <span class='ocrx_word' id='word_1_135' title='bbox 408 2625 430 2674; x_wconf 90' lang='lat' dir='ltr'>a</span> <span class='ocrx_word' id='word_1_136' title='bbox 443 2604 592 2676; x_wconf 89' lang='lat' dir='ltr'>sabbato</span> <span class='ocrx_word' id='word_1_137' title='bbox 610 2613 735 2678; x_wconf 87' lang='lat' dir='ltr'>sancto</span> <span class='ocrx_word' id='word_1_138' title='bbox 751 2627 866 2700; x_wconf 88' lang='lat' dir='ltr'>usque</span> <span class='ocrx_word' id='word_1_139' title='bbox 887 2604 933 2678; x_wconf 92' lang='lat' dir='ltr'>ad</span> <span class='ocrx_word' id='word_1_140' title='bbox 952 2603 1142 2679; x_wconf 89' lang='lat' dir='ltr'>sabbatum</span> <span class='ocrx_word' id='word_1_141' title='bbox 1163 2604 1201 2677; x_wconf 90' lang='lat' dir='ltr'>in</span> <span class='ocrx_word' id='word_1_142' title='bbox 1225 2605 1314 2678; x_wconf 91' lang='lat' dir='ltr'>albis</span> <span class='ocrx_word' id='word_1_143' title='bbox 1331 2612 1470 2679; x_wconf 91' lang='lat' dir='ltr'>tantum</span> 
     </span>
     <span class='ocr_line' id='line_1_19' title="bbox 132 2729 1471 2826; baseline 0 -23"><span class='ocrx_word' id='word_1_144' title='bbox 132 2729 310 2804; x_wconf 86' lang='lat' dir='ltr'>inclusive</span> <span class='ocrx_word' id='word_1_145' title='bbox 333 2733 429 2826; x_wconf 88' lang='lat' dir='ltr'>Papa</span> <span class='ocrx_word' id='word_1_146' title='bbox 452 2729 628 2826; x_wconf 89' lang='lat' dir='ltr'>capuciuo</span> <span class='ocrx_word' id='word_1_147' title='bbox 648 2729 730 2804; x_wconf 89' lang='lat' dir='ltr'>albo</span> <span class='ocrx_word' id='word_1_148' title='bbox 750 2730 800 2804; x_wconf 92' lang='lat' dir='ltr'>uti</span> <span class='ocrx_word' id='word_1_149' title='bbox 823 2730 1021 2818; x_wconf 84' lang='lat' dir='ltr'>consuevit,</span> <span class='ocrx_word' id='word_1_150' title='bbox 1043 2729 1261 2826; x_wconf 84' lang='lat' dir='ltr'>precedente</span> <span class='ocrx_word' id='word_1_151' title='bbox 1303 2753 1411 2804; x_wconf 92' lang='lat' dir='ltr'>cruce</span> <span class='ocrx_word' id='word_1_152' title='bbox 1435 2737 1471 2804; x_wconf 92' lang='lat' dir='ltr'>et</span> 
     </span>
     <span class='ocr_line' id='line_1_20' title="bbox 132 2853 1469 2944; baseline 0 -16"><span class='ocrx_word' id='word_1_153' title='bbox 132 2853 391 2944; x_wconf 62' lang='lat' dir='ltr'>cardinalibus</span> <span class='ocrx_word' id='word_1_154' title='bbox 416 2853 578 2927; x_wconf 91' lang='lat' dir='ltr'>insidens</span> <span class='ocrx_word' id='word_1_155' title='bbox 607 2853 709 2943; x_wconf 91' lang='lat' dir='ltr'>sella,</span> <span class='ocrx_word' id='word_1_156' title='bbox 735 2854 781 2926; x_wconf 88' lang='lat' dir='ltr'>ad</span> <span class='ocrx_word' id='word_1_157' title='bbox 808 2853 994 2926; x_wconf 85' lang='lat' dir='ltr'>basilicam</span> <span class='ocrx_word' id='word_1_158' title='bbox 1020 2857 1302 2930; x_wconf 90' lang='lat' dir='ltr'>Lateranensem</span> <span class='ocrx_word' id='word_1_159' title='bbox 1328 2855 1469 2929; x_wconf 90' lang='lat' dir='ltr'>duobus</span> 
     </span>
     <span class='ocr_line' id='line_1_21' title="bbox 133 2977 1471 3076; baseline 0 -22"><span class='ocrx_word' id='word_1_160' title='bbox 133 2979 239 3076; x_wconf 89' lang='lat' dir='ltr'>equis</span> <span class='ocrx_word' id='word_1_161' title='bbox 261 2985 426 3076; x_wconf 89' lang='lat' dir='ltr'>portatus</span> <span class='ocrx_word' id='word_1_162' title='bbox 450 2984 519 3067; x_wconf 88' lang='lat' dir='ltr'>est,</span> <span class='ocrx_word' id='word_1_163' title='bbox 551 2978 719 3052; x_wconf 92' lang='lat' dir='ltr'>omnibus</span> <span class='ocrx_word' id='word_1_164' title='bbox 743 2977 821 3050; x_wconf 90' lang='lat' dir='ltr'>aliis</span> <span class='ocrx_word' id='word_1_165' title='bbox 838 3000 904 3050; x_wconf 91' lang='lat' dir='ltr'>suo</span> <span class='ocrx_word' id='word_1_166' title='bbox 931 2977 1056 3050; x_wconf 91' lang='lat' dir='ltr'>ordine</span> <span class='ocrx_word' id='word_1_167' title='bbox 1083 2978 1346 3052; x_wconf 86' lang='lat' dir='ltr'>incedentibus.</span> <span class='ocrx_word' id='word_1_168' title='bbox 1376 2983 1471 3054; x_wconf 85' lang='lat' dir='ltr'>Ante</span> 
     </span>
     <span class='ocr_line' id='line_1_22' title="bbox 131 3101 1469 3202; baseline 0.001 -26"><span class='ocrx_word' id='word_1_169' title='bbox 131 3105 233 3177; x_wconf 86' lang='lat' dir='ltr'>tores</span> <span class='ocrx_word' id='word_1_170' title='bbox 249 3103 403 3177; x_wconf 87' lang='lat' dir='ltr'>ecclesie</span> <span class='ocrx_word' id='word_1_171' title='bbox 425 3103 613 3178; x_wconf 90' lang='lat' dir='ltr'>descendit</span> <span class='ocrx_word' id='word_1_172' title='bbox 638 3127 683 3176; x_wconf 89' lang='lat' dir='ltr'>ex</span> <span class='ocrx_word' id='word_1_173' title='bbox 703 3101 789 3176; x_wconf 89' lang='lat' dir='ltr'>sede</span> <span class='ocrx_word' id='word_1_174' title='bbox 812 3101 974 3198; x_wconf 87' lang='lat' dir='ltr'>predicta</span> <span class='ocrx_word' id='word_1_175' title='bbox 1000 3107 1037 3174; x_wconf 94' lang='lat' dir='ltr'>et</span> <span class='ocrx_word' id='word_1_176' title='bbox 1061 3101 1153 3175; x_wconf 89' lang='lat' dir='ltr'>sedit</span> <span class='ocrx_word' id='word_1_177' title='bbox 1171 3103 1207 3174; x_wconf 92' lang='lat' dir='ltr'>in</span> <span class='ocrx_word' id='word_1_178' title='bbox 1225 3103 1331 3176; x_wconf 89' lang='lat' dir='ltr'>aliam</span> <span class='ocrx_word' id='word_1_179' title='bbox 1347 3105 1383 3176; x_wconf 95' lang='lat' dir='ltr'>in</span> <span class='ocrx_word' id='word_1_180' title='bbox 1396 3129 1469 3202; x_wconf 91' lang='lat' dir='ltr'>qua</span> 
     </span>
     <span class='ocr_line' id='line_1_23' title="bbox 131 3225 1471 3324; baseline -0.001 -22"><span class='ocrx_word' id='word_1_181' title='bbox 131 3228 179 3302; x_wconf 92' lang='lat' dir='ltr'>ad</span> <span class='ocrx_word' id='word_1_182' title='bbox 201 3227 396 3302; x_wconf 87' lang='lat' dir='ltr'>ecclesiam</span> <span class='ocrx_word' id='word_1_183' title='bbox 408 3233 571 3324; x_wconf 88' lang='lat' dir='ltr'>portatus</span> <span class='ocrx_word' id='word_1_184' title='bbox 587 3234 664 3316; x_wconf 88' lang='lat' dir='ltr'>est;</span> <span class='ocrx_word' id='word_1_185' title='bbox 687 3249 796 3322; x_wconf 92' lang='lat' dir='ltr'>quam</span> <span class='ocrx_word' id='word_1_186' title='bbox 815 3249 859 3298; x_wconf 92' lang='lat' dir='ltr'>eo</span> <span class='ocrx_word' id='word_1_187' title='bbox 878 3225 1047 3314; x_wconf 87' lang='lat' dir='ltr'>intrante,</span> <span class='ocrx_word' id='word_1_188' title='bbox 1068 3231 1192 3300; x_wconf 88' lang='lat' dir='ltr'>Rmus.</span> <span class='ocrx_word' id='word_1_189' title='bbox 1212 3231 1257 3300; x_wconf 88' lang='lat' dir='ltr'>D.</span> <span class='ocrx_word' id='word_1_190' title='bbox 1281 3227 1471 3302; x_wconf 89' lang='lat' dir='ltr'>cardinalis</span> 
     </span>
     <span class='ocr_line' id='line_1_24' title="bbox 134 3351 1467 3450; baseline 0 -24"><span class='ocrx_word' id='word_1_191' title='bbox 134 3378 166 3426; x_wconf 79' lang='lat' dir='ltr'>s,</span> <span class='ocrx_word' id='word_1_192' title='bbox 195 3353 294 3426; x_wconf 91' lang='lat' dir='ltr'>Petri</span> <span class='ocrx_word' id='word_1_193' title='bbox 316 3353 362 3428; x_wconf 92' lang='lat' dir='ltr'>ad</span> <span class='ocrx_word' id='word_1_194' title='bbox 389 3353 544 3428; x_wconf 87' lang='lat' dir='ltr'>Vincula</span> <span class='ocrx_word' id='word_1_195' title='bbox 571 3351 735 3450; x_wconf 86' lang='lat' dir='ltr'>ejusdem</span> <span class='ocrx_word' id='word_1_196' title='bbox 758 3351 905 3425; x_wconf 86' lang='lat' dir='ltr'>basilice</span> <span class='ocrx_word' id='word_1_197' title='bbox 934 3351 1225 3449; x_wconf 84' lang='lat' dir='ltr'>archipresbyter</span> <span class='ocrx_word' id='word_1_198' title='bbox 1250 3351 1411 3449; x_wconf 85' lang='lat' dir='ltr'>porrexit</span> <span class='ocrx_word' id='word_1_199' title='bbox 1434 3355 1467 3426; x_wconf 90' lang='lat' dir='ltr'>ei</span> 
     </span>
     <span class='ocr_line' id='line_1_25' title="bbox 133 3475 1468 3575; baseline -0.001 -23"><span class='ocrx_word' id='word_1_200' title='bbox 133 3501 286 3552; x_wconf 90' lang='lat' dir='ltr'>crucem</span> <span class='ocrx_word' id='word_1_201' title='bbox 303 3478 347 3552; x_wconf 90' lang='lat' dir='ltr'>de</span> <span class='ocrx_word' id='word_1_202' title='bbox 374 3477 476 3552; x_wconf 89' lang='lat' dir='ltr'>altari</span> <span class='ocrx_word' id='word_1_203' title='bbox 496 3478 637 3574; x_wconf 87' lang='lat' dir='ltr'>majore</span> <span class='ocrx_word' id='word_1_204' title='bbox 658 3500 724 3574; x_wconf 90' lang='lat' dir='ltr'>per</span> <span class='ocrx_word' id='word_1_205' title='bbox 745 3499 858 3550; x_wconf 92' lang='lat' dir='ltr'>unum</span> <span class='ocrx_word' id='word_1_206' title='bbox 879 3500 924 3549; x_wconf 87' lang='lat' dir='ltr'>ex</span> <span class='ocrx_word' id='word_1_207' title='bbox 943 3475 1112 3549; x_wconf 83' lang='lat' dir='ltr'>tratribus</span> <span class='ocrx_word' id='word_1_208' title='bbox 1133 3477 1299 3575; x_wconf 90' lang='lat' dir='ltr'>ejusdem</span> <span class='ocrx_word' id='word_1_209' title='bbox 1321 3477 1468 3552; x_wconf 91' lang='lat' dir='ltr'>basilice</span> 
     </span>
     <span class='ocr_line' id='line_1_26' title="bbox 135 3601 1469 3700; baseline 0 -24"><span class='ocrx_word' id='word_1_210' title='bbox 135 3603 206 3676; x_wconf 91' lang='lat' dir='ltr'>sibi</span> <span class='ocrx_word' id='word_1_211' title='bbox 221 3609 449 3700; x_wconf 88' lang='lat' dir='ltr'>apportatam</span> <span class='ocrx_word' id='word_1_212' title='bbox 470 3601 702 3676; x_wconf 88' lang='lat' dir='ltr'>osculandam</span> <span class='ocrx_word' id='word_1_213' title='bbox 721 3623 830 3697; x_wconf 90' lang='lat' dir='ltr'>quam</span> <span class='ocrx_word' id='word_1_214' title='bbox 849 3604 948 3698; x_wconf 90' lang='lat' dir='ltr'>Papa</span> <span class='ocrx_word' id='word_1_215' title='bbox 970 3601 1152 3674; x_wconf 89' lang='lat' dir='ltr'>osculatus</span> <span class='ocrx_word' id='word_1_216' title='bbox 1175 3609 1242 3690; x_wconf 90' lang='lat' dir='ltr'>est,</span> <span class='ocrx_word' id='word_1_217' title='bbox 1263 3602 1469 3676; x_wconf 92' lang='lat' dir='ltr'>cantoribus</span> 
     </span>
     <span class='ocr_line' id='line_1_27' title="bbox 135 3725 1470 3824; baseline 0 -23"><span class='ocrx_word' id='word_1_218' title='bbox 135 3728 303 3824; x_wconf 87' lang='lat' dir='ltr'>ejusdem</span> <span class='ocrx_word' id='word_1_219' title='bbox 316 3727 465 3801; x_wconf 87' lang='lat' dir='ltr'>basilice</span> <span class='ocrx_word' id='word_1_220' title='bbox 478 3727 624 3799; x_wconf 91' lang='lat' dir='ltr'>interim</span> <span class='ocrx_word' id='word_1_221' title='bbox 642 3726 689 3798; x_wconf 88' lang='lat' dir='ltr'>Te</span> <span class='ocrx_word' id='word_1_222' title='bbox 704 3726 822 3799; x_wconf 80' lang='lat' dir='ltr'>Deum</span> <span class='ocrx_word' id='word_1_223' title='bbox 846 3725 1033 3798; x_wconf 83' lang='lat' dir='ltr'>laudamus</span> <span class='ocrx_word' id='word_1_224' title='bbox 1051 3728 1293 3818; x_wconf 60' lang='lat' dir='ltr'>cantantibus</span> <span class='ocrx_word' id='word_1_225' title='bbox 1312 3733 1348 3801; x_wconf 97' lang='lat' dir='ltr'>et</span> <span class='ocrx_word' id='word_1_226' title='bbox 1363 3750 1470 3802; x_wconf 91' lang='lat' dir='ltr'>cano·</span> 
     </span>
     <span class='ocr_line' id='line_1_28' title="bbox 134 3849 1469 3948; baseline 0.001 -25"><span class='ocrx_word' id='word_1_227' title='bbox 134 3850 227 3923; x_wconf 89' lang='lat' dir='ltr'>uicis</span> <span class='ocrx_word' id='word_1_228' title='bbox 254 3859 290 3924; x_wconf 93' lang='lat' dir='ltr'>ct</span> <span class='ocrx_word' id='word_1_229' title='bbox 318 3850 543 3924; x_wconf 86' lang='lat' dir='ltr'>beneficiatis</span> <span class='ocrx_word' id='word_1_230' title='bbox 567 3849 716 3924; x_wconf 91' lang='lat' dir='ltr'>basilice</span> <span class='ocrx_word' id='word_1_231' title='bbox 743 3849 905 3947; x_wconf 90' lang='lat' dir='ltr'>predicte</span> <span class='ocrx_word' id='word_1_232' title='bbox 940 3850 1258 3946; x_wconf 89' lang='lat' dir='ltr'>processionaliter</span> <span class='ocrx_word' id='word_1_233' title='bbox 1283 3875 1397 3948; x_wconf 91' lang='lat' dir='ltr'>usque</span> <span class='ocrx_word' id='word_1_234' title='bbox 1424 3853 1469 3924; x_wconf 91' lang='lat' dir='ltr'>ad</span> 
     </span>
     <span class='ocr_line' id='line_1_29' title="bbox 134 3975 1469 4073; baseline -0.001 -23"><span class='ocrx_word' id='word_1_235' title='bbox 134 3977 248 4050; x_wconf 89' lang='lat' dir='ltr'>altare</span> <span class='ocrx_word' id='word_1_236' title='bbox 258 3977 375 4072; x_wconf 89' lang='lat' dir='ltr'>majus</span> <span class='ocrx_word' id='word_1_237' title='bbox 386 3976 650 4068; x_wconf 62' lang='lat' dir='ltr'>incedentibus</span> <span class='ocrx_word' id='word_1_238' title='bbox 665 3975 726 4050; x_wconf 92' lang='lat' dir='ltr'>ubi</span> <span class='ocrx_word' id='word_1_239' title='bbox 738 3978 834 4071; x_wconf 87' lang='lat' dir='ltr'>Papa</span> <span class='ocrx_word' id='word_1_240' title='bbox 846 3975 1095 4071; x_wconf 83' lang='lat' dir='ltr'>genuflectens</span> <span class='ocrx_word' id='word_1_241' title='bbox 1107 3975 1231 4049; x_wconf 80' lang='lat' dir='ltr'>orauit.</span> <span class='ocrx_word' id='word_1_242' title='bbox 1243 3979 1346 4066; x_wconf 89' lang='lat' dir='ltr'>Tum,</span> <span class='ocrx_word' id='word_1_243' title='bbox 1360 3976 1469 4073; x_wconf 91' lang='lat' dir='ltr'>depo·</span> 
     </span>
     <span class='ocr_line' id='line_1_30' title="bbox 135 4099 1470 4199; baseline -0.001 -25"><span class='ocrx_word' id='word_1_244' title='bbox 135 4101 214 4174; x_wconf 89' lang='lat' dir='ltr'>sitis</span> <span class='ocrx_word' id='word_1_245' title='bbox 227 4101 322 4174; x_wconf 89' lang='lat' dir='ltr'>stola</span> <span class='ocrx_word' id='word_1_246' title='bbox 337 4106 372 4175; x_wconf 91' lang='lat' dir='ltr'>et</span> <span class='ocrx_word' id='word_1_247' title='bbox 387 4102 563 4197; x_wconf 88' lang='lat' dir='ltr'>capucino</span> <span class='ocrx_word' id='word_1_248' title='bbox 579 4102 720 4199; x_wconf 89' lang='lat' dir='ltr'>aceepit</span> <span class='ocrx_word' id='word_1_249' title='bbox 732 4100 839 4173; x_wconf 88' lang='lat' dir='ltr'>aliam</span> <span class='ocrx_word' id='word_1_250' title='bbox 856 4099 983 4173; x_wconf 88' lang='lat' dir='ltr'>stolam</span> <span class='ocrx_word' id='word_1_251' title='bbox 1000 4107 1035 4173; x_wconf 91' lang='lat' dir='ltr'>ct</span> <span class='ocrx_word' id='word_1_252' title='bbox 1050 4100 1216 4196; x_wconf 86' lang='lat' dir='ltr'>pluviale,</span> <span class='ocrx_word' id='word_1_253' title='bbox 1231 4100 1317 4173; x_wconf 87' lang='lat' dir='ltr'>tecit</span> <span class='ocrx_word' id='word_1_254' title='bbox 1329 4100 1470 4175; x_wconf 85' lang='lat' dir='ltr'>contes-</span> 
     </span>
     <span class='ocr_line' id='line_1_31' title="bbox 134 4224 1469 4322; baseline -0.001 -24"><span class='ocrx_word' id='word_1_255' title='bbox 134 4227 277 4299; x_wconf 88' lang='lat' dir='ltr'>sionem</span> <span class='ocrx_word' id='word_1_256' title='bbox 299 4249 382 4300; x_wconf 93' lang='lat' dir='ltr'>cum</span> <span class='ocrx_word' id='word_1_257' title='bbox 400 4226 627 4300; x_wconf 88' lang='lat' dir='ltr'>celebraturo</span> <span class='ocrx_word' id='word_1_258' title='bbox 643 4255 651 4315; x_wconf 82' lang='lat'>3</span> <span class='ocrx_word' id='word_1_259' title='bbox 673 4232 751 4300; x_wconf 92' lang='lat' dir='ltr'>tum</span> <span class='ocrx_word' id='word_1_260' title='bbox 767 4224 930 4299; x_wconf 92' lang='lat' dir='ltr'>ascendit</span> <span class='ocrx_word' id='word_1_261' title='bbox 948 4224 1092 4314; x_wconf 90' lang='lat' dir='ltr'>solium,</span> <span class='ocrx_word' id='word_1_262' title='bbox 1117 4225 1256 4322; x_wconf 88' lang='lat' dir='ltr'>accepit</span> <span class='ocrx_word' id='word_1_263' title='bbox 1270 4225 1469 4300; x_wconf 87' lang='lat' dir='ltr'>cardinales</span> 
     </span>
     <span class='ocr_line' id='line_1_32' title="bbox 134 4351 1470 4432; baseline -0.001 -6"><span class='ocrx_word' id='word_1_264' title='bbox 134 4352 181 4426; x_wconf 92' lang='lat' dir='ltr'>ad</span> <span class='ocrx_word' id='word_1_265' title='bbox 201 4351 438 4426; x_wconf 85' lang='lat' dir='ltr'>reverentiam</span> <span class='ocrx_word' id='word_1_266' title='bbox 461 4357 497 4426; x_wconf 91' lang='lat' dir='ltr'>ct</span> <span class='ocrx_word' id='word_1_267' title='bbox 515 4352 585 4426; x_wconf 87' lang='lat' dir='ltr'>alia</span> <span class='ocrx_word' id='word_1_268' title='bbox 605 4351 727 4426; x_wconf 86' lang='lat' dir='ltr'>omnia</span> <span class='ocrx_word' id='word_1_269' title='bbox 742 4352 932 4426; x_wconf 89' lang='lat' dir='ltr'>observata</span> <span class='ocrx_word' id='word_1_270' title='bbox 948 4357 1029 4422; x_wconf 90' lang='lat' dir='ltr'>sunt</span> <span class='ocrx_word' id='word_1_271' title='bbox 1044 4373 1146 4424; x_wconf 89' lang='lat' dir='ltr'>moro</span> <span class='ocrx_word' id='word_1_272' title='bbox 1162 4351 1277 4432; x_wconf 92' lang='lat' dir='ltr'>solito.</span> <span class='ocrx_word' id='word_1_273' title='bbox 1297 4351 1419 4425; x_wconf 82' lang='lat' dir='ltr'>Altero</span> <span class='ocrx_word' id='word_1_274' title='bbox 1434 4359 1470 4424; x_wconf 93' lang='lat' dir='ltr'>et</span> 
     </span>
     <span class='ocr_line' id='line_1_33' title="bbox 135 4473 1469 4572; baseline 0.001 -26"><span class='ocrx_word' id='word_1_275' title='bbox 135 4473 268 4547; x_wconf 91' lang='lat' dir='ltr'>solium</span> <span class='ocrx_word' id='word_1_276' title='bbox 290 4495 332 4548; x_wconf 88' lang='lat' dir='ltr'>ac</span> <span class='ocrx_word' id='word_1_277' title='bbox 351 4473 485 4548; x_wconf 93' lang='lat' dir='ltr'>chorus</span> <span class='ocrx_word' id='word_1_278' title='bbox 511 4475 733 4572; x_wconf 91' lang='lat' dir='ltr'>prelatorum</span> <span class='ocrx_word' id='word_1_279' title='bbox 754 4480 791 4548; x_wconf 91' lang='lat' dir='ltr'>ct</span> <span class='ocrx_word' id='word_1_280' title='bbox 820 4473 1056 4548; x_wconf 90' lang='lat' dir='ltr'>cardinalium</span> <span class='ocrx_word' id='word_1_281' title='bbox 1078 4484 1244 4572; x_wconf 90' lang='lat' dir='ltr'>paratum</span> <span class='ocrx_word' id='word_1_282' title='bbox 1262 4476 1341 4566; x_wconf 88' lang='lat' dir='ltr'>luit,</span> <span class='ocrx_word' id='word_1_283' title='bbox 1361 4482 1469 4572; x_wconf 89' lang='lat' dir='ltr'>prout</span> 
     </span>
     <span class='ocr_line' id='line_1_34' title="bbox 134 4597 1468 4697; baseline -0.001 -24"><span class='ocrx_word' id='word_1_284' title='bbox 134 4601 303 4697; x_wconf 87' lang='lat' dir='ltr'>superius</span> <span class='ocrx_word' id='word_1_285' title='bbox 315 4599 352 4673; x_wconf 93' lang='lat' dir='ltr'>in</span> <span class='ocrx_word' id='word_1_286' title='bbox 368 4600 462 4674; x_wconf 87' lang='lat' dir='ltr'>lesto</span> <span class='ocrx_word' id='word_1_287' title='bbox 476 4623 504 4674; x_wconf 80' lang='lat' dir='ltr'>a.</span> <span class='ocrx_word' id='word_1_288' title='bbox 523 4599 700 4673; x_wconf 84' lang='lat' dir='ltr'>lobannis</span> <span class='ocrx_word' id='word_1_289' title='bbox 715 4597 936 4694; x_wconf 80' lang='lat' dir='ltr'>evangeliste</span> <span class='ocrx_word' id='word_1_290' title='bbox 951 4600 1291 4674; x_wconf 83' lang='lat' dir='ltr'>MCCCCLXXXVH</span> <span class='ocrx_word' id='word_1_291' title='bbox 1305 4605 1468 4672; x_wconf 90' lang='lat' dir='ltr'>notatum</span> 
     </span>
     <span class='ocr_line' id='line_1_35' title="bbox 135 4721 1468 4822; baseline -0.002 -21"><span class='ocrx_word' id='word_1_292' title='bbox 135 4735 206 4816; x_wconf 87' lang='lat' dir='ltr'>est,</span> <span class='ocrx_word' id='word_1_293' title='bbox 223 4725 415 4822; x_wconf 89' lang='lat' dir='ltr'>paucishis</span> <span class='ocrx_word' id='word_1_294' title='bbox 430 4724 572 4798; x_wconf 89' lang='lat' dir='ltr'>additis.</span> <span class='ocrx_word' id='word_1_295' title='bbox 592 4727 762 4798; x_wconf 85' lang='lat' dir='ltr'>Oratores</span> <span class='ocrx_word' id='word_1_296' title='bbox 777 4721 905 4820; x_wconf 89' lang='lat' dir='ltr'>prelati</span> <span class='ocrx_word' id='word_1_297' title='bbox 922 4722 1092 4798; x_wconf 91' lang='lat' dir='ltr'>sederunt</span> <span class='ocrx_word' id='word_1_298' title='bbox 1108 4724 1144 4796; x_wconf 93' lang='lat' dir='ltr'>in</span> <span class='ocrx_word' id='word_1_299' title='bbox 1160 4723 1271 4799; x_wconf 92' lang='lat' dir='ltr'>choro</span> <span class='ocrx_word' id='word_1_300' title='bbox 1292 4725 1329 4797; x_wconf 92' lang='lat' dir='ltr'>in</span> <span class='ocrx_word' id='word_1_301' title='bbox 1352 4725 1468 4798; x_wconf 88' lang='lat' dir='ltr'>banco</span> 
     </span>
     <span class='ocr_line' id='line_1_36' title="bbox 132 4847 1470 4948; baseline -0.003 -22"><span class='ocrx_word' id='word_1_302' title='bbox 132 4853 321 4927; x_wconf 89' lang='lat' dir='ltr'>humiliori</span> <span class='ocrx_word' id='word_1_303' title='bbox 336 4850 566 4926; x_wconf 83' lang='lat' dir='ltr'>transversali</span> <span class='ocrx_word' id='word_1_304' title='bbox 578 4851 681 4948; x_wconf 88' lang='lat' dir='ltr'>juxta</span> <span class='ocrx_word' id='word_1_305' title='bbox 693 4847 897 4923; x_wconf 89' lang='lat' dir='ltr'>cancellum</span> <span class='ocrx_word' id='word_1_306' title='bbox 915 4854 997 4944; x_wconf 89' lang='lat' dir='ltr'>post</span> <span class='ocrx_word' id='word_1_307' title='bbox 1019 4847 1130 4922; x_wconf 88' lang='lat' dir='ltr'>finem</span> <span class='ocrx_word' id='word_1_308' title='bbox 1151 4849 1283 4924; x_wconf 86' lang='lat' dir='ltr'>banchi</span> <span class='ocrx_word' id='word_1_309' title='bbox 1300 4850 1470 4925; x_wconf 89' lang='lat' dir='ltr'>diacono-</span> 
     </span>
     <span class='ocr_line' id='line_1_37' title="bbox 134 4973 1465 5074; baseline -0.005 -20"><span class='ocrx_word' id='word_1_310' title='bbox 134 4976 481 5054; x_wconf 52' lang='lat' dir='ltr'>rumfcardinalium.</span> <span class='ocrx_word' id='word_1_311' title='bbox 500 4975 651 5049; x_wconf 88' lang='lat' dir='ltr'>Pretatis</span> <span class='ocrx_word' id='word_1_312' title='bbox 668 4979 795 5074; x_wconf 87' lang='lat' dir='ltr'>parata</span> <span class='ocrx_word' id='word_1_313' title='bbox 809 4973 956 5046; x_wconf 87' lang='lat' dir='ltr'>luerunt</span> <span class='ocrx_word' id='word_1_314' title='bbox 970 4995 1133 5047; x_wconf 86' lang='lat' dir='ltr'>scamma</span> <span class='ocrx_word' id='word_1_315' title='bbox 1145 4973 1256 5071; x_wconf 84' lang='lat' dir='ltr'>longa</span> <span class='ocrx_word' id='word_1_316' title='bbox 1272 4998 1348 5066; x_wconf 87' lang='lat' dir='ltr'>sex,</span> <span class='ocrx_word' id='word_1_317' title='bbox 1365 4975 1465 5049; x_wconf 88' lang='lat' dir='ltr'>vida-</span> 
     </span>
     <span class='ocr_line' id='line_1_38' title="bbox 131 5096 1465 5196; baseline -0.003 -20"><span class='ocrx_word' id='word_1_318' title='bbox 131 5103 220 5176; x_wconf 91' lang='lat' dir='ltr'>licet</span> <span class='ocrx_word' id='word_1_319' title='bbox 234 5101 412 5175; x_wconf 89' lang='lat' dir='ltr'>duoiuter</span> <span class='ocrx_word' id='word_1_320' title='bbox 426 5099 628 5175; x_wconf 87' lang='lat' dir='ltr'>cancellum</span> <span class='ocrx_word' id='word_1_321' title='bbox 648 5098 749 5174; x_wconf 89' lang='lat' dir='ltr'>chori</span> <span class='ocrx_word' id='word_1_322' title='bbox 772 5101 868 5194; x_wconf 87' lang='lat' dir='ltr'>Papo</span> <span class='ocrx_word' id='word_1_323' title='bbox 889 5104 924 5170; x_wconf 89' lang='lat' dir='ltr'>et</span> <span class='ocrx_word' id='word_1_324' title='bbox 944 5096 1056 5172; x_wconf 91' lang='lat' dir='ltr'>altare</span> <span class='ocrx_word' id='word_1_325' title='bbox 1077 5099 1195 5196; x_wconf 89' lang='lat' dir='ltr'>majus</span> <span class='ocrx_word' id='word_1_326' title='bbox 1216 5099 1262 5172; x_wconf 93' lang='lat' dir='ltr'>ad</span> <span class='ocrx_word' id='word_1_327' title='bbox 1283 5099 1465 5174; x_wconf 90' lang='lat' dir='ltr'>sinistram</span> 
     </span>
    </p>
   </div>
   <div class='ocr_carea' id='block_1_3' title="bbox 0 0 1765 6034">
    <p class='ocr_par' dir='ltr' id='par_1_6' title="bbox 0 0 1765 6034">
     <span class='ocr_line' id='line_1_39' title="bbox 0 0 1765 6034; baseline 0 0"><span class='ocrx_word' id='word_1_328' title='bbox 0 0 1765 6034; x_wconf 95' lang='lat' dir='ltr'> </span> 
     </span>
    </p>
   </div>
  </div>
 </body>
</html>
