3436 6038
323 479 374 534 roo
692 457 697 466 '
779 471 955 528 toaxums
980 470 1202 541 euacuxam,
1491 473 1633 539 intarta]

319 632 406 704 dixit
430 630 664 728 autiphonam
689 655 695 700 ;
718 627 899 701 Firmano·
917 607 996 719 oto.²
1022 650 1105 700 cum
1128 625 1250 699 Gloria
1274 637 1355 716 cte,
1379 631 1422 698 et·
1435 627 1634 722 repetitione

317 757 528 854 antiphone.
560 754 696 840 Quibus
717 753 834 844 dictis,
857 751 1022 850 deposita
1045 752 1164 841 mitra,
1192 750 1346 823 surrexit
1372 753 1470 846 Papa
1493 759 1528 825 et
1547 759 1633 824 stans

315 907 440 956 versus
458 882 502 955 ἃᾶ
518 888 750 956 consecratos
766 903 849 953 cum
871 879 985 952 mitris
1005 877 1187 967 sedentes
1205 876 1293 949 dixit
1305 899 1449 949 versum
1470 903 1477 948 :
1498 877 1632 949 Domino

316 1009 459 1099 occardi,
475 1020 555 1096 etc,
574 1007 820 1081 etorationem
840 1031 846 1078 :
865 1005 965 1077 Deris
981 1005 1152 1093 ooaaiom,
1167 1013 1229 1075 oto.
1250 1000 1309 1100 (l).
1329 1001 1530 1090 Quaflnita,
1548 1005 1632 1098 Papo

316 1133 408 1208 sedit
423 1132 555 1207 iterum
569 1155 650 1204 cum
667 1133 786 1223 mitra,
806 1137 842 1204 et
858 1129 1059 1204 consecrati
1077 1133 1306 1202 surrexerunt
1323 1149 1451 1200 ornnes
1472 1136 1506 1199 et
1526 1135 1632 1201 amoto

314 1262 459 1333 luerunt
470 1281 596 1332 omnes
613 1263 685 1330 tres
698 1257 824 1331 sedes:
841 1259 1116 1331 Beneventanus
1127 1251 1411 1336 etToruaoensis
1422 1258 1633 1326 retraxerunt

315 1409 352 1460 se
367 1385 411 1458 ad
423 1390 562 1482 partem
579 1391 614 1458 et
631 1384 845 1457 cusentinus
863 1388 959 1455 stans
976 1405 1057 1455 cum
1074 1381 1178 1453 mitra
1194 1387 1231 1452 et
1247 1377 1376 1452 baculo
1393 1401 1459 1451 suo
1475 1379 1631 1475 pastorali

312 1511 348 1583 in
372 1510 528 1601 sinistra,
547 1508 583 1580 in
596 1508 717 1582 medio
733 1509 853 1581 altaris
871 1531 997 1582 versus
1016 1505 1061 1579 ad
1077 1527 1235 1605 crucem,
1250 1505 1396 1604 signans
1412 1511 1539 1599 pectus
1556 1504 1630 1576 dixit

313 1635 378 1710 sub
390 1635 562 1709 mediocri
574 1640 636 1707 aut
651 1634 869 1730 competenti
885 1656 972 1708 voce
992 1657 999 1705 :
1018 1631 1076 1704 Sit
1089 1600 1324 1721 oomea,⁸etc.,
1339 1648 1441 1701 more
1451 1635 1629 1718 consueto,

310 1761 530 1836 benedicens
540 1761 688 1860 populo,
708 1768 858 1859 excepto
874 1761 984 1858 quod,
1003 1783 1088 1833 cum
1100 1759 1301 1832 diceretEt
1310 1759 1467 1855 Spiritus
1482 1769 1629 1844 sonetur,

309 1910 383 1960 non
406 1887 588 1961 benedixit
615 1863 762 1961 omniuo
794 1910 916 1961 versus
939 1909 1053 1959 cornu
1075 1884 1265 1982 evangelii,
1293 1893 1331 1956 ut
1356 1883 1469 1958 moris
1490 1889 1559 1973 est,
1578 1883 1632 1957 sed

310 2009 426 2106 magis
455 2007 500 2082 ad
532 2007 715 2082 sinistram
751 2007 1031 2082 intermediam
1063 2032 1209 2082 crucem
1238 2031 1304 2106 per
1333 2031 1416 2082 eum
1443 2007 1575 2080 laetam
1602 2013 1630 2080 et

308 2160 421 2212 cornu
445 2133 618 2231 evangelii
639 2159 685 2208 ne
700 2134 882 2208 videretur
894 2139 989 2234 Pape
1007 2134 1238 2224 benedicere,
1254 2135 1313 2207 cui
1329 2157 1437 2208 nemo
1454 2131 1627 2208 benedixit

310 2263 374 2336 sed
384 2261 460 2360 ipse
478 2261 645 2335 omnibus
663 2260 672 2359 (
697 2261 722 2360 )

358 2387 471 2461 Simili
490 2387 598 2460 modo
625 2385 787 2460 lecerunt
808 2385 1010 2459 successive
1034 2388 1307 2458 Beneventanus
1325 2391 1361 2457 et
1378 2387 1627 2474 Tornacensis‚

310 2511 370 2586 illo
390 2512 449 2608 qui
470 2511 568 2608 prius
590 2509 785 2600 benedixit,
812 2533 850 2584 se
871 2510 1080 2584 retrahente
1107 2509 1164 2609 (3).
1187 2512 1446 2587 Benedictione
1469 2513 1628 2587 omnibus

310 2636 407 2726 data,
435 2635 650 2708 Cusentinus
674 2635 761 2707 dixit
788 2635 837 2706 orl
854 2635 980 2708 inultos
1000 2659 1111 2707 aanor
1130 2642 1202 2709 tres
1223 2659 1323 2710 more
1345 2645 1542 2726 oonsue103
1564 2659 1627 2734 quo

308 2761 413 2836 tertio
425 2761 533 2848 dicto,
552 2760 799 2858 Papaoccepit
815 2757 954 2832 eumad
971 2758 1043 2831 oris
1055 2759 1219 2833 osculum
1236 2765 1275 2832 ut
1290 2759 1348 2832 elii
1360 2765 1627 2836 consecratores

306 2889 425 2962 lacere
443 2887 572 2961 solent.

354 3015 442 3088 item
461 3017 639 3087 servatum
655 3018 710 3085 est
728 3011 928 3085 successive
952 3012 1073 3108 quoad
1089 3018 1125 3086 et
1141 3013 1206 3109 per
1221 3014 1310 3087 alios
1326 3015 1431 3104 duos,
1451 3016 1511 3110 qui
1526 3015 1625 3088 etiam

304 3163 370 3237 per
395 3139 604 3213 assistentes
626 3144 707 3235 post
728 3141 862 3234 Papam
885 3136 930 3210 ad
947 3137 1018 3210 oris
1039 3136 1202 3211 osculum
1218 3138 1353 3234 recepti
1365 3138 1510 3212 luerunt
1531 3159 1625 3210 more

304 3273 494 3338 consueto.
521 3267 610 3336 Tum
635 3267 731 3360 Papa
759 3262 904 3359 signans
935 3261 1046 3335 altare
1075 3263 1111 3334 in
1135 3262 1269 3353 medie,
1306 3261 1394 3333 dixit
1421 3289 1428 3334 :
1458 3262 1622 3335 Dominus¹

303 3390 491 3478 vobiscum,
510 3399 589 3477 ete,
606 3395 641 3461 et
656 3387 692 3459 in
707 3387 905 3460 faldistorio
917 3387 1083 3483 deposuit
1097 3386 1220 3460 omnia
1234 3392 1457 3484 paramenta,
1477 3392 1621 3482 excepto

303 3515 410 3612 pallio
439 3512 544 3612 (quod
571 3513 670 3610 prius
694 3511 815 3586 debuit
840 3534 948 3609 super
974 3511 1074 3584 altari
1103 3511 1302 3605 dimittere,
1335 3517 1534 3586 extractum
1561 3509 1622 3583 sibi

339 3741 365 3793 t.
389 3736 466 3792 «Hie
484 3735 594 3792 adverte
613 3734 739 3808 quoniam
757 3740 875 3792 erratum
894 3734 955 3799 suit,
974 3751 1036 3790 nom
1057 3734 1133 3808 Papa
1156 3734 1251 3792 diceus
1271 3735 1448 3810 autiphonam
1464 3754 1518 3792 nou
1537 3734 1625 3791 debuit

301 3828 406 3894 sedere,
420 3825 468 3894 sed
479 3831 562 3881 stare.
574 3825 641 3880 Item
654 3825 749 3881 debuit
759 3825 848 3880 dicere
859 3841 941 3897 super
952 3841 1115 3898 unoquoque
1126 3825 1302 3898 autiphonam
1314 3826 1339 3881 io
1353 3825 1486 3899 singulari
1498 3835 1574 3900 prout
1586 3832 1624 3880 est

301 3931 402 3988 eosque
416 3931 476 3968 eum
492 3931 572 3970 versu
588 3921 650 3982 etc,
667 3914 763 3970 deinde
780 3913 838 3970 sine
853 3913 931 3970 mitra
950 3913 1044 3970 debuit
1062 3913 1151 3969 dicere
1167 3915 1314 3971 orationem
1337 3915 1363 3970 in
1380 3914 1489 3988 pluviali
1504 3915 1581 3970 simul
1599 3921 1623 3968 et

300 4004 382 4059 semel
403 4020 485 4076 super
498 4011 671 4060 consecratos
692 4021 747 4060 non
765 4003 892 4059 sedentes
914 4003 948 4058 ob
969 4003 1145 4060 reverentiam
1167 4004 1253 4077 Pepe,
1274 4004 1324 4060 sed
1345 4011 1451 4060 stantes
1466 4023 1526 4060 eum
1543 4003 1622 4059 mitris

300 4101 364 4150 tuuc
383 4095 498 4150 maxime
513 4093 622 4167 quando
637 4093 713 4166 Papa
731 4091 857 4166 deposuit
872 4092 977 4150 mitram
996 4093 1120 4149 dicturus
1134 4094 1293 4150 orationem.
1311 4093 1380 4151 Cum
1401 4101 1491 4150 autem
1514 4093 1622 4148 dixisset

300 4183 484 4256 antiphonam,
505 4182 599 4239 debuit
620 4189 733 4256 tongere
752 4200 813 4237 cum
839 4199 890 4238 sue
910 4182 1007 4238 dextra
1023 4183 1144 4238 dextram
1166 4181 1316 4239 consecrati
1331 4189 1358 4239 et
1371 4183 1443 4239 idem
1459 4184 1543 4239 iacere
1565 4199 1621 4237 eum

300 4290 473 4346 unoquoque.
487 4273 542 4329 Hee
553 4271 643 4328 notavi
659 4271 684 4325 in
697 4270 814 4344 antiquis
830 4272 1018 4328 ceremonoriis
1032 4272 1078 4327 ubi
1091 4271 1311 4329 tttconsiderotio
1324 4272 1358 4328 de
1371 4271 1499 4345 predictis
1509 4281 1535 4329 et
1547 4272 1620 4328 etiem

300 4363 335 4419 de
351 4381 403 4419 uno
418 4363 551 4438 singulari
566 4361 610 4435 qui
628 4361 676 4416 tuit
688 4368 809 4435 tempore
828 4379 887 4418 meo
902 4361 1154 4418 inobservantia.»
1169 4395 1205 4405 -
1215 4361 1312 4420 Psms.

337 4457 361 4508 t.
385 4475 398 4507 a
414 4453 500 4510 Credo
515 4451 588 4526 quod
600 4451 642 4506 hic
658 4458 752 4507 auctor
767 4450 845 4520 male,
856 4469 905 4507 suo
916 4469 999 4520 more,
1011 4451 1117 4520 dixerit,
1134 4451 1262 4525 quoniam
1277 4451 1401 4510 videmus
1412 4452 1531 4527 quotidie
1539 4451 1620 4525 copel·

301 4541 378 4598 lenos
394 4541 469 4615 Pape
484 4541 510 4596 in
527 4540 618 4597 missis
629 4539 741 4615 privatis
756 4541 819 4597 dare
835 4541 1049 4598 benedictionem
1066 4559 1147 4614 super
1159 4542 1272 4614 Pupam.
1283 4541 1370 4614 Igitur
1384 4543 1527 4600 dicendum
1541 4541 1617 4616 quod,

301 4649 361 4686 eum
384 4631 498 4704 primum
525 4641 568 4688 est
593 4630 751 4686 benedicere
773 4631 857 4703 Papo,
874 4637 900 4687 et
919 4631 1078 4687 benedicere
1093 4631 1167 4704 Pape
1187 4632 1306 4704 presenti
1321 4638 1448 4704 poteraut
1466 4630 1616 4695 consecrati,

299 4719 411 4776 obtenta
421 4720 510 4790 venia,
521 4737 570 4794 pro
585 4721 728 4776 honestate
742 4719 902 4775 benedicere
917 4721 1026 4793 populo,
1040 4727 1066 4776 et
1081 4727 1121 4776 ter
1136 4721 1246 4792 signare
1261 4719 1288 4776 in
1305 4721 1393 4777 medio
1409 4723 1510 4792 altaris,
1524 4720 1617 4778 ibidem

298 4808 414 4865 diceudo
435 4824 442 4864 ι
459 4811 547 4866 Pater
562 4821 588 4865 et
603 4811 698 4864 Filius
715 4820 740 4864 et
756 4809 888 4880 Spiritus
903 4809 1040 4868 Sanctus.
1059 4832 1074 4860 a
1089 4841 1123 4851 -
1138 4811 1231 4865 Patris.
1245 4809 1336 4883 (Cette
1349 4827 1491 4886 remarque
1508 4825 1617 4881 meoque

297 4898 367 4952 daus
378 4897 401 4952 le
417 4916 482 4954 mss.
499 4901 592 4971 5521.)
835 4973 836 4977 ἵ

330 4988 357 5046 3.
379 5010 393 5037 «
415 4987 495 5044 Error
518 4989 561 5044 bic
582 4995 644 5046 est:
662 5005 723 5044 naui
740 4991 811 5046 datis
827 4990 1073 5058 benedictionibus.
1089 4991 1206 5066 quisque
1221 4991 1314 5049 debuit
1330 4992 1465 5067 deponere
1479 4995 1576 5050 mitram
1591 4997 1615 5045 et

293 5076 421 5134 baculum
435 5083 461 5132 et
473 5079 600 5134 annulum
612 5089 638 5136 et
652 5095 733 5152 agere
747 5081 851 5153 gratius
866 5083 939 5154 Papo
954 5083 1068 5140 diceudo
1080 5085 1121 5138 ad
1131 5083 1238 5138 inultos
1254 5101 1360 5155 annos,
1374 5101 1428 5159 qua
1440 5083 1520 5140 verbe
1533 5078 1614 5152 signi-

292 5165 375 5223 tieaot
391 5165 478 5240 ipsom
494 5168 654 5224 contrariam
666 5169 809 5231 actionem.
826 5192 840 5222 a
852 5200 886 5214 -
901 5173 995 5234 Panis.
