3578 6032
293 438 346 494 eit
850 428 1060 486 APPENDICE.

294 605 385 651 mum
410 588 509 651 allicit
535 586 716 665 mollitque.
747 583 920 646 Pollicetur
954 583 1066 661 itaque
1094 578 1225 660 legatus
1253 593 1314 657 pro
1335 591 1446 640 annuo
1475 577 1624 654 Zyzymy

295 691 430 765 sumptu
448 685 599 763 Quinque
618 689 650 747 et
666 685 781 746 XXXX
795 681 897 744 millia
913 695 1088 743 nummum
1106 677 1179 740 auri
1193 693 1278 756 quos
1293 692 1352 738 rex
1367 673 1525 755 Bagyazit
1541 685 1624 751 quo·

296 785 405 848 tennis
418 784 467 847 Xl.
491 784 633 864 Augusti
648 781 753 845 Rhodi
765 781 925 844 exsoluat.
949 778 1105 858 Magister
1115 780 1228 840 autem
1250 778 1373 856 Regem
1400 776 1547 852 Zyzymy
1562 767 1626 830 sub

293 883 395 946 tutela
410 882 499 945 ordis
511 881 798 945 hierosolimorum
815 881 977 958 apparatu
996 875 1087 956 regio
1107 873 1260 938 allectum
1276 887 1411 935 seruare
1426 867 1566 950 pepigit,
1583 881 1626 928 ne

296 981 424 1046 dissidii
441 981 576 1044 materia
597 980 731 1043 oriatur.

300 1188 456 1252 Gutltelmi
472 1186 631 1249 Coourcin
646 1185 840 1248 Rhodiorum
861 1181 1108 1246 vicecancellarii
1124 1179 1162 1240 de
1176 1175 1361 1238 admiscebae
1374 1173 1467 1252 Regis
1483 1175 1630 1252 Zyzymy

474 1289 508 1348 ia
524 1286 645 1347 Gallias
658 1289 687 1347 et
700 1283 850 1364 diligenti
859 1283 1004 1344 custodia
1014 1282 1245 1342 asceruatioaes
1263 1273 1447 1335 exhortatio.

337 1435 460 1516 De'part
474 1452 559 1514 pour
580 1435 612 1498 la
630 1436 751 1497 France
771 1433 812 1496 de
835 1433 945 1514 Zyzim
962 1432 1043 1496 dont
1056 1431 1088 1494 la
1102 1431 1154 1492 vie
1171 1430 1222 1488 est
1236 1425 1362 1504 chaque
1372 1425 1451 1504 jour
1468 1421 1629 1486 menecea

299 1553 359 1615 par
370 1535 419 1597 les
430 1531 619 1596 e'missaires
640 1532 682 1596 de
698 1548 758 1595 son
771 1529 856 1594 frere
870 1533 927 1611 qui
943 1557 955 1586 ι
973 1547 1033 1594 nec
1048 1531 1169 1612 vigiliis
1184 1541 1246 1587 nec
1260 1539 1377 1586 somno
1396 1521 1488 1586 aliud
1503 1522 1631 1604 cogitat

299 1657 314 1690 a
330 1632 420 1696 aliud
433 1632 537 1694 voluit
550 1631 707 1710 aliudque
719 1629 807 1694 videt
821 1647 921 1710 quam
935 1634 1080 1712 Zyzymy
1092 1631 1225 1712 Regem.
1241 1655 1254 1686 ι

343 1837 508 1901 duilletrni
522 1839 679 1902 Caoarsiu
693 1837 892 1900 Rhodiorum
907 1837 1169 1900 vicecancellarii
1179 1835 1216 1897 de
1229 1835 1424 1900 traductione
1439 1839 1587 1916 Zyzymy

470 1937 610 1998 Saldaat'
622 1935 737 2016 fratris
751 1941 862 2016 magni
879 1937 997 1998 Taurei
1010 1936 1055 1997 ad
1068 1936 1177 1996 urbem
1191 1936 1459 1998 caementatum.

340 2115 351 2148 ι
373 2137 433 2153 .....
451 2091 535 2154 ratio
553 2089 665 2153 studet
691 2094 868 2168 postquam
891 2093 1036 2172 Zyzymy
1051 2106 1224 2153 successus
1244 2087 1480 2168 descripsimus
1497 2085 1631 2149 eiusad

298 2193 416 2254 urbem
440 2190 541 2271 (orbis
563 2193 661 2268 caput
687 2191 718 2250 et
746 2186 983 2268 monarchiam)
998 2187 1233 2268 profectionem
1252 2186 1447 2266 compendio
1462 2185 1629 2264 redigam.

299 2291 358 2354 Ubi
368 2294 480 2352 autem
495 2287 645 2368 magistri
661 2290 693 2348 et
708 2286 908 2348 lthodiorum
919 2303 1092 2365 procerum
1108 2291 1266 2362 oratores,
1281 2285 1452 2364 Philippus
1468 2283 1510 2346 de
1524 2283 1629 2364 Cluys

298 2387 441 2451 baliuius
456 2401 567 2449 morae
583 2389 616 2448 et
630 2383 826 2446 Guillelmus
842 2385 1001 2447 Caonrsin
1021 2384 1305 2448 vicecancellarius
1319 2383 1363 2448 ad
1377 2383 1438 2446 hoc
1452 2381 1628 2457 destinati,

299 2485 464 2549 mandatis
479 2485 669 2546 inherentes
685 2481 726 2544 de
740 2482 886 2561 principe
902 2485 1048 2564 Zyzymy
1069 2483 1112 2545 ad
1126 2484 1244 2545 urbem
1264 2479 1468 2546 traducendo
1483 2497 1564 2542 cum
1578 2479 1627 2541 in-

300 2584 450 2647 nocentio
465 2599 550 2661 papa
579 2585 696 2644 octauo
721 2590 917 2656 conuenere,
937 2579 1124 2644 francorum
1143 2598 1275 2661 quoque
1296 2597 1375 2662 rege
1394 2581 1629 2644 assentiente:

298 2680 396 2743 modo
410 2683 554 2762 Zyzymy
569 2677 611 2741 ad
627 2678 835 2757 peregrinam
851 2695 918 2740 non
933 2683 1082 2742 transeat
1096 2679 1254 2741 ditionem
1266 2679 1363 2758 eique
1380 2694 1551 2754 exorsum,
1568 2695 1630 2740 nec

299 2780 370 2842 siue
391 2779 462 2841 eius
478 2779 562 2839 scitu
589 2776 630 2839 de
655 2776 787 2838 homine
803 2775 999 2854 disponatur
1017 2776 1059 2839 ad
1078 2793 1199 2856 penam
1222 2776 1336 2839 decem
1353 2776 1443 2838 milia
1464 2775 1629 2837 librarum

298 2875 369 2940 auri
384 2876 435 2938 cui
449 2876 491 2937 sit
506 2878 564 2938 lto.
588 2874 724 2938 ecclesia
745 2875 900 2938 obnoxia.
915 2890 981 2953 que
1000 2873 1134 2953 quidem
1154 2873 1302 2952 pontiflci
1320 2877 1354 2935 et
1378 2889 1470 2936 sacro
1495 2871 1629 2936 senatui

298 2976 460 3056 placuere,
472 2975 656 3052 scriptaque
668 2972 799 3036 redacta
810 2977 898 3035 sunt.
911 2975 1084 3036 Decretum
1094 2977 1145 3036 est
1157 2979 1194 3035 ut
1209 2977 1354 3054 Zyzymy
1362 2972 1471 3054 galliis
1484 2987 1630 3035 mouens

298 3074 355 3154 qui
381 3089 456 3135 arce
478 3071 681 3150 preceptorie
710 3071 806 3150 burgi
835 3071 915 3132 noui
937 3087 1065 3134 camere
1086 3071 1290 3151 magistratis
1314 3087 1373 3149 per
1397 3071 1567 3134 Guidrunt
1587 3070 1630 3132 de

298 3167 480 3233 Blanoaiort
494 3185 712 3232 aruernorum
736 3170 879 3248 priorem
894 3170 1043 3248 magistri
1059 3169 1193 3248 quidem
1215 3174 1370 3248 nepotem
1387 3169 1630 3231 asseruabatur

300 3273 456 3332 terrestre
476 3269 538 3330 iter
551 3271 676 3348 ageret,
694 3271 726 3329 et
737 3266 921 3329 onerariam
936 3267 1136 3329 Rhodiorum
1152 3267 1264 3328 nanim
1286 3267 1512 3330 conscendens
1525 3266 1628 3346 gulli-

301 3385 375 3430 cum
391 3367 617 3445 tirrenumque
629 3382 720 3428 mare
734 3365 899 3445 nauigans
912 3365 1075 3444 pontilicie
1086 3365 1220 3426 ditionis
1231 3365 1350 3428 urbem
1364 3369 1511 3428 veterem
1525 3365 1629 3427 vehe-

298 3471 388 3527 retur
404 3483 412 3526 :
426 3463 545 3526 intesta
561 3464 717 3543 equidem
732 3463 901 3544 nauigatio
925 3461 985 3525 luit
1000 3481 1008 3524 :
1024 3463 1186 3526 nimbosis
1201 3463 1354 3542 procellis
1376 3463 1525 3542 flatuque
1545 3477 1627 3526 ven·

299 3567 409 3625 torum
420 3561 563 3624 aduerso
576 3561 690 3624 nauim
701 3559 907 3640 propellente
916 3565 952 3621 ut
964 3561 1014 3622 vir
1028 3560 1201 3623 incolumis
1217 3561 1370 3624 euaserit.
1390 3561 1470 3624 Cum
1483 3562 1574 3624 enim
1589 3577 1628 3624 eo

299 3659 484 3738 appulisset
498 3659 609 3720 inclito
622 3659 778 3720 comitatu
791 3658 988 3732 succinctae,
1001 3657 1208 3721 descendens
1219 3659 1340 3720 summi
1356 3655 1521 3737 pontificis
1535 3675 1628 3722 man·

299 3757 373 3820 data
391 3756 537 3836 aperitur
560 3757 653 3818 urbis
666 3772 798 3835 quoque
812 3773 886 3818 arce
911 3755 1102 3818 Leonardus
1126 3757 1204 3819 Cibo
1223 3755 1390 3834 pontificia
1402 3761 1505 3837 gente
1529 3762 1628 3819 natus

300 3858 437 3918 Romam
457 3851 620 3932 pontilicis
648 3853 743 3915 iussu
763 3870 828 3932 quo
853 3857 998 3934 Zyzymy
1020 3859 1213 3916 asseruetur
1236 3855 1340 3916 donec
1364 3857 1502 3916 Romam
1518 3855 1626 3916 adeat.

299 3951 439 4014 (luidoni
452 3952 551 4030 priori
567 3951 670 4029 pridie
686 3967 790 4014 nonas
805 3953 945 4014 marcias
969 3956 1086 4014 octauo
1107 3953 1271 4032 octaginta
1289 3969 1389 4031 supra
1413 3951 1627 4014 millesimum

299 4055 333 4112 et
355 4049 718 4130 quadringentesimum
741 4065 828 4111 anno
852 4049 1086 4112 incarnationis
1099 4050 1190 4111 verbi
1214 4049 1317 4112 diuini
1331 4050 1441 4112 tradit.
1467 4052 1553 4113 Dum
1569 4051 1627 4113 hec

299 4153 443 4227 aguntur
457 4145 603 4226 pontifex
617 4148 782 4209 maximus
800 4146 940 4227 (policita
956 4163 1023 4210 non
1046 4147 1257 4228 rescendens)
1272 4149 1306 4210 in
1322 4149 1478 4210 senatorii
1502 4149 1627 4212 ordinis

299 4251 331 4307 et
345 4245 548 4308 cardinalum
570 4263 747 4308 numerum
763 4263 805 4308 vn
821 4245 960 4307 marcias
986 4246 1097 4308 retulit
1112 4245 1261 4326 insignes
1277 4246 1433 4324 prelatos,
1445 4248 1624 4326 archiepis·

300 4357 417 4421 copum
433 4342 713 4423 burdegalensem
729 4345 927 4405 Francorum
938 4343 1027 4424 regis
1038 4344 1261 4406 consiliarium
1275 4345 1409 4407 natione
1422 4345 1624 4420 Gallum,ar-

301 4441 542 4519 cbiepiscopum
562 4443 832 4503 Beneuentanum
855 4443 1064 4503 Genuensem
1087 4442 1250 4504 datarium
1274 4441 1489 4522 gentiliozum
1503 4441 1624 4505 familia

301 4543 420 4613 ortum,
437 4537 696 4601 referendarium
712 4539 903 4618 episcopum
923 4539 1121 4602 aleriensem
1136 4539 1251 4601 italum
1269 4539 1505 4620 :presbyteros
1520 4540 1623 4602 cardi·

301 4637 394 4700 naias
407 4641 603 4716 petrumque
622 4638 820 4699 Daubusson
837 4637 940 4700 lthodi
955 4637 1151 4718 magistrum
1168 4637 1426 4701 lernouicensem
1446 4641 1479 4700 S.
1498 4637 1624 4702 adriani

300 4735 510 4798 cardinalem.
524 4736 568 4796 Eo
581 4735 678 4796 etiam
694 4735 765 4814 ipso
777 4734 830 4797 die
840 4735 1025 4798 declaratus
1041 4741 1092 4798 est
1106 4736 1165 4798 sed
1175 4734 1437 4814 nonpublicatue
1449 4735 1623 4798 cardinalis

302 4832 460 4896 diaconus
486 4837 586 4896 natus
613 4834 783 4896 Laurencii
803 4833 934 4896 Medicis
954 4834 1132 4896 Florentini
1154 4833 1289 4910 familia,
1316 4833 1377 4896 hac
1392 4833 1527 4913 quidem
1551 4833 1623 4912 lege

302 4936 393 5008 pacta
418 4937 550 5009 propter
576 4936 708 5004 etatem,
734 4947 811 4992 nam
841 4936 997 5010 quartum
1022 4933 1185 4994 decimum
1212 4933 1334 5013 agebat
1361 4947 1487 4994 annum
1513 4931 1624 5013 galero

300 5028 440 5105 puniceo
456 5033 488 5090 et
500 5029 687 5092 cardinaliis
711 5029 889 5108 insignitiis
906 5031 1046 5092 trienino
1066 5047 1133 5093 non
1154 5036 1313 5106 uteretur,
1329 5036 1526 5110 vacaretque
1539 5027 1624 5091 edis·

302 5124 415 5187 cendis
430 5125 637 5190 cherimoniis
651 5132 684 5190 et
698 5127 820 5190 diuinis
835 5127 962 5205 officiis,
974 5130 1096 5193 exactis
1105 5131 1226 5209 quibus
1239 5130 1345 5194 tribus
1355 5131 1452 5193 annis
1467 5128 1624 5192 Florentia
