3436 6038
308 493 361 552 tan
762 483 938 544 rollannus
962 483 1185 557 obscurum,
1474 491 1554 560 [lim
1566 496 1630 562 11111]

307 646 552 725 cardinalibus
568 651 604 721 et
617 643 695 720 aliis
711 643 1022 722 more'consueto:
1041 647 1078 717 et
1093 642 1290 722 accedente
1307 643 1490 720 cardinale
1506 647 1635 722 Medio

306 773 448 851 lenensi
463 773 582 872 priore
596 771 891 871 presbyterorum
904 768 1153 862 cardinalium,
1165 771 1321 846 accessit
1330 771 1517 848 lohannes
1527 777 1635 852 llario

308 923 392 974 cum
409 899 606 989 thuribulo,
629 905 665 972 et
687 901 783 995 Papa
803 895 974 994 imposuit
993 895 1202 986 incensum;
1223 901 1260 972 et
1278 896 1407 972 ivimus
1429 899 1476 973 ad
1492 923 1634 997 paruam

305 1025 481 1122 capellam
497 1024 533 1098 in
550 1047 622 1121 qua
636 1022 789 1097 candela
801 1028 879 1096 erat
894 1045 938 1097 ex
952 1046 1045 1095 novo
1058 1021 1142 1118 igne
1158 1021 1352 1098 benedicto
1367 1048 1539 1100 accensa.
1555 1030 1636 1101 Pro

306 1147 1635 1250 cessionaliteregoprocessi3etadsinistrammeomiritcapellanuscele

306 1275 442 1352 brantis
458 1299 542 1352 cum
557 1275 741 1350 thuribulo
757 1280 793 1349 et
803 1273 995 1366 navicella;
1012 1281 1095 1372 post
1105 1297 1172 1349 uos
1183 1274 1426 1351 subdiaconus
1436 1277 1578 1376 capelle
1590 1267 1632 1378 (11

306 1403 342 1478 iu
357 1403 451 1490 elba,
463 1403 541 1477 sine
556 1401 701 1500 planeta
715 1406 751 1476 et
761 1400 840 1476 sine
850 1400 1022 1475 tunicella
1033 1405 1181 1498 portans
1196 1423 1342 1477 crucem
1356 1407 1465 1501 Pape‚
1475 1403 1529 1478 ite
1543 1405 1633 1502 quod

304 1527 425 1626 imago
440 1529 559 1604 crucis
575 1533 753 1604 antaeum
768 1533 805 1602 et
818 1550 891 1601 non
906 1531 1003 1602 retro
1017 1525 1218 1602 videbatur.
1237 1527 1374 1602 Deinde
1390 1529 1567 1604 diaconus
1582 1555 1635 1606 oa·

304 1655 396 1754 pelle
411 1652 556 1728 indutus
571 1653 774 1744 dalmatica,
792 1657 925 1752 etpost
940 1675 1023 1728 eum
1038 1650 1106 1750 ipsi
1121 1652 1296 1750 capellani
1306 1654 1394 1727 varii
1410 1654 1472 1752 qui
1487 1662 1633 1731 autece-

304 1781 393 1854 dunt
407 1785 552 1878 portant
565 1778 784 1870 ministeria;
810 1783 962 1876 quatuor
976 1777 1153 1876 capellani
1172 1777 1388 1854 celebrantis
1404 1780 1477 1854 bini
1494 1789 1533 1857 et
1548 1783 1631 1856 bini.

304 1909 344 1981 ln
357 1929 465 2006 parva
484 1905 635 2003 capella,
652 1905 825 1980 diaconus
840 1903 979 2003 accepit
1001 1904 1214 1980 arundinem
1234 1928 1318 1980 cum
1339 1905 1451 1980 tribus
1475 1909 1635 1982 candelis

302 2037 466 2132 paratum
481 2037 517 2107 et
532 2053 600 2129 ego
615 2031 803 2106 candelam
830 2053 913 2105 oum
934 2051 1026 2104 nouo
1041 2029 1124 2127 igne
1140 2053 1350 2123 accensnm3
1368 2031 1583 2108 intravimus
1603 2041 1636 2110 et

249 2167 255 2176 ’
302 2157 519 2256 perfecimus
548 2157 668 2232 omnia
693 2155 786 2230 sicut
806 2155 844 2229 in
863 2155 1097 2231 ceremoniali
1122 2155 1321 2231 ordinatur.
1346 2158 1433 2232 Cum
1460 2159 1635 2235 diaconus

302 2289 463 2359 cantaret
472 2283 590 2382 prima
603 2305 695 2358 voce
710 2281 872 2357 :Lumen
886 2281 1032 2373 Christi,
1047 2285 1143 2380 Papa
1153 2289 1189 2356 et
1199 2281 1390 2358 celebrans
1399 2293 1636 2360 surrexerunt

302 2413 338 2483 et
352 2409 525 2483 diaconus
541 2407 725 2483 benedixit
740 2431 876 2498 ceram,
889 2415 925 2484 et
939 2407 1010 2482 elia
1025 2407 1146 2481 omnia
1161 2407 1257 2482 tacta
1272 2415 1356 2483 sunt
1366 2416 1474 2506 prout
1486 2410 1528 2485 in
1539 2435 1636 2487 cere-

302 2533 464 2608 moniali.
488 2538 660 2610 cantores
677 2539 866 2608 cantarunt
886 2556 1013 2608 omnes
1032 2533 1255 2632 prophetias,
1275 2535 1361 2634 quia
1376 2540 1439 2613 SS.
1461 2542 1506 2613 D.
1526 2543 1571 2614 N.
1588 2540 1635 2613 ita

302 2658 426 2750 voluit,
450 2659 510 2757 qui
535 2659 648 2734 noluit
671 2660 749 2734 illas
773 2685 839 2758 per
864 2660 1065 2736 cardinales
1089 2660 1240 2753 cantari,
1274 2667 1379 2760 prout
1401 2661 1522 2736 Sixtus
1548 2663 1633 2737 elias

301 2783 540 2860 ordinaverat.
553 2789 648 2861 Loco
664 2785 806 2860 decime
822 2785 1007 2878 orationis,
1023 2792 1105 2884 post
1114 2785 1293 2861 decimam
1310 2787 1556 2886 prophetiam,
1570 2813 1637 2886 per

300 2933 461 2986 errorem
482 2933 617 3002 meum,
637 2911 721 3008 quia
740 2911 828 2986 verti
849 2911 920 2986 duo
936 2911 1022 2986 lolia
1036 2911 1206 3004 missalis,
1229 2913 1421 2987 cardinalis
1440 2913 1634 2988 celebrans

299 3037 454 3112 eanmuit
475 3035 704 3112 undecimam
724 3037 940 3126 orationem,
965 3038 1029 3113 sed
1050 3035 1195 3130 deinde,
1214 3038 1297 3115 loco
1313 3040 1521 3132 undecima,
1545 3041 1632 3115 dixit

299 3163 492 3238 decimam.
503 3167 582 3238 Duo
593 3168 760 3238 cantores
771 3163 831 3260 qui
846 3160 1007 3238 litaniam
1023 3169 1257 3238 cantaverunt
1270 3190 1336 3266 per
1349 3189 1527 3256 errorem,
1537 3173 1635 3241 ante-

297 3311 406 3386 quam
418 3289 648 3388 pervenirent
658 3290 723 3365 ad:
738 3289 962 3388 Teropamus
974 3289 1060 3363 nudi
1070 3315 1147 3381 nor,
1160 3297 1344 3368 verterunt
1354 3293 1426 3365 duo
1442 3291 1530 3366 lolia
1541 3293 1635 3366 inter

297 3437 369 3511 qua
382 3415 504 3490 omnia
517 3415 652 3490 ibidem
661 3414 794 3514 scripta
808 3415 1046 3507 obmiserunt,
1058 3419 1245 3492 cantantes
1262 3445 1269 3490 :
1287 3417 1440 3508 Christe,
1453 3418 1541 3490 nudi
1554 3442 1629 3507 nor,

295 3550 378 3629 eta,
396 3549 503 3637 prout
516 3541 552 3614 in
575 3540 647 3616 fine
662 3540 800 3634 litania,
818 3565 863 3616 ex
877 3565 949 3638 quo
972 3541 1181 3616 scandalum
1202 3543 1333 3621 euenit.
1350 3543 1515 3642 eporruit
1536 3542 1631 3618 enim

296 3664 418 3738 omnia
429 3687 493 3738 suo
508 3665 590 3740 loco
605 3667 739 3758 lacere,
762 3689 831 3764 que
850 3666 946 3740 inter
964 3689 1108 3742 uersum
1126 3692 1134 3742 :
1152 3669 1361 3744 Peccatores
1377 3675 1411 3744 et
1428 3669 1541 3744 tinem
1557 3669 1633 3743 lita·

294 3790 354 3866 nie
366 3815 449 3866 cum
463 3791 589 3866 ordine
604 3791 745 3890 agenda
759 3799 875 3867 erant.
893 3795 983 3867 ltem
994 3799 1161 3870 cantores
1174 3801 1212 3870 et
1226 3795 1336 3870 alium
1352 3818 1518 3870 errorem
1531 3817 1631 3870 com·

293 3915 482 4006 miserunt,
501 3924 689 3992 cessarunt
711 3917 808 3992 enim
836 3941 858 3992 a
881 3926 991 3992 cantu
1013 3917 1131 4016 Kyric
1152 3921 1295 4011 eleison,
1312 3927 1507 4019 antequam
1535 3925 1630 4019 Papa

292 4039 545 4115 incensaretur
567 4047 603 4117 et
628 4041 779 4118 sirculus
800 4065 866 4146 per
880 4031 1082 4119 cardinales
1101 4044 1206 4121 fieret
1221 4069 1343 4121 coram
1361 4049 1471 4144 Papa,
1494 4068 1538 4122 ex
1558 4067 1629 4143 quo

292 4166 390 4242 aliud
414 4165 625 4243 scandalum
655 4167 789 4259 evenit3
820 4191 904 4242 nam
934 4164 1127 4254 'cardinalis
1146 4170 1336 4246 celebrans
1358 4195 1441 4247 cum
1462 4179 1627 4246 cantores

291 4299 443 4367 acontu
469 4301 672 4384 cessarunt,
710 4315 784 4368 non
811 4301 1000 4394 expectato
1031 4319 1053 4369 a
1080 4319 1139 4370 me
1165 4295 1401 4390 avisamenta,
1433 4303 1625 4395 antequam

289 4417 426 4492 diceret
450 4417 494 4492 K
489 4442 568 4514 yrac
589 4419 730 4508 cleison,
749 4419 903 4494 cantavit
923 4418 1073 4493 Gloria
1060 4445 1097 4494 uz
1113 4423 1268 4498 eccelsia
1285 4427 1384 4522 Papa
1401 4422 1519 4497 noluit
1538 4443 1622 4496 can·

289 4539 365 4618 tare
378 4543 537 4641 primum
552 4543 635 4618 tlte
636 4545 709 4618 luia
716 4550 847 4644 ,prout
865 4545 983 4620 Sixtus
999 4547 1138 4622 solebat
1157 4547 1292 4639 lacere,
1311 4548 1375 4623 sed
1390 4547 1503 4622 voluit
1529 4546 1717 4645 quod

290 4665 478 4744 celebrans
491 4692 619 4745 omnes
632 4677 705 4744 tres
722 4678 885 4745 cantaret
890 4678 1019 4770 prout
1030 4672 1128 4748 lecit
1142 4675 1289 4748 lntravrt
1300 4681 1421 4750 tamen
1438 4673 1622 4749 sacristam
1716 4671 1717 4752 l

286 4794 389 4890 juxta
414 4795 525 4870 altare
545 4797 726 4894 majusll.
744 4796 986 4897 Hieronymus
1012 4799 1230 4898 Calagranus
1256 4801 1513 4890 subdiaconus,
1542 4821 1621 4874 cum

326 5015 401 5072 1....
412 5015 543 5073 «etmalo
555 5016 684 5117 quoniam
698 5015 726 5072 in
741 5015 852 5092 planeta
862 5033 925 5074 esse
937 5017 1064 5079 debuit.»
1064 5021 1159 5081 Catte
1169 5039 1322 5098 remarque,
1339 5024 1619 5082 vreisemblablcmeut

289 5097 323 5158 de
338 5099 371 5161 P
388 5101 422 5158 de
441 5103 560 5175 (tressis,
577 5107 624 5180 qui
640 5124 758 5191 marique
775 5108 845 5165 daus
859 5106 883 5164 le
902 5125 970 5165 mss.
987 5109 1067 5185 Cbigi
1082 5118 1108 5169 et
1122 5113 1147 5170 le
1157 5131 1226 5171 mss
1242 5115 1324 5186 5521,
1343 5121 1386 5172 est
1401 5113 1507 5172 donnte
1520 5129 1568 5190 pur
1581 5112 1619 5168 les
1716 5115 1717 5290 1

288 5197 381 5248 autres
403 5209 473 5250 mss.
