3424 6038
57 417 228 483 llllflelmfll
351 419 478 478 RERUM
501 420 729 479 URBANARUM
753 419 1016 480 COMMENTARII.
1298 417 1353 472 289

54 574 151 664 solito,
166 573 443 670 precedentibus
462 577 674 651 officialibus
697 577 733 650 iu
754 575 843 650 albis
863 583 900 650 et
918 598 1043 665 cruce,
1061 583 1095 648 et
1114 571 1353 648 cardinalibus

52 699 79 772 iu
91 697 201 797 cappis
212 721 254 774 ac
272 702 507 798 sequentibus
522 703 669 801 prelatis
685 701 851 776 similiter
865 700 903 774 iu
914 699 1052 798 cappis,
1069 698 1162 773 venit
1178 697 1223 771 ad
1238 696 1356 792 capel-

52 823 108 898 lam
122 825 290 923 majorem
307 826 442 924 palatii,
462 827 523 900 ubi
543 827 641 902 lacta
663 827 825 901 oratione
845 825 882 900 in
903 824 1117 914 faldistorio,
1137 822 1299 898 ascendit
1320 822 1355 894 iu

53 949 171 1022 solium.
189 951 313 1024 Rllmi.
328 955 402 1025 bb.
415 953 618 1028 cardinales
634 959 811 1029 venerunt
826 952 872 1026 ad
886 951 1136 1028 reverentiam.
1147 948 1270 1024 Ultimi
1285 949 1357 1022 duo

52 1073 183 1165 diaconi,
200 1075 367 1152 videlicet
381 1077 426 1152 de
443 1077 619 1153 Columna
639 1085 675 1154 et
695 1077 739 1154 de
764 1078 916 1170 Ursinis,
933 1078 1030 1152 facta
1045 1075 1257 1164 reverentia,
1277 1074 1360 1148 asti-

52 1205 151 1274 terunt
173 1201 336 1298 pontifici
357 1209 393 1278 at
418 1202 526 1300 primi
549 1203 759 1279 assistentes
783 1203 820 1277 in
839 1203 930 1278 locis
950 1203 1024 1276 suis
1050 1201 1213 1276 similiter
1235 1211 1271 1275 et
1297 1199 1356 1274 alii

50 1325 225 1401 cardinales
251 1349 379 1402 omnes
408 1333 626 1426 acceperunt
651 1335 875 1426 paramenta.
911 1329 1011 1402 ldem
1039 1328 1204 1403 lecerunt
1227 1325 1354 1424 prelati

50 1473 155 1526 omues
176 1459 277 1526 extra
297 1453 498 1528 cancellum
524 1453 676 1552 capelle,
699 1454 833 1553 paratis
857 1453 982 1552 primis
1007 1453 1256 1527 assistentibus
1279 1474 1355 1525 aar·

50 1574 217 1667 dinalibuS,
237 1576 424 1652 redierunt
444 1579 489 1652 ad
511 1578 753 1654 assistendum
778 1577 938 1676 pontifici
959 1587 995 1654 et
1013 1579 1119 1676 primi
1143 1579 1354 1652 assistentes

49 1699 76 1770 in
91 1699 171 1774 locis
196 1701 272 1775 suis
297 1700 463 1776 similiter
491 1711 527 1777 et
550 1703 609 1778 alii
634 1704 834 1780 cardinales
865 1729 992 1780 omnes
1017 1709 1233 1802 acceperunt
1256 1726 1358 1800 para-

49 1831 161 1900 menta.
193 1827 294 1902 ldcm
322 1828 489 1903 lecerunt
518 1829 647 1927 prelati
679 1851 806 1904 omnes
840 1835 939 1903 extra
974 1829 1175 1904 cancellum
1203 1827 1354 1924 capelle,

49 1953 159 2048 puratis
173 1952 300 2052 primis
314 1954 566 2030 assistentibus
582 1955 837 2046 cardinalibus,
855 1955 1038 2029 redierunt
1053 1955 1097 2028 ad
1113 1953 1355 2028 assistendum

48 2077 199 2172 pontifici,
224 2087 261 2153 el
287 2079 348 2153 alii
374 2080 445 2155 duo
470 2103 544 2156 non
565 2080 680 2180 parati
714 2082 852 2155 iverunt
876 2080 922 2154 ad
943 2080 1026 2156 loca
1050 2103 1115 2154 sua
1143 2079 1204 2154 ubi
1227 2085 1263 2155 et
1291 2077 1357 2176 ipsi

49 2212 235 2298 paramenta
255 2213 488 2304 acceperunt.
508 2205 683 2282 Omnibus
701 2205 848 2304 paratis,
872 2207 935 2280 SS.
955 2207 997 2278 D.
1016 2207 1059 2278 N.
1082 2213 1194 2295 stans,
1212 2203 1356 2280 detecto

49 2327 156 2424 capite,
183 2329 369 2404 benedixit
394 2331 561 2406 candelas
586 2331 622 2405 in
648 2331 779 2428 angulo
802 2331 846 2404 ad
867 2329 1048 2406 sinistram
1074 2355 1176 2404 suam
1196 2337 1353 2428 paratas,

49 2452 181 2544 proutin
194 2454 393 2529 ordinario.
411 2455 784 2553 Imposuitinceusum
798 2463 896 2530 stans
906 2456 982 2532 sine
996 2456 1115 2548 mitra,
1129 2457 1355 2531 ministrante

49 2575 224 2654 ruriculam
246 2577 960 2680 priorepresbyterorumcardinalium,
990 2581 1144 2680 aspersit
1173 2591 1208 2656 et
1235 2583 1357 2656 incen-

14 2767 15 2770 ,
51 2703 131 2794 savit,
146 2701 274 2781 deinde
292 2705 385 2781 aedit
404 2728 488 2780 cum
508 2707 615 2800 mitra
638 2713 675 2780 et
694 2706 1009 2781 vicecancellarius
1029 2713 1113 2782 ante
1134 2731 1217 2782 eum
1240 2729 1357 2804 genu-

51 2827 144 2903 lexus
157 2831 215 2928 qui
226 2839 350 2908 tamen
367 2841 464 2908 stare
479 2831 636 2907 debebat
650 2831 749 2906 dedit
763 2835 859 2929 Pape
869 2838 942 2905 tres
956 2855 1095 2922 cereos,
1107 2832 1357 2944 duosmagnnos

50 2958 77 3026 ct
88 2978 187 3030 unum
201 2981 369 3056 parvum.
389 2961 488 3032 [tuos
504 2981 632 3056 parvos
648 2960 745 3054 Papa
764 2955 862 3030 dedit
882 2956 968 3030 olim
984 2956 1064 3031 duci
1081 2959 1171 3032 Sore
1186 2982 1207 3031 a
1223 2956 1357 3030 dextris

50 3079 108 3152 suis
121 3089 154 3157 et
166 3084 298 3182 majori
320 3092 408 3158 natu
429 3083 503 3157 lilio
524 3081 695 3180 principis
718 3081 903 3178 Bisignani
925 3105 947 3155 a
967 3081 1118 3155 sinistris
1141 3081 1213 3154 suis
1233 3088 1361 3154 lenen-

51 3201 118 3294 dos;
143 3211 215 3282 tum
236 3208 412 3306 pontifex,
435 3215 586 3306 accepto
606 3207 762 3304 pluviali,
788 3206 967 3282 distribuit
995 3229 1122 3282 cereos
1147 3229 1248 3281 mora
1271 3229 1360 3281 con·

52 3337 144 3421 sueto;
161 3334 294 3431 primo,
315 3333 626 3426 vicecancellario,
654 3333 785 3410 deindo
803 3335 882 3409 aliis
902 3335 1108 3409 cantoribus
1130 3335 1356 3410 cantantibus

52 3449 165 3530 lrcmcn
177 3457 224 3532 ad
233 3459 495 3533 renotationem.
518 3460 655 3534 Deinde
677 3460 773 3534 lacta
787 3466 842 3534 est
856 3460 1041 3557 processio
1057 3482 1170 3556 usque
1184 3460 1230 3534 ad
1244 3483 1356 3558 angu-

52 3574 109 3652 lun
127 3582 201 3658 aule
222 3605 357 3682 magne
380 3584 441 3660 ubi
466 3589 563 3684 Papa
588 3585 633 3662 de
657 3585 754 3660 lobia
776 3585 929 3683 projecit
950 3585 1083 3683 populo
1110 3586 1292 3677 candelas,
1319 3591 1357 3661 et

53 3724 189 3782 reversus
210 3718 268 3786 est
288 3710 335 3784 ad
351 3709 485 3786 dictam
508 3711 684 3810 capellam
705 3711 1022 3809 processionaliter
1049 3710 1115 3785 sub
1139 3711 1355 3786 baldachino

52 3831 129 3922 quod
141 3843 324 3930 portarunt
340 3843 503 3912 oratores
523 3861 530 3911 :
549 3843 633 3914 ante
652 3836 774 3910 altaris
790 3835 936 3933 gradus,
955 3839 1065 3934 Papa,
1083 3835 1239 3909 dimissis
1254 3857 1357 3933 para-

53 3957 160 4032 mentis
182 3961 305 4047 rubeis
330 3961 578 4060 simplicibus,
596 3962 736 4060 accepit
764 3961 844 4035 alba
873 3960 1032 4059 pretiosa
1061 3985 1069 4035 :
1100 3961 1186 4036 lecit
1217 3960 1357 4036 nonies-

54 4079 180 4159 siouom.
196 4087 345 4163 Missam
364 4087 563 4162 celebravit
580 4086 771 4162 cardinalis
792 4111 820 4159 s.
844 4087 1052 4180 Clementis,
1071 4087 1129 4162 cui
1148 4092 1243 4184 Papa
1258 4085 1356 4160 dedit

54 4203 125 4282 duos
150 4233 273 4287 cereos
297 4211 370 4286 :ad
394 4211 621 4309 evangelium
653 4215 761 4310 Papa,
796 4209 984 4284 celebrans
1018 4218 1055 4285 et
1083 4211 1283 4285 cardinales
1312 4233 1354 4284 ac

54 4329 158 4422 prelati
184 4358 311 4412 omncs
338 4342 532 4411 tenuerunt
564 4359 692 4412 cereos
720 4360 806 4410 suos
833 4359 1008 4412 accensos
1031 4359 1144 4434 usque
1170 4336 1216 4410 ad
1242 4336 1353 4411 finem

55 4448 144 4546 illius;
158 4460 286 4538 deinde
301 4460 537 4537 restituerunt
551 4459 780 4536 servitoribus
798 4459 1012 4552 cardinales
1030 4460 1157 4558 prelati
1170 4484 1253 4534 vero
1269 4483 1352 4532 suos

56 4581 258 4662 extinxerunt
285 4613 293 4662 :
318 4587 364 4662 ad
389 4587 641 4680 elevationem,
670 4592 766 4686 Papa
798 4593 835 4662 et
859 4609 985 4660 omues
1007 4587 1174 4684 predicti,
1201 4592 1353 4683 excepto

56 4703 249 4806 celebrante,
267 4735 443 4789 accensos
458 4735 585 4790 cereos
602 4718 794 4788 tenuerunt
816 4717 851 4785 et
865 4709 992 4784 ardere
1013 4700 1225 4786 dimiserunt
1239 4733 1354 4807 usque

56 4836 433 4919 postcommunionem.
453 4837 532 4912 Alia
552 4837 675 4914 omnia
693 4837 882 4913 observata
904 4841 988 4910 sunt
1012 4859 1114 4910 more
1134 4835 1251 4912 solitu.
1276 4837 1355 4909 Non

57 4949 241 5038 luitsermo.
1290 4983 1292 4986 ·

96 5081 282 5182 dominica,
325 5093 345 5166 3
373 5087 558 5182 februarii,
594 5088 819 5188 magnificius
852 5092 895 5164 b.
924 5086 1055 5165 Paulus
1060 5141 1134 5164 .....
1161 5092 1198 5162 et
1233 5083 1356 5176 miles,

173 5249 197 5290 p,
216 5253 235 5290 1.
971 5288 977 5297 ,
1183 5231 1216 5287 19
