3600 6094
322 507 356 562 ar
780 501 955 560 Jouuruus
980 499 1202 569 nuncuaunr,
1495 501 1576 566 [nour
1592 502 1660 566 arar]

324 663 528 755 assumptus
556 658 594 731 in
622 681 803 732 summum
833 653 1044 754 pontificem
1077 654 1254 752 premissa
1288 655 1411 729 omnia
1446 660 1483 729 et
1520 655 1663 752 singula

322 784 508 883 promitto,
533 807 644 858 voveo
672 790 708 858 et
732 786 813 882 juro
846 784 1038 856 observare
1065 787 1101 856 et
1128 781 1326 880 adimplere
1358 783 1394 856 in
1426 781 1598 856 omnibus
1628 789 1663 856 et

321 936 388 1008 per
416 909 537 983 omnia
568 935 656 1007 pure
693 916 729 984 et
763 908 974 1006 simpliciter
1009 912 1046 980 et
1077 907 1175 980 bona
1206 905 1296 998 fide,
1328 905 1475 980 realiter
1507 912 1545 980 et
1577 929 1661 980 cum

325 1033 455 1107 effectu
478 1033 543 1106 sub
565 1055 659 1130 pena
677 1031 826 1130 perjurii
847 1031 1155 1123 et'anathematis,
1178 1033 1347 1128 aquibus
1369 1057 1438 1106 nac
1459 1057 1519 1106 me
1540 1033 1660 1129 ipsum

324 1158 506 1232 absolvam
528 1181 596 1232 nec
618 1157 753 1231 absolvi
777 1158 884 1231 alicui
909 1158 1144 1233 committam.
1173 1161 1225 1231 lta
1248 1181 1306 1232 me
1330 1162 1427 1234 Beus
1452 1159 1601 1256 adjuvet
1627 1163 1662 1230 et

324 1285 393 1359 hec
409 1291 534 1358 sancta
548 1284 615 1358 Bei
630 1284 827 1381 evangelia.
849 1313 866 1351 o
950 1331 953 1340 .

220 1437 228 1449 ·
372 1411 448 1505 Ego
471 1409 669 1484 Bodem'cus
693 1409 884 1507 episcopus
914 1410 1123 1485 portuensis
1150 1409 1467 1485 vicecancellarius
1495 1411 1661 1508 predicta

324 1533 446 1610 omnia
465 1533 629 1632 promisi,
652 1533 731 1608 vovi
750 1557 793 1608 ac
808 1535 938 1633 juravi,
958 1542 995 1610 et
1013 1537 1058 1610 ad
1077 1535 1187 1610 fidem
1207 1559 1315 1612 mauu
1335 1536 1481 1636 propria
1495 1559 1554 1612 me
1572 1536 1661 1610 sub·

324 1683 465 1756 scrrpsr.

373 1787 449 1881 Ego
487 1783 661 1858 Oliverius
699 1783 891 1884 episcopus
927 1785 1135 1861 Sabinensis
1173 1785 1365 1861 cardinalis
1400 1787 1660 1886 Neapolitanus

326 1913 549 2013 predicta...
1253 1983 1256 1988 ,

373 2045 449 2138 Ego
465 2043 606 2112 Marcus
622 2034 812 2132 episcopus
828 2033 1073 2125 Prenestinus,
1093 2036 1284 2110 cardinalis
1299 2061 1330 2109 s.
1344 2036 1468 2127 Marci,
1483 2043 1554 2110 etc.
1607 2057 1610 2063 “

373 2169 448 2262 Ego
476 2164 636 2238 Julianus
665 2161 855 2260 episcopus
880 2161 1068 2252 Ostiensis,
1093 2162 1284 2236 cardinalis
1315 2187 1345 2235 s.
1370 2163 1467 2236 Petri
1495 2165 1538 2237 ad
1566 2163 1658 2241 Vin-

326 2292 469 2382 cula,...

373 2422 448 2513 Ego
482 2413 641 2512 Baptista
671 2412 862 2512 episcopus
899 2415 1133 2504 Tusculanus,
1172 2413 1364 2488 cardinalis
1398 2437 1428 2487 s.
1469 2414 1585 2488 Marie
1624 2415 1656 2486 in

325 2541 532 2631 Portica...

374 2671 450 2763 Ego
466 2665 670 2762 Stephanus
686 2665 877 2740 cardinalis
892 2641 1233 2754 Mediolanensis,...

373 2797 448 2889 Ego
463 2796 480 2865 J
484 2792 646 2864 ohannes
662 2788 853 2862 cardinalis
869 2787 1158 2879 Novaniensis,...

374 2921 449 3014 Ego
464 2917 648 2990 Johannes
663 2915 823 3013 Baptista
836 2913 1028 2988 cardinalis
1043 2904 1316 3004 MellitensiS,...

372 3049 447 3142 Ego
477 3041 694 3116 Philibertus
719 3039 810 3113 tituli
840 3045 1049 3113 sanctorum
1076 3039 1250 3128 Johannis
1274 3045 1310 3114 et
1338 3039 1438 3114 Pauli
1468 3041 1661 3140 presbyter

324 3169 515 3246 cardinalis
531 3167 868 3260 Matisconeusis,...

372 3302 447 3394 Ego
464 3296 646 3369 Johannes
662 3293 854 3368 cardinalis
871 3319 900 3367 s.
918 3293 1108 3391 Angeli,...

368 3427 443 3520 Ego
460 3419 635 3516 Georgius
651 3417 842 3492 cardinalis
858 3416 1172 3506 Ulixbonensis,...

372 3553 448 3644 Ego
465 3546 704 3643 Hieronymus
721 3543 912 3618 cardinalis
928 3541 1271 3631 Bechanutensis,...

370 3679 445 3771 Ego
460 3669 604 3746 Gabriel
619 3669 810 3743 cardinalis
824 3669 1072 3767 agriensis...

377 3805 452 3898 Ego
468 3795 678 3872 Bominicus
694 3795 929 3869 cardinalias.
948 3794 1205 3884 Clementia...

372 3930 447 4024 Ego
463 3925 645 3998 Johannes
659 3919 849 3996 cardinalis
864 3923 908 3995 de
924 3922 1165 4019 Aragonia,...

370 4057 445 4149 Ego
461 4051 643 4125 Johannes
658 4048 847 4123 cardinalis
863 4049 907 4121 de
924 4049 1183 4133 comitibus...

369 4181 444 4275 Ego
460 4177 642 4251 Johannes
658 4174 848 4248 cardinalis
863 4173 1168 4262 Gerundensis‚...

366 4307 442 4400 Ego
457 4302 641 4376 Johannes
657 4299 814 4375 lacobus
830 4299 1020 4373 cardinalis
1036 4297 1270 4388 Parmensis„
1280 4353 1303 4370 ..

370 4433 446 4526 Ego
462 4425 675 4502 Franciscus
691 4425 882 4499 cardinalis
898 4425 1130 4516 Senensis...

367 4559 442 4656 Ego
459 4552 618 4650 Baphael
633 4551 823 4626 cardinalis
839 4575 868 4624 s.
887 4551 1043 4649 Georgii,
1061 4547 1341 4638 camerarius...

370 4681 445 4774 Ego
460 4682 477 4750 J
482 4679 644 4750 ohannes
659 4677 819 4774 Baptista
833 4677 1023 4752 cardinalis
1038 4677 1083 4750 de
1104 4672 1316 4763 Sabellis...

370 4806 446 4898 Ego
462 4803 645 4878 Johannes
659 4804 849 4878 cardinalis
865 4805 909 4878 de
926 4805 1159 4894 Columna...

369 4932 445 5024 Ego
461 4926 643 5002 Johannes
654 4929 814 5027 Baptista
829 4928 1020 5002 cardinalis
1035 4929 1079 5001 de
1097 4926 1296 5016 Ursinis...

370 5057 446 5150 Ego
461 5051 637 5125 Ascanius
651 5053 776 5145 Maria,
795 5053 986 5128 cardinalis
1002 5053 1145 5142 Stortia,
1162 5053 1428 5142 vicecomes...

365 5176 527 5268 Interim,
551 5177 715 5276 dumjhis
738 5179 864 5252 diebus
888 5177 1043 5275 capitula
1070 5201 1136 5276 per
1157 5181 1311 5252 BBmos.
1343 5182 1418 5252 BD.
1452 5177 1651 5252 cardinales
