3424 6038
75 470 203 538 tutatuta]
390 465 516 531 RERUM
539 471 767 530 URBANARUM
791 472 1054 532 COMMENTARII.
1336 481 1389 536 307

73 626 242 700 latitante
257 627 404 716 ostium,
421 627 608 703 descendit
627 630 671 704 de
691 651 798 726 equo,
817 636 853 702 et
866 628 1009 702 intravit
1026 629 1072 702 ad
1087 629 1235 703 domum
1251 633 1386 728 absque

71 751 218 848 eoquod
236 751 470 826 cardinalium
486 753 643 851 aliquem
664 753 872 852 inspiceret.
894 753 1101 830 cardinales
1117 755 1248 831 deinde
1269 782 1389 832 reces-

71 883 185 950 serunt
215 884 251 951 et
281 878 409 952 domos
440 877 638 954 redierunt.
679 881 788 956 Venit
820 885 944 954 autem
972 881 1041 956 bec
1077 881 1203 980 regina
1235 887 1388 958 Romam
1453 859 1460 868 ⁵

69 999 361 1098 peregrinationis
387 1027 513 1096 causa,
552 1003 682 1080 deinde
716 1005 949 1102 sepulchrum
973 1007 1166 1081 Salvatoris
1205 1009 1318 1082 nostri
1352 1009 1388 1082 in

70 1123 287 1200 Hierusalem
304 1125 500 1200 visitatura.

110 1255 195 1326 Cum
211 1259 333 1327 autem
349 1252 489 1350 pridem
503 1253 758 1344 intellexerim,
780 1254 816 1327 in
834 1256 1049 1331 consistorio
1070 1257 1281 1332 conclusum
1304 1282 1385 1334 esse

68 1377 153 1472 quod
177 1377 305 1474 regina
322 1379 391 1454 hec
414 1378 526 1476 recipi
546 1379 696 1453 deberet
716 1379 912 1454 eohonore
937 1405 1009 1478 quo
1024 1383 1111 1457 alias
1130 1383 1198 1458 luit
1217 1391 1385 1482 recepta;

67 1503 230 1599 proposui
244 1503 315 1578 hec
332 1509 395 1580 SS.
414 1508 456 1593 b,
480 1508 540 1596 N.,
563 1528 647 1580 cum
663 1505 756 1601 apud
775 1529 806 1578 s.
827 1511 988 1581 Marcum
1011 1515 1119 1598 esset,
1143 1533 1211 1605 que
1228 1509 1313 1584 huic
1336 1510 1388 1584 rei

67 1625 251 1701 convenire
270 1627 496 1719 ridebantur,
524 1628 590 1703 sub
622 1629 680 1704 his
707 1631 851 1705 verbis:
873 1663 889 1700 «
917 1633 1132 1707 Beatissime
1156 1633 1284 1732 pater,'
1300 1635 1387 1708 alias

68 1753 237 1826 Sanctitas
251 1759 372 1827 restra
385 1754 566 1828 mandavit
581 1755 727 1830 domino
745 1757 915 1854 episcopo
928 1757 1092 1831 Pientino
1109 1765 1148 1832 ut
1163 1759 1387 1834 ceremonias

67 1874 97 1946 in
110 1876 245 1950 bonum
261 1878 427 1952 ordinem
444 1881 646 1972 reduceret,
668 1881 705 1954 in
722 1905 763 1954 cu
767 1884 825 1980 jus
838 1882 1052 1957 reductione
1069 1885 1249 1981 reperitur
1263 1909 1387 1982 regem

66 2007 95 2073 et
111 2001 361 2100 reginampari
383 2003 524 2078 honore
547 2003 658 2102 recipi
680 2005 827 2080 debere.
858 2009 925 2080 Pro
951 2007 1106 2082 adventu
1131 2009 1255 2108 regine
1278 2009 1387 2084 Dacia

65 2123 216 2200 intellexi
252 2128 458 2202 ordinatum
495 2130 592 2225 quod
627 2131 821 2228 recipiatur
860 2155 904 2206 eo
941 2133 1067 2208 ordine
1102 2157 1173 2229 quo
1202 2135 1290 2208 alias
1323 2135 1404 2208 luit.

66 2261 220 2350 recepta;
242 2253 308 2327 fuit
330 2260 450 2328 antem
474 2261 560 2329 tunc
585 2279 605 2329 a
624 2255 769 2329 RRmis.
791 2261 868 2330 Μ).
893 2257 1134 2331 cardinalibus
1155 2259 1389 2356 collegialiter
1467 2313 1470 2318 -

67 2383 159 2452 extra
172 2383 313 2477 portam
330 2379 435 2452 Urbis
451 2383 650 2477 expectata,
678 2387 714 2454 et
737 2380 867 2455 deinde
892 2383 936 2455 ad
960 2381 1054 2456 bone
1077 2384 1251 2458 memorie
1270 2385 1388 2458 cardi-

68 2501 149 2575 nalis
161 2503 346 2577 Mantuani
362 2503 509 2580 domum
533 2505 628 2602 apud
650 2529 759 2602 quem
778 2505 961 2603 hospitata
980 2515 1048 2599 est,
1071 2507 1268 2599 associata3
1291 2508 1387 2606 quod

70 2627 180 2718 statui,
202 2629 332 2704 honori
354 2635 389 2703 et
407 2629 571 2726 dignitati
586 2631 729 2728 collegii
745 2631 980 2706 cardinalium
994 2657 1179 2729 uunquam
1196 2635 1387 2708 convenire

71 2749 211 2845 ridetur,
233 2755 297 2829 sed
321 2755 439 2852 polius
460 2755 568 2852 quod,
596 2762 786 2853 postquam
810 2781 831 2830 a
852 2757 1006 2855 collegio
1031 2766 1177 2855 recepta
1199 2759 1267 2832 luit
1288 2768 1389 2834 extra

69 2885 211 2970 portam,
229 2877 429 2954 associetur
441 2881 485 2954 ab
501 2881 580 2978 ipso
596 2880 641 2954 ad
650 2881 822 2978 palatium
833 2881 1070 2978 apostolicum
1085 2882 1131 2956 ad
1146 2889 1252 2980 caput
1268 2909 1384 2975 suum,
1429 2929 1431 2934 ·

71 3005 154 3097 quod
170 3012 223 3080 est
247 3006 426 3080 Sanctitas
452 3011 586 3097 vestra,
612 3013 649 3079 et
664 3005 784 3080 locum
811 3005 865 3078 sui
890 3007 1049 3104 collegii3
1076 3014 1110 3080 et
1126 3007 1386 3105 quiaperegri-

71 3128 213 3204 nationis
233 3153 343 3203 causa
366 3129 471 3220 venit,
493 3130 610 3227 ipsam
627 3130 726 3228 prius
747 3129 793 3204 ad
813 3129 1002 3204 ecclesiam
1025 3129 1171 3220 ducere,
1196 3129 1325 3203 deinde
1341 3129 1387 3203 ad

73 3253 292 3328 Sanctitatem
318 3261 487 3346 vestram,
515 3261 620 3353 prout
643 3255 680 3328 in
708 3279 803 3330 novo
829 3253 1061 3331 ceremoniali
1080 3259 1135 3328 est
1162 3254 1379 3346 ordinatum,

71 3373 195 3453 ridetur
210 3380 261 3454 rei
275 3379 411 3478 optime
431 3381 642 3470 convenire;
666 3403 708 3454 ac
727 3381 821 3454 volui
844 3381 1029 3457 Sanctitati
1048 3386 1180 3472 vestre,
1201 3386 1386 3478 tamquam

71 3504 345 3578 ceremoniarum
373 3503 551 3596 minister,
582 3505 830 3604 proposuisse,
860 3513 896 3580 ut
932 3507 992 3582 illa
1029 3529 1098 3602 que
1128 3505 1208 3579 fieri
1234 3507 1387 3581 voluerit

73 3629 215 3705 mandet.
236 3661 253 3698 u

112 3757 172 3834 SS.
193 3763 236 3832 D.
255 3762 315 3851 N.,
338 3759 462 3834 habito
485 3783 567 3834 cum
596 3759 775 3856 aliquibus
800 3783 844 3834 ex
866 3757 1010 3832 RRmis.
1041 3761 1116 3834 DD.
1145 3757 1386 3834 cardinalibus

72 3879 218 3973 consilio,
236 3881 326 3954 mihi
346 3883 531 3981 respondit
551 3883 667 3980 ipsam
688 3881 850 3980 reginam
869 3889 970 3956 extra
990 3893 1132 3981 portam
1149 3885 1254 3960 Urbis
1270 3910 1291 3959 a
1306 3909 1386 3959 car-

73 3999 230 4078 dinabbus
250 4005 414 4104 recipiet
435 4007 481 4082 ad
496 4007 643 4082 domum
661 4014 798 4082 tanturn
814 4008 985 4082 associari
1001 4009 1153 4101 debere;
1182 4009 1279 4108 quod
1299 4011 1388 4082 dixit

73 4127 388 4224 adpersuasionem
404 4133 596 4208 cardinalis
614 4159 644 4207 s.
670 4133 781 4207 blarci
800 4133 859 4229 qui
884 4134 1038 4208 asseruit
1065 4135 1161 4208 lllus.
1183 4139 1386 4210 Leonoram

74 4257 277 4333 serenissimi
297 4258 526 4358 imperatoris
548 4259 663 4333 nostri
687 4257 868 4333 Frederici
890 4258 985 4332 tertii
1008 4261 1217 4358 conjugem,
1236 4284 1318 4335 cum
1343 4259 1388 4333 ad

75 4379 190 4456 urben
208 4383 380 4476 venisset,
406 4407 450 4459 eo
474 4383 600 4459 ordine
620 4381 732 4457 luisse
757 4388 959 4479 receptam3
985 4382 1049 4456 sed
1064 4383 1158 4458 male
1178 4383 1277 4474 dixit,
1304 4383 1386 4480 quia

74 4506 184 4582 eadem
199 4508 501 4607 imperatrixcum
517 4509 735 4606 imperatore
753 4507 847 4582 venit
863 4512 996 4581 etcum
1014 4531 1058 4581 eo
1077 4513 1224 4606 recepta
1242 4508 1307 4582 luit
1323 4508 1383 4580 illo

74 4627 208 4727 bonore,
225 4643 331 4733 prout
346 4635 383 4708 in
397 4633 630 4710 ceremoniali
644 4634 844 4708 ordinatur.

113 4761 208 4836 Feria
232 4761 370 4858 quinta,
403 4767 417 4833 l
444 4762 542 4851 maii,
569 4762 700 4835 lestum
725 4757 973 4858 apostolorum
998 4758 1152 4856 Philippi
1179 4765 1215 4831 et
1244 4757 1383 4847 Jacobi,

77 4883 183 4957 llllmi.
214 4887 290 4958 DI).
325 4885 524 4960 cardinales
552 4885 882 4973 vicecancellarius,
906 4908 935 4955 s.
959 4883 1084 4973 Marci,
1102 4883 1385 4980 Andagarensis,

76 5008 348 5100 llediolanensis,
371 5035 401 5084 s.
423 5011 564 5109 Angeli,
588 5009 853 5102 Ulixbonensis,
877 5010 1173 5100 Rechanatensis,
1196 5010 1240 5084 de
1264 5009 1384 5084 Comi-

78 5127 167 5220 tibus,
207 5133 424 5224 Parmensis,
459 5135 643 5226 Senensis,
677 5137 721 5210 de
751 5139 863 5228 Fuxo,
896 5135 1128 5227 camerarius,
1162 5133 1313 5209 Sabellis
1348 5138 1384 5207 et
