3424 6038
300 493 354 548 aaa
759 482 934 540 Jouluurs
959 482 1181 556 concessor,
1292 486 1300 502 ·
1491 487 1553 553 ruer
1569 488 1633 552 urci

302 645 435 733 bireta;
454 642 527 716 dux
542 639 652 715 etiam
677 638 812 737 pileum
837 638 1017 736 deposuit,
1043 665 1117 716 non
1140 640 1297 716 biretum
1319 640 1633 739 devellutouigrc

304 769 400 867 quod
414 766 620 844 habebatin
636 765 771 863 capite;
791 765 889 860 quod
904 787 987 840 eum
1000 789 1083 842 cum
1097 791 1274 865 reponere
1287 767 1470 866 juberem,
1487 791 1634 864 respon-

304 896 355 969 dit
371 895 406 968 id
429 895 548 968 lacere
573 916 646 966 non
671 915 807 990 posse:
827 918 871 968 ex
900 917 970 990 quo
994 893 1196 967 cardinales
1225 915 1291 966 sua
1318 893 1436 966 bireta
1459 915 1635 990 reponere

304 1020 390 1111 ieci;
404 1019 456 1094 sic
471 1019 580 1093 etiam
596 1016 812 1110 cardinales,
830 1019 954 1093 biretis
973 1019 1150 1116 cooperti,
1175 1019 1303 1093 ducem
1325 1018 1370 1092 sd
1384 1017 1459 1092 oris
1472 1019 1635 1094 osculum
1701 1045 1702 1120 j

305 1150 533 1242 receperunt.
552 1147 656 1234 Tum,
677 1144 845 1218 omnibus
866 1143 979 1218 tribus
1001 1144 1078 1218 sinc
1098 1143 1271 1244 cappellis
1292 1142 1485 1234 stantibus,
1514 1147 1633 1220 Rmus.

307 1274 348 1344 l).
377 1268 568 1343 cardinalis
591 1293 620 1341 s.
645 1268 773 1365 Angeli
798 1268 988 1365 explicavit
1011 1292 1050 1343 se
1069 1292 1091 1344 a
1110 1267 1265 1366 collegio
1287 1267 1440 1342 missum
1466 1292 1552 1342 esse
1576 1293 1636 1365 pro

308 1396 516 1493 receptione
545 1393 725 1485 videlicet,
755 1394 876 1470 italico
910 1418 1079 1469 sermone
1109 1395 1277 1492 loquens.
1307 1400 1388 1474 Dux
1416 1395 1637 1470 brevissimis
1701 1401 1702 1416 ³

305 1517 422 1594 verbis
438 1517 567 1592 eodem
583 1540 752 1593 sermono
768 1517 995 1614 ipsisgratias
1007 1519 1180 1618 egit3quo
1191 1521 1302 1613 lacto,
1316 1545 1354 1596 se
1366 1521 1634 1618 cooperientes,
1701 1529 1702 1618 l

306 1641 465 1716 medium
486 1643 617 1717 ducem
641 1651 856 1740 receperunt
876 1648 912 1716 et
937 1667 1052 1740 usque
1081 1647 1126 1719 ad
1155 1646 1328 1744 palatium
1351 1644 1634 1720 associaverunt.
1701 1629 1702 1688 ἶ

307 1766 609 1864 Arcbiepiscopus
638 1789 720 1840 vero
747 1770 1021 1841 Beneventanus
1046 1775 1081 1842 et
1106 1769 1297 1868 episcopus
1318 1767 1559 1844 dertonensis
1583 1767 1636 1863 qui

307 1891 477 1966 continuo
494 1914 606 1988 usque
622 1891 668 1964 ad
681 1897 824 1990 portam
843 1893 963 1990 palatii
988 1895 1255 1970 associaverunt
1278 1895 1409 1970 ducem
1425 1901 1462 1969 et
1475 1894 1637 1970 medium
1701 1955 1702 1964 ,

307 2024 510 2110 tenuerant,
529 2023 827 2111 retrocesserunt,
855 2025 891 2094 et
912 2019 1086 2117 depositis
1102 2023 1281 2096 mantellis
1297 2029 1333 2096 et
1350 2019 1528 2118 cappellis
1542 2020 1639 2092 itiue·

306 2141 453 2234 ralibus,
477 2151 698 2241 acceperunt
723 2145 886 2218 habitum
909 2145 1171 2223 condecentem
1196 2156 1231 2224 et
1260 2149 1295 2222 iu
1326 2147 1400 2222 suis
1427 2147 1521 2222 locis
1550 2147 1640 2220 iuter
1701 2173 1702 2202 r

306 2268 395 2343 alios
410 2268 567 2366 prelatos
581 2269 707 2344 Palatii
722 2271 941 2367 equitarunt.

353 2394 528 2470 Venimus
548 2401 670 2470 autem
694 2397 740 2470 ad
759 2397 931 2494 palatium
955 2400 1157 2496 equitantes
1177 2424 1201 2474 a
1218 2407 1451 2498 portansque
1466 2400 1639 2474 adeccle-
1701 2421 1702 2492 t

306 2519 397 2595 siam
421 2521 526 2595 beate
553 2521 664 2595 Marie
688 2522 726 2595 iu
749 2523 816 2599 Via
839 2523 913 2597 lata
938 2532 1038 2600 recta
1054 2527 1111 2598 via
1134 2549 1201 2622 per
1221 2532 1369 2623 pontem
1390 2549 1419 2596 s.
1440 2525 1572 2622 angeli
1597 2525 1638 2596 asl

306 2645 480 2743 palatium
494 2646 565 2720 hoc
582 2646 708 2722 ordine
727 2675 734 2720 :
753 2647 869 2746 primo
885 2649 1022 2724 familie
1038 2651 1274 2725 cardinalium
1289 2657 1325 2724 et
1340 2649 1547 2738 curialium,
1566 2658 1636 2722 turo

307 2771 443 2846 familia
468 2771 583 2861 ducis,
618 2777 702 2870 post
732 2773 811 2846 illas
846 2774 1008 2848 scutiferi
1044 2779 1154 2874 Papa,
1183 2775 1315 2852 deinde
1345 2775 1466 2872 plures
1498 2775 1636 2849 nobiles

307 2902 507 2994 magnates,
540 2919 631 2991 quos
655 2896 726 2970 dux
756 2897 801 2972 de
832 2899 904 2972 suis
933 2900 1105 2990 babebat,
1133 2901 1298 2976 videlicet
1331 2901 1498 2975 Albertus
1529 2901 1638 2974 irater

307 3021 616 3110 auca-naturus,
644 3025 687 3094 u.
715 3023 879 3120 corrigit,
907 3027 949 3096 n.
975 3024 1019 3098 ue
1045 3027 1163 3122 carpi,
1188 3030 1230 3099 u.
1254 3025 1475 3124 rueopuuus
1498 3049 1633 3114 comes,

308 3153 436 3224 Comes
449 3151 606 3223 loannes
622 3146 665 3220 de
683 3149 820 3244 Rujano
843 3156 879 3220 et
898 3149 1018 3246 plures
1043 3150 1117 3242 alii,
1139 3157 1279 3224 etcum
1302 3150 1355 3224 eis
1378 3157 1542 3225 oratores
1558 3151 1634 3226 laici

307 3295 448 3370 regum,
479 3272 766 3346 Frauceecbinus
789 3273 876 3346 Cibo
902 3297 1016 3372 nepos
1042 3279 1151 3373 Pape,
1178 3299 1223 3349 ex
1248 3276 1358 3351 tratre
1384 3277 1520 3350 sororis
1544 3281 1634 3373 Papa
1701 3259 1702 3306 ³

306 3404 426 3488 uatus,
457 3403 616 3488 senator,
643 3420 769 3472 comes
799 3399 960 3474 Teudille
990 3407 1027 3473 et
1050 3423 1177 3475 omues
1206 3409 1412 3500 magnatem
1440 3403 1633 3475 servientes
1701 3375 1702 3458 i

306 3545 503 3612 armorum,
521 3519 722 3596 cardinales
739 3545 822 3593 cum
836 3521 942 3612 duce,
961 3524 1181 3619 guberuator
1193 3526 1297 3598 Urbis
1312 3549 1395 3599 cum
1412 3524 1484 3598 alio
1500 3525 1632 3622 prelato
1701 3555 1702 3642 p

306 3647 441 3747 palatii,
471 3645 765 3744 archiepiscopus
790 3649 1064 3722 Beneventanus
1089 3673 1170 3723 cum
1196 3651 1265 3723 alio
1297 3650 1436 3748 prelato
1461 3650 1593 3746 palatii,
1614 3672 1633 3719 a
1701 3657 1702 3742 ζ

307 3771 460 3846 sinistris
488 3770 627 3844 babens
654 3795 771 3856 unum,
790 3771 969 3868 prelatum
1003 3782 1186 3849 oratorem
1224 3801 1232 3849 :
1265 3775 1317 3848 sic
1342 3775 1529 3874 deincepS,
1558 3779 1632 3873 post
1701 3781 1702 3842 ζ

306 3896 465 3996 prelatos
478 3901 652 3987 oratores,
671 3897 741 3970 iter
757 3897 1015 3972 continuarunt
1030 3899 1158 3996 prelati
1173 3899 1294 3996 palatii
1311 3899 1387 3972 birri
1400 3907 1436 3974 et
1451 3900 1539 3990 bini,
1556 3907 1630 3999 post
1701 3933 1702 4002 ,

307 4021 387 4096 illos
407 4019 683 4118 archiepiscopi,
719 4019 894 4118 episcopi,
924 4022 1175 4118 protonotarii,
1196 4021 1344 4096 abbates
1369 4023 1575 4098 cubicularii
1599 4029 1631 4096 et
1701 4011 1702 4096 l

306 4147 366 4222 elii
383 4146 494 4244 togati
506 4151 667 4220 oratores
679 4144 759 4220 laici
772 4151 809 4220 et
819 4145 958 4236 clerici;
974 4146 1102 4245 prelati
1112 4147 1409 4243 equitaruntante
1421 4148 1627 4236 cardinales,
1701 4153 1702 4242 t

307 4279 346 4346 ut
361 4270 650 4370 supradiximus.
802 4255 804 4258 ⁵
1701 4271 1702 4280 ³

357 4402 433 4473 Hoc
452 4398 577 4473 ordine
592 4399 825 4495 pervenimus
842 4399 888 4472 ad
899 4399 1072 4496 palatium
1088 4421 1202 4494 usque
1215 4397 1261 4470 ad
1275 4422 1422 4495 parram
1436 4399 1628 4496 cappellam
1701 4395 1702 4398 ’

305 4526 406 4620 juxta
421 4545 602 4597 cameram
616 4524 816 4620 paramenti
832 4525 892 4596 ubi
909 4524 1188 4622 expectavimus.
1204 4525 1351 4598 Interim
1375 4527 1440 4599 SS.
1457 4530 1502 4599 n.
1517 4528 1559 4598 u.
1575 4523 1627 4620 qui

304 4649 342 4722 in
367 4649 448 4724 aula
472 4649 649 4745 lugierum
670 4673 778 4746 supra
806 4657 947 4746 portem
976 4650 1098 4747 palatii
1127 4674 1212 4722 cum
1240 4649 1485 4723 cardinalibus
1509 4651 1625 4724 ducem

306 4774 672 4866 venientemvideret,
700 4775 795 4849 venit
814 4799 880 4873 per
898 4776 1044 4848 hortum
1066 4775 1111 4848 ad
1136 4797 1319 4848 cameram
1342 4777 1541 4872 paramenti
1553 4795 1626 4848 cum

306 4898 561 4989 cardinalibus,
576 4898 636 4971 ubi
653 4899 791 4996 accepit
806 4900 935 4974 stolam
952 4901 1141 4998 pulchram
1158 4925 1265 4999 supra
1282 4901 1487 4990 rochetum,
1506 4901 1625 4976 sedans

304 5023 444 5097 insede
467 5047 542 5115 sua,
565 5031 602 5097 et
623 5025 822 5098 cardinales
847 5049 913 5122 per
937 5026 1114 5099 circulum
1137 5051 1246 5123 supra
1270 5027 1429 5101 scabella
1456 5051 1521 5100 sua
1543 5049 1580 5099 ac
1598 5023 1623 5094 si

306 5148 560 5226 consistorium
575 5151 814 5226 celebrarent.
840 5157 998 5228 Vocatus
1021 5161 1076 5228 est
1096 5153 1227 5229 deiude
1246 5154 1330 5245 dux,
1348 5155 1421 5250 qui,
1439 5151 1623 5255 precedeu·
1701 5187 1702 5190 ¹
