3424 6038
38 498 92 563 [stu
108 496 177 562 Η8η
358 499 484 559 RERUM
510 501 739 562 unutuaauu
763 501 1027 563 ucuuuuraau.
1309 507 1364 562 263

38 650 121 726 tibus
134 649 248 726 nobis
265 658 303 727 et
320 652 464 728 circiter
483 661 567 732 coto
589 657 793 732 oratoribus
814 656 990 754 legalibus
1011 653 1112 730 laicis
1136 661 1171 728 et
1183 656 1364 733 cardinale

35 801 60 846 s.
84 774 232 870 Angeli,
265 799 307 852 ao
335 784 510 873 sequente
530 779 649 878 ipsum
676 779 858 854 cardinale
882 779 1053 871 Ascanio,
1082 781 1243 872 tandem,
1270 783 1363 857 ostio

35 900 184 990 secluso,
211 900 311 976 venit
333 902 379 976 ad
399 927 582 979 cameram
601 905 795 1006 papagalli,
817 905 892 995 ubi,
915 905 1021 980 lactis
1044 905 1159 980 trihus
1182 906 1217 978 in
1243 907 1365 982 debita

34 1025 199 1098 distantia
233 1027 459 1120 reverentiis,
501 1029 666 1127 deposito
695 1030 873 1130 cappello,
904 1029 1020 1105 bireto
1051 1041 1175 1108 tamen
1204 1039 1360 1124 retento,

34 1149 181 1224 accessit
206 1150 254 1224 ad
277 1151 486 1246 pontificem
506 1154 608 1250 cujus
628 1157 759 1254 podem
786 1159 1015 1254 genuflexus,
1040 1157 1171 1232 deinde
1198 1181 1359 1252 manum,

33 1285 100 1350 tum
116 1297 158 1350 os
174 1275 363 1352 osculatus
387 1283 455 1368 est,
475 1279 606 1354 deinde
621 1281 752 1356 iterum
774 1285 987 1381 genuflexus
1007 1307 1046 1358 se
1067 1285 1250 1358 excusavit
1268 1287 1364 1382 quod

33 1401 182 1474 birotum
207 1423 285 1476 non
310 1401 510 1498 deponeret
536 1405 720 1502 quianon
746 1411 887 1506 posset,
913 1409 1008 1484 volui
1039 1408 1148 1484 otiam
1175 1409 1287 1509 hujus
1311 1413 1363 1485 rei

32 1526 217 1600 veritatem
243 1527 467 1622 perquirere,
495 1537 533 1604 et
557 1530 716 1606 intellexi
740 1557 763 1606 a
783 1534 869 1625 suis,
894 1535 1014 1632 ipsum
1037 1535 1168 1610 ducem
1194 1535 1363 1634 incapite

32 1650 143 1724 lesum
159 1656 198 1725 et
216 1656 377 1742 tonsum,
391 1654 570 1749 quoddam
582 1655 750 1732 cirottum
765 1660 904 1736 habero
917 1661 1019 1734 valde
1036 1661 1213 1752 detor-me,
1232 1683 1277 1735 ex
1292 1683 1363 1756 quo

32 1777 183 1852 biretum
205 1778 393 1875 deponere
410 1801 483 1851 nou
504 1788 642 1876 posset.
661 1784 773 1858 lussit
796 1783 926 1858 deinde
951 1783 1116 1882 pontifex
1134 1785 1266 1858 ducem
1289 1807 1365 1857 sur-

35 1925 113 1998 gere
126 1910 164 1976 et
177 1901 305 1978 locum
321 1903 388 2001 ipsi
400 1904 494 1994 dari;
512 1929 621 2002 quem
642 1915 725 2005 post
741 1913 885 1983 Rmum.
912 1915 955 1984 D.
980 1911 1175 1984 Ascanium
1196 1909 1363 1984 ultimum

36 2029 228 2102 diaconum
253 2027 473 2102 cardinalem
491 2029 528 2102 in
556 2032 713 2106 scabello
737 2033 949 2108 cardinalari
974 2035 1102 2109 sedere
1123 2033 1206 2106 leci.
1235 2035 1366 2120 Quam-

34 2155 185 2252 primum
216 2154 291 2228 dux
318 2177 502 2230 cameram
528 2155 697 2249 intraret,
729 2165 962 2234 surrexerunt
990 2181 1117 2234 omnes
1146 2157 1362 2245 cardinales,

37 2287 164 2356 stantes
180 2303 375 2378 quousque
390 2280 472 2355 duci
486 2281 589 2356 locus
602 2283 707 2358 datus
722 2291 821 2360 esset
833 2310 841 2359 :
855 2293 942 2360 tunc
953 2285 1125 2359 sederunt
1139 2305 1267 2357 omnes
1282 2305 1365 2356 cum

37 2407 119 2481 duce
141 2413 179 2479 et
199 2405 317 2480 vocati
339 2417 423 2480 sunt
442 2406 581 2482 nobiles
596 2408 712 2498 ducis,
728 2411 789 2506 qui
814 2411 1001 2508 scnemata
1023 2409 1078 2484 vel
1094 2407 1191 2482 cirea
1204 2407 1363 2498 fuorunt,

38 2556 155 2606 omnes
182 2532 360 2607 cathenas
389 2556 517 2606 aureas
542 2535 588 2606 ad
615 2535 750 2609 collum
772 2535 964 2620 habentes,
989 2535 1049 2632 qui
1079 2533 1209 2632 singuli
1235 2531 1366 2631 pedam

40 2658 213 2755 pontilicis
235 2663 319 2731 sunt
334 2657 505 2747 osculati;
531 2682 603 2754 quo
625 2660 734 2752 iacto,
760 2666 995 2735 surrexerunt
1015 2683 1142 2735 omnes
1164 2657 1367 2734 cardinales

41 2787 145 2858 rtSS.
162 2787 207 2858 D.
228 2788 270 2857 N.
299 2781 473 2856 ordinavit
487 2783 586 2880 quod
601 2785 727 2859 thmi.
749 2788 824 2859 DI).
846 2809 876 2859 s.
896 2785 1025 2882 dugeli
1043 2791 1079 2859 et
1093 2785 1270 2860 Ascanius
1284 2807 1368 2882 pre-

40 2908 114 2982 dicti
131 2909 255 3006 ipsum
270 2909 402 2982 ducem
419 2931 534 3004 usqua
547 2908 593 2982 ad
603 2933 786 2986 cameram
801 2933 902 2985 suam
918 2909 985 2984 sibi
999 2911 1034 2983 in
1046 2910 1179 3008 palatio
1190 2917 1365 3007 paratam,

42 3057 103 3130 que
124 3057 208 3108 esse
226 3033 318 3108 solet
341 3033 435 3106 ami.
454 3035 656 3124 camerarii,
679 3035 914 3125 associarent,
936 3040 1043 3133 prout
1062 3034 1198 3108 lactum
1214 3039 1289 3122 est3
1308 3031 1367 3105 ubi

44 3157 73 3228 in
107 3164 250 3234 secreta
283 3163 319 3232 et
345 3157 484 3248 ultima,
517 3184 582 3235 seu
609 3161 805 3236 cubiculari
838 3185 949 3259 parva
978 3181 1135 3250 camera,
1167 3158 1247 3256 ipso
1276 3158 1368 3230 duee

45 3281 167 3358 ibidem
190 3282 356 3373 dimisso,
379 3283 445 3356 soli
469 3285 670 3362 cardinales
697 3287 774 3360 sinc
794 3287 887 3361 duca
912 3285 1091 3376 exierunt,
1114 3289 1151 3358 et
1172 3283 1219 3357 ad
1241 3282 1370 3356 domos

46 3400 131 3498 suas,
145 3434 219 3484 una
234 3433 318 3484 cum
333 3409 500 3484 omnibus
516 3411 595 3485 aliis
609 3411 864 3502 cardinalibus,
887 3409 1084 3484 redierunt.
1102 3407 1261 3482 Sacrista
1274 3409 1370 3503 Papo

47 3537 280 3629 reprehensus
306 3535 371 3611 fuit
399 3561 421 3611 a
445 3535 686 3611 cardinalibus
715 3537 813 3634 quod
834 3535 985 3634 pluviale
1010 3539 1046 3610 et
1067 3533 1138 3608 alia
1159 3537 1372 3630 paramenta

49 3663 217 3752 pontilicis
237 3671 424 3761 paraverat
434 3688 448 3754 ;·
470 3661 579 3737 credo
593 3668 714 3736 autem
741 3661 931 3737 honestius
955 3659 1083 3751 luisse,
1106 3658 1203 3756 quod
1219 3662 1316 3754 Papa
1333 3655 1371 3730 in

50 3785 129 3858 stola
150 3789 272 3885 ipsum
294 3789 473 3886 receperit
487 3789 607 3886 squam
631 3787 669 3860 iu
697 3786 852 3884 pluviali,
883 3809 966 3860 cum
993 3785 1030 3858 in
1055 3781 1271 3858 consistorio
1298 3805 1371 3854 non

50 3913 176 3986 t'cnerit
200 3937 319 4010 neque
350 3913 459 3987 luerit
489 3911 758 4000 consistorium,
790 3911 855 3984 sed
880 3909 1097 3998 cardinales
1135 3913 1275 3981 tantum
1304 3929 1370 4004 pro

52 4033 177 4113 bonore
192 4038 387 4137 pontificis,
409 4037 542 4112 luerint
563 4037 697 4111 ibidem
718 4036 939 4134 congregati,
965 4057 1038 4108 non
1065 4057 1131 4130 pro
1156 4031 1372 4106 consistorio

54 4165 262 4262 peragendo.
280 4166 414 4238 Omnes
435 4163 516 4239 aula
538 4161 659 4261 palatii
678 4187 721 4236 ac
746 4161 852 4235 ambe
870 4161 951 4234 aule
973 4165 1056 4233 anto
1072 4180 1255 4232 cameram
1271 4179 1374 4253 apos-

55 4288 187 4364 tolicam
215 4297 251 4364 et
274 4313 419 4364 camera
440 4289 519 4387 ipsa
544 4311 627 4362 cum
656 4287 734 4361 aliis
761 4286 997 4382 sequentibus
1029 4283 1154 4374 tribus,
1181 4280 1371 4378 perpulcre

56 4420 164 4505 parate
181 4415 328 4490 luerunt
341 4413 470 4512 pannis
487 4413 531 4487 de
547 4435 670 4488 arazzo
691 4418 727 4486 et
745 4411 822 4485 aliis
845 4409 1005 4509 pulchris
1025 4429 1139 4504 usque
1157 4409 1239 4504 post
1254 4426 1374 4478 reces-

58 4562 126 4614 sum
140 4541 255 4615 ducis.
583 4519 585 4526 ,

99 4667 158 4742 llis
180 4667 364 4758 mercurii,
392 4689 455 4741 seu
472 4671 599 4762 quarta
624 4663 727 4754 scria,
753 4667 797 4736 23
823 4661 921 4750 maii,
945 4657 1065 4754 vigilia
1088 4655 1311 4730 ascensionis
1332 4659 1372 4728 l).

59 4791 92 4862 ll.
107 4796 188 4867 lesu
204 4793 346 4882 Christi,
363 4793 455 4866 hora
473 4797 659 4880 consueta,
677 4790 820 4864 luerunt
843 4808 991 4883 vespere
1011 4781 1158 4878 papales
1179 4781 1215 4854 in
1235 4780 1374 4879 capedo

59 4937 175 5016 magna
192 4919 328 5016 palatii,
351 4923 449 5016 Papa
468 4923 637 5016 presente
655 4915 745 4989 albis
764 4910 984 5010 paramentis
1006 4917 1147 4984 ornato.
1176 4913 1273 5006 Papa
1291 4907 1376 4982 fecit

60 5039 218 5133 osticium,
240 5049 348 5142 prout
366 5044 402 5118 iu
424 5043 582 5140 vesperis
602 5041 722 5115 lacere
743 5037 949 5124 consuevit3
969 5035 1130 5109 interluit
1150 5033 1258 5108 etiam
1275 5033 1376 5106 illus-

61 5166 221 5242 trissimus
237 5169 413 5244 Hercules
429 5167 591 5244 Ferraria
611 5167 697 5259 dux,
718 5165 776 5262 qni
791 5163 957 5237 cundoet
972 5159 1156 5236 redeundo
1173 5159 1218 5234 ad
1230 5157 1376 5256 cappel-
