3424 6038
353 469 407 523 286
812 461 990 519 JOHANNtS
1014 459 1236 531 BURCHARDI,
1488 459 1601 526 {umato
1615 462 1674 530 tua}

358 641 468 690 unum
484 621 626 691 scutum
641 639 809 706 aureum3
827 617 969 692 intrauit
981 617 1192 706 claustrum,
1218 613 1384 712 deposuit
1406 637 1563 711 cappam
1577 619 1611 686 et
1624 615 1672 686 isit

357 742 403 815 ad
417 765 579 816 cameras
596 742 663 816 sibi
678 741 859 816 ordinatas
879 750 916 816 et
934 749 1088 840 paratas.
1112 745 1253 815 luerunt
1271 746 1392 813 autem
1416 738 1560 813 obviam
1583 745 1670 816 lime.

357 871 401 940 D.
416 891 480 943 sue
494 875 594 942 extra
608 874 749 964 portam
765 867 929 941 Emiliam
958 890 1157 965 perunum
1182 865 1304 961 aliqui,
1335 889 1401 962 per
1430 863 1510 938 duo
1539 864 1672 940 miliaria

355 994 456 1068 multi
479 994 620 1091 prelati,
647 993 866 1068 Arelatensis
891 1001 927 1068 et
950 993 1182 1068 Messinensis
1210 990 1478 1090 archiepiscopi
1504 1013 1548 1063 ac
1568 989 1672 1087 plures

356 1119 530 1217 episcopi,
551 1119 819 1217 protonotarius
837 1119 881 1194 de
897 1118 1041 1194 Medina
1062 1124 1184 1193 orator
1203 1117 1298 1216 regis
1318 1117 1431 1191 etalii
1454 1117 1671 1213 complures:

356 1268 424 1342 ego
436 1246 545 1319 etiam
557 1269 623 1343 per
634 1245 702 1319 tria
716 1245 880 1318 milliaria
893 1244 949 1319 val
961 1245 1056 1319 circa
1072 1243 1211 1318 obviam
1226 1243 1305 1316 veni
1321 1250 1422 1316 extra
1433 1242 1587 1316 Urbem.
1605 1243 1674 1315 Cun

355 1379 451 1445 esset
461 1370 553 1444 intra
565 1376 713 1467 pontem
729 1370 895 1443 Emilium
909 1393 976 1467 per
996 1369 1156 1444 medium
1171 1369 1311 1443 miliare
1334 1369 1389 1442 val
1405 1368 1524 1458 circa,
1542 1367 1673 1441 dimisso

354 1495 526 1570 mantello
542 1495 696 1570 itinerali
718 1519 882 1586 rosaceo,
911 1495 1051 1594 capello
1071 1496 1115 1569 da
1138 1493 1260 1569 bivero
1281 1501 1316 1568 at
1330 1491 1529 1592 capucino,
1554 1493 1675 1589 accepit

355 1643 507 1716 cappam
533 1625 570 1694 et
593 1619 773 1718 capellum
801 1621 1057 1713 cardinalares,
1085 1621 1122 1694 in
1147 1621 1274 1718 quibus
1299 1617 1443 1694 intrarit
1471 1617 1619 1708 Urbem,
1648 1627 1675 1690 ut

355 1747 549 1844 presentem
572 1747 781 1823 mantellum
801 1753 922 1822 autem
946 1751 982 1822 et
1002 1747 1218 1843 capucinum
1241 1769 1311 1845 ego
1335 1743 1461 1842 accepi
1488 1750 1527 1816 at
1546 1764 1610 1838 pro
1630 1765 1675 1814 nc

355 1881 392 1946 et
407 1873 515 1947 sociis
536 1873 665 1948 retinui
686 1874 788 1971 juxta
807 1873 1109 1948 consuetudinem
1133 1873 1312 1946 hactenus
1334 1869 1595 1943 introductam.
1613 1871 1674 1940 [tue

355 1997 527 2095 episcopi,
546 1997 709 2072 uidelicet
721 1997 991 2095 Segurbicensis
1003 2003 1040 2072 et
1055 1997 1335 2096 Urgetlenensis,
1356 1994 1509 2092 Hispani
1526 2017 1571 2068 ex
1585 1993 1674 2066 domo

354 2123 573 2197 llltmorum.
596 2127 670 2197 DD.
687 2123 877 2198 cardinalis
895 2123 1016 2198 vicarii
1037 2123 1226 2198 obviarunt
1244 2122 1384 2220 prelato
1401 2123 1511 2192 Rmo.
1541 2123 1583 2192 Ι).
1610 2141 1672 2192 car-

353 2249 469 2322 dinali
485 2252 583 2323 Fuxo
600 2273 715 2346 usque
740 2255 841 2324 extra
856 2255 997 2346 portam
1013 2249 1226 2347 predictam,
1249 2247 1310 2322 ubi
1325 2245 1534 2346 predictum
1549 2249 1670 2316 Rmun.

353 2373 396 2444 n.
415 2379 647 2471 receperunt;
680 2373 744 2446 sed
767 2395 813 2446 an
836 2395 901 2446 suo
916 2371 1063 2470 proprio
1078 2395 1125 2445 an
1139 2371 1423 2446 vicecancellarii
1445 2373 1595 2448 nomine
1614 2391 1670 2443 non

353 2495 529 2588 intellexi;
548 2497 702 2572 aliorum
718 2501 936 2572 RRmorum.
957 2501 1033 2572 DD.
1052 2497 1288 2573 cardinalium
1304 2497 1424 2572 nullus
1439 2499 1553 2574 venit.

402 2621 467 2696 Dio
486 2621 585 2714 lune,
613 2627 657 2696 28
677 2621 847 2720 januarii,
877 2623 975 2697 circa
1001 2624 1129 2698 horam
1148 2647 1223 2714 xrv,
1247 2623 1449 2699 cardinales
1474 2625 1668 2720 incepcmnt

354 2747 472 2823 venire
487 2749 533 2823 ad
552 2747 749 2823 claustrum
778 2749 980 2847 predictum
1004 2749 1049 2822 ad
1073 2746 1321 2844 recipiendum
1334 2747 1518 2845 prelatum
1543 2751 1666 2819 Rmum.
1695 2775 1696 2832 3

352 2873 572 2949 cardinalem
587 2875 632 2949 de
650 2878 762 2949 Fuxo.
1695 2845 1696 2878 i

400 2999 527 3072 Parata
541 2999 607 3073 luit
617 3023 683 3098 pro
698 2998 937 3074 cardinalibus
953 3021 1062 3096 parva
1076 2997 1226 3096 capella,
1238 2998 1285 3072 ed
1298 3021 1407 3094 quam
1422 2997 1497 3072 itur
1511 3021 1576 3096 per
1589 2993 1664 3092 capi·

350 3123 502 3198 tuleram
521 3125 644 3200 locum
667 3124 751 3199 dicti
768 3124 915 3198 claustri
937 3123 974 3196 in
994 3123 1144 3216 ambitu,
1163 3123 1366 3198 constitutis
1382 3123 1548 3222 spatariis
1573 3141 1661 3216 supra

350 3245 530 3340 banchos3
550 3248 665 3324 sedin
682 3257 778 3323 terra
791 3271 866 3320 non
879 3247 1027 3321 luerunt
1042 3253 1152 3321 strata
1167 3248 1313 3346 tapetia,
1329 3247 1428 3346 quod
1441 3249 1539 3324 male
1554 3245 1622 3320 luit.
1694 3279 1695 3350 ᾗ

401 3371 523 3445 Primo
546 3377 721 3446 venerunt
747 3370 948 3446 cardinales
969 3370 1013 3443 de
1039 3370 1190 3445 Sabellis
1215 3378 1252 3446 et
1271 3372 1315 3447 da
1337 3373 1526 3463 Columna,
1551 3368 1659 3446 deinde
1694 3355 1695 3417 l

350 3496 617 3594 Andagavensis
634 3497 743 3589 solus,
757 3501 838 3594 post
853 3520 937 3570 eum
950 3496 1278 3589 vicecancellarius,
1298 3521 1328 3569 s.
1346 3499 1472 3588 Marci,
1491 3523 1521 3571 s.
1538 3491 1657 3591 Angeli.

350 3619 616 3710 Ulixbonensis,
642 3620 941 3712 Rachanatensis,
967 3629 1003 3695 et
1022 3644 1151 3720 parum
1175 3630 1257 3718 post
1277 3644 1375 3712 eum,
1399 3622 1444 3696 de
1465 3617 1655 3696 Comitibus:

351 3753 425 3818 tum
442 3745 626 3836 Senensis
645 3771 674 3819 s.
692 3746 837 3844 Georgii
856 3753 891 3820 et
914 3745 1076 3820 Ursinus.
1101 3745 1238 3832 Quibus
1259 3747 1489 3846 congregatis
1509 3745 1656 3820 inlocum

350 3895 414 3945 sua
440 3872 576 3969 capello
598 3872 758 3970 predicte
780 3873 964 3947 exiverunt
983 3893 1110 3946 omnes
1138 3877 1174 3946 ct
1194 3873 1437 3947 ascenderunt
1462 3893 1571 3970 equos
1591 3861 1654 3940 ituri

349 3997 395 4072 ad
409 3993 598 4094 palatium;
616 4021 700 4072 cum
715 4005 837 4074 essent
853 4004 953 4074 extra
968 3997 1164 4072 claustrum
1184 3997 1387 4095 predictum
1413 4003 1591 4094 equestres
1608 4011 1653 4062 tc·

349 4129 480 4195 nerunt
519 4123 720 4197 cardinales
757 4123 1035 4197 lttediolanensis
1075 4129 1111 4197 et
1144 4123 1351 4198 Parmensis
1392 4123 1515 4214 simul,
1547 4113 1652 4194 deinde

349 4246 604 4344 Neapolitanus
631 4246 741 4338 solus,
768 4249 914 4322 tandem
937 4273 966 4321 s.
998 4248 1110 4322 Marie
1131 4247 1168 4321 in
1188 4249 1332 4324 Porticu
1360 4257 1397 4323 et
1417 4274 1447 4323 s.
1470 4239 1648 4324 Clementis

349 4371 410 4468 qui
426 4373 629 4448 successive
644 4395 770 4447 omnes
782 4397 847 4470 per
861 4374 954 4448 viam
969 4397 1112 4464 manus,
1132 4377 1332 4469 equestres,
1351 4373 1526 4448 dederunt
1540 4365 1648 4469 pretato
1691 4399 1692 4472 t

349 4498 522 4572 cardinali
538 4499 583 4574 da
604 4503 703 4573 Fuxo
720 4507 755 4573 et
772 4523 855 4572 cum
870 4499 1021 4573 osculati
1037 4507 1133 4572 sunt.
1691 4473 1692 4484 ἵ

397 4625 797 4720 Equitaruntautemad
808 4625 979 4722 palatium
992 4625 1062 4699 hoc
1073 4622 1199 4699 ordine
1214 4653 1221 4698 :
1239 4626 1356 4724 primo
1366 4613 1645 4700 vicecancellarius

349 4757 384 4823 et
400 4751 675 4848 Neapolitanus3
704 4759 786 4849 post
804 4751 950 4826 eos-alii
971 4753 1131 4852 episcopi
1157 4753 1277 4845 simul,
1301 4753 1470 4828 videlicet
1496 4777 1523 4822 s.
1547 4733 1641 4819 ltarci,
1690 4765 1691 4770 ¹

349 4899 377 4946 s.
391 4876 501 4949 lttarie
518 4876 554 4949 in
573 4877 718 4951 Porticu
739 4884 775 4952 et
794 4877 1083 4974 Andagavensis3
1110 4885 1185 4954 tum
1206 4875 1489 4952 ltlediolanensis
1512 4879 1542 4946 et
1555 4893 1579 4941 s.
1593 4865 1644 4934 ifl-

350 5000 436 5097 geli,
454 5001 583 5078 deinde
605 5003 856 5077 Ulixbonensis
878 5009 914 5078 et
933 5004 1233 5095 Rechanatensis,
1255 5011 1383 5102 postea
1407 5028 1437 5076 s.
1469 4986 1638 5078 clementis,

349 5129 385 5201 et
401 5123 445 5199 de
461 5127 677 5218 Comitibus3
712 5136 786 5202 tum
812 5127 1031 5219 Parmensis,
1056 5125 1179 5225 junior
1196 5125 1428 5224 presbytera
1447 5115 1581 5198 sinistris
1596 5108 1641 5180 ht·
