3496 6056
351 470 387 526 98
810 471 986 528 JOHANNIS
1011 471 1232 542 BURCHARDL
1384 487 1390 493 ·
1429 473 1589 539 [Septembre
1604 474 1659 539 tati]

399 621 538 714 Finitis,
557 629 731 721 utsupra,
750 624 971 700 orationibus
994 625 1177 725 predictis,
1201 631 1298 725 Papa
1315 626 1408 702 sedit
1429 626 1466 702 in
1487 628 1572 702 sede
1587 629 1662 702 emi·

355 750 453 828 nenti
473 753 647 848 predicta,
670 751 838 850 imposita
857 752 923 826 sibi
946 753 1072 844 mitra,
1096 758 1131 828 et
1150 753 1249 851 prior
1268 753 1502 828 diaconorum
1517 753 1663 828 cardina-

352 879 1665 978 lium,videlicetcardinalisSenensis,lerulaminmanuaccipiensetpor-

356 1015 448 1098 tons,
478 1007 709 1104 sequentibus
736 1004 855 1102 ipsum
880 1004 1123 1096 subdiaconis,
1153 995 1372 1079 auditoribus
1400 1011 1435 1081 et
1463 1005 1663 1094 secretariis,

355 1141 395 1208 nt
419 1133 677 1231 supradictum
697 1138 765 1222 est,
789 1130 922 1204 indutis
943 1128 1006 1222 (t),
1024 1131 1212 1206 descendit
1232 1131 1278 1206 ad
1296 1140 1437 1229 portam
1453 1131 1624 1226 cancelli(
1646 1135 1664 1220 l,

358 1258 417 1332 ubi
431 1259 467 1332 in
482 1259 588 1356 plano
605 1257 738 1332 ibidem
753 1258 848 1330 inter
859 1255 971 1331 altare
987 1263 1022 1332 et
1036 1263 1178 1354 portam
1192 1259 1277 1332 lecit
1292 1258 1380 1332 duas
1396 1257 1511 1332 lineas
1526 1257 1571 1330 ab
1583 1255 1667 1330 altari

357 1385 402 1458 ad
416 1391 569 1483 portam,
588 1385 632 1458 ad
647 1386 833 1460 dexteram
849 1392 884 1459 et
900 1385 1096 1475 sinistram,
1113 1385 1149 1458 in
1165 1385 1325 1481 qualibet
1343 1384 1439 1459 linea
1458 1383 1503 1458 de
1528 1381 1669 1479 quolibet

357 1535 401 1585 ex
422 1511 524 1586 dictis
546 1511 659 1586 tribus
680 1510 877 1601 ordinibus,
896 1511 1071 1586 officiales
1091 1511 1273 1586 collocans
1291 1509 1427 1609 primos
1440 1515 1490 1611 (3)
1505 1533 1623 1584 versus
1637 1507 1671 1581 ad

357 1637 468 1711 altare
487 1637 741 1728 subdiaconos,
763 1634 843 1712 tnm'
855 1637 1036 1714 auditores
1058 1645 1094 1711 et
1110 1637 1339 1728 secretarios,
1358 1637 1408 1710 ita
1422 1636 1521 1733 quod
1536 1635 1581 1710 de
1595 1634 1673 1708 linea

362 1762 406 1836 ad
435 1761 569 1836 lineam
601 1763 667 1838 sibi
699 1763 852 1838 invicem
885 1763 995 1840 facies
1026 1769 1179 1838 vertant.
1218 1763 1351 1850 Quibus
1386 1763 1437 1836 sic
1459 1759 1629 1836 ordinatis
1647 1766 1675 1832 et

359 1887 524 1962 omnibus
540 1889 691 1964 detectis
707 1889 882 1988 capitibus
905 1891 1154 1978 existentibus
1182 1890 1374 1966 cardinalis
1400 1889 1573 1966 Senensis
1596 1894 1676 1961 stans

358 2021 393 2088 et
412 2013 489 2112 ipse
515 2015 631 2114 capite
656 2017 798 2090 detecto
823 2017 962 2092 medius
989 2017 1085 2092 inter
1110 2018 1246 2116 primos
1271 2018 1360 2092 duos
1385 2016 1623 2090 subdiaconos
1642 2013 1677 2085 ad

357 2139 468 2216 altare
497 2166 635 2234 versus,
663 2143 750 2216 dixit
785 2144 857 2218 alta
884 2167 970 2218 voce
1005 2141 1105 2240 quasi
1134 2143 1322 2242 legendo:
1349 2141 1501 2218 Exaudi
1529 2140 1676 2225 Claram

358 2267 581 2358 subdiaconi,
600 2271 781 2344 auditores
804 2277 840 2344 et
858 2269 1042 2344 secretarii
1064 2269 1328 2368 responderunt
1348 2266 1452 2341 simili
1469 2289 1574 2354 voce,
1590 2261 1674 2360 qnasi

358 2393 526 2482 dicendo,
553 2420 617 2468 suo
656 2395 781 2470 ordine
817 2401 952 2468 stantes
981 2421 988 2468 ι
1020 2395 1168 2468 Domino
1196 2405 1313 2467 norbo
1334 2391 1546 2466 Innocentio
1572 2389 1675 2462 olleo

358 2518 491 2592 decreto
505 2544 642 2593 summo
653 2521 814 2619 pontifici
829 2533 864 2594 et
877 2521 1068 2594 universali
1087 2520 1200 2616 Papo,
1220 2520 1310 2607 oito;
1325 2518 1422 2616 quod
1437 2516 1546 2590 tertio
1562 2515 1677 2588 dictum

358 2649 412 2718 est
432 2668 496 2743 per
516 2646 734 2720 cardinalem
758 2648 974 2744 predictum,
1005 2654 1042 2720 et
1061 2646 1168 2720 toties
1188 2647 1233 2720 ab
1254 2645 1332 2718 aliis
1351 2641 1523 2742 predictis
1544 2662 1679 2738 respon·

359 2795 451 2845 sum.

411 2895 548 2972 Deinde
564 2899 659 2976 idem
676 2901 864 2975 cardinalis
883 2899 1053 2975 Senensis
1070 2899 1157 2972 dixit
1177 2925 1184 2972 :
1207 2895 1371 2970 Salvator
1385 2892 1523 2968 maroeli.
1545 2889 1680 2966 Subdia-

358 3024 439 3096 coni
459 3035 494 3098 et
510 3025 568 3097 alii
583 3027 735 3124 predicti
746 3027 1016 3126 ,responderunt
1035 3053 1042 3099 :
1064 3025 1097 3097 T
1093 3051 1117 3098 u
1130 3025 1229 3096 illum
1243 3022 1394 3118 adjuvo.
1410 3017 1514 3106 Quod
1532 3015 1681 3091 similiter

358 3150 463 3224 tertio
480 3177 545 3249 per
559 3154 716 3251 priorem
744 3155 945 3254 predictum
966 3153 1100 3226 dictum
1117 3158 1185 3241 est,
1197 3157 1232 3226 et
1247 3149 1354 3223 toties
1371 3171 1438 3246 per
1452 3145 1534 3220 illos
1552 3165 1681 3240 respon.

360 3298 453 3349 sum.
466 3277 604 3354 Deinde
619 3280 705 3354 dixit
723 3281 818 3354 idem
832 3281 931 3378 prior
948 3305 956 3354 :
974 3279 1107 3354 Sancto
1124 3278 1258 3368 llario,
1272 3275 1321 3349 illi
1335 3273 1622 3372 responderunt:
1637 3267 1678 3340 Tu

359 3400 459 3472 illum
475 3403 623 3498 adjuro,
635 3406 730 3501 qnod
742 3406 796 3478 bis
807 3431 872 3504 per
886 3406 1044 3504 priorem
1056 3405 1190 3478 dictum
1202 3409 1237 3476 et
1250 3401 1356 3476 toties
1372 3423 1437 3498 per
1453 3399 1534 3471 illos
1550 3417 1681 3492 respon-

362 3548 451 3600 sum.
466 3529 655 3624 Subjnnxit
666 3539 745 3626 post
759 3531 826 3606 hec
841 3531 938 3628 prior
954 3557 960 3604 :
974 3543 1093 3604 sancte
1103 3528 1259 3602 Mtcboel
1267 3554 1279 3600 .·
1292 3537 1327 3601 et
1341 3526 1392 3599 illi
1407 3522 1678 3622 responderunt:

363 3648 416 3720 To
431 3651 529 3724 illum
545 3653 692 3749 odjoco.
708 3659 749 3729 Et
764 3656 800 3728 id
816 3657 929 3730 semel
947 3681 1012 3754 per
1026 3656 1184 3754 priorem
1205 3660 1260 3727 est
1279 3653 1415 3726 dictum
1438 3659 1473 3726 et
1494 3647 1608 3724 semel
1627 3669 1682 3741 per

358 3773 438 3846 illos
464 3801 690 3875 responsum,
733 3782 855 3878 sicque
885 3783 1010 3858 laudes
1039 3781 1258 3872 continuate,
1286 3784 1392 3877 prout
1418 3771 1511 3850 inlra
1538 3799 1547 3848 :
1579 3779 1682 3846 sancte

363 3895 508 3972 Gabriel
524 3915 587 3977 etc.

411 4023 547 4100 Deinde
559 4027 646 4104 dixit
661 4031 761 4128 prior
776 4034 902 4107 eadem
918 4058 1005 4109 voce
1021 4035 1127 4132 Kyrie
1141 4032 1293 4129 eleyson,
1311 4035 1347 4104 et
1361 4028 1410 4102 illi
1429 4025 1682 4126 responderunt

358 4145 393 4220 K
391 4149 465 4244 prio
485 4153 637 4248 eleyson.
659 4157 818 4231 Tandem
838 4184 964 4234 omnes
985 4167 1020 4235 et
1044 4161 1155 4260 prior,
1178 4185 1219 4234 ac
1240 4161 1348 4234 etiam
1364 4157 1422 4232 alii
1438 4155 1591 4255 predicti
1607 4171 1679 4226 cum

360 4271 504 4350 insimul
515 4279 642 4353 eodem
658 4304 745 4356 voce
761 4283 925 4360 dixerunt
939 4289 1044 4384 Kyrie
1058 4289 1212 4386 eleyson.

407 4401 586 4476 Laudibus
607 4403 658 4476 sic
681 4405 844 4503 expletis,
867 4431 936 4506 que
956 4411 1042 4486 dum
1058 4413 1279 4503 dicerentur,
1307 4415 1403 4508 Papa
1427 4406 1520 4482 sedit
1543 4406 1579 4480 in
1601 4399 1680 4476 solio

360 4547 441 4613 suo,
467 4533 503 4600 et
532 4529 731 4606 cardinales
767 4556 809 4608 ac
842 4536 971 4632 prelati
1005 4561 1132 4640 omnes
1168 4539 1205 4610 in
1237 4537 1309 4612 suis
1340 4535 1429 4610 locis
1464 4555 1548 4608 cum
1578 4525 1679 4604 mitris

359 4648 545 4744 sedebant,
580 4654 680 4751 prior
707 4664 743 4730 ot
768 4657 826 4730 alii
851 4662 1003 4758 predicti
1030 4664 1216 4738 redierunt
1239 4664 1284 4738 ad
1308 4663 1390 4737 loca
1418 4685 1504 4752 suu,
1527 4653 1681 4733 videlicet

359 4775 458 4870 prior
473 4777 517 4852 od
539 4799 651 4856 cornu
680 4786 830 4885 epistole
846 4789 967 4865 altaris
985 4789 1022 4865 in
1047 4792 1206 4867 scabello
1231 4815 1295 4866 suo
1318 4790 1425 4882 sedit,
1449 4789 1508 4863 alii
1524 4787 1561 4861 in
1578 4794 1680 4870 terrm

406 4999 431 5050 t.
452 4998 580 5060 indutus.
596 5035 629 5046 -
644 5004 746 5079 Riual,
763 5027 791 5083 p.
810 5010 858 5069 rt,

397 5086 432 5142 2.
452 5088 573 5149 Castelli.
590 5121 622 5136 -
633 5095 726 5158 Rinat.
742 5107 769 5156 et
785 5118 854 5160 mss.
870 5103 934 5162 147.

403 5177 430 5232 3.
451 5177 559 5240 Primus
574 5202 670 5242 versus
686 5191 719 5245 ad
735 5187 819 5246 altura
834 5189 1026 5253 subdiaconos.
1045 5209 1077 5236 ³·-
1092 5194 1186 5252 Riual.
