3422 6034
60 519 286 589 {septemanas}
367 517 493 578 annun
515 517 744 576 uaannnncn
768 515 1030 575 conrranrnnu.
1078 579 1081 586 ,
1308 521 1360 577 365

99 673 257 764 Sabbata,
287 676 329 746 ¹2
363 671 499 746 mensis
535 670 765 769 septembris,
802 669 1088 744 anniversarium
1117 669 1361 744 coronationis

58 808 149 898 Papa,
164 803 225 874 SS.
246 801 288 872 l).
307 801 349 872 N.
369 802 514 894 paratus
530 818 632 871 more
652 796 758 871 solito
775 796 872 870 venit
887 795 932 870 ad
950 795 1126 894 capellam
1143 794 1357 894 predictam,

57 929 167 1022 inqua
187 923 307 998 alticio
322 921 468 1022 publico
493 929 529 997 et
551 921 703 996 solemni
723 921 883 996 interluit
898 923 995 1018 quod
1016 921 1211 996 celebravit
1234 925 1359 996 ltmus'.

59 1055 92 1124 ll.
108 1049 290 1124 cardinalis
311 1053 584 1124 beneventanus
604 1073 611 1121 :
629 1047 674 1120 ad
693 1068 837 1122 versum
857 1045 1015 1120 Alleluia
1034 1046 1250 1144 predictum,
1267 1051 1364 1146 Papa

57 1176 135 1248 venit
152 1174 196 1248 ad
217 1173 454 1249 faldistorium
473 1180 510 1249 et
532 1179 700 1248 cantores
721 1172 887 1247 dixerunt
907 1169 1037 1246 deinde
1058 1193 1224 1268 prosam;
1243 1171 1364 1247 atalia

56 1301 147 1374 etiam
173 1305 338 1399 utsupra
360 1307 443 1374 sunt
464 1301 665 1374 observata.
692 1297 782 1372 Huic
803 1297 913 1371 misse
933 1294 1092 1369 interluit
1117 1297 1160 1368 D.
1186 1295 1363 1370 Antonius

56 1431 158 1502 orator
175 1425 400 1523 Neapolitani
417 1425 512 1524 regis
532 1423 568 1498 in
583 1425 665 1500 loco
682 1449 747 1498 sno
772 1423 878 1498 solito
903 1431 1014 1511 stans,
1039 1419 1217 1496 sententia
1238 1428 1363 1498 contra

54 1549 220 1624 dominum
238 1573 341 1624 suum
362 1573 501 1647 regem,
523 1555 696 1647 utsupra,
715 1545 981 1622 nonobstante.

94 1675 284 1767 lominica,
304 1679 347 1750 13
363 1676 499 1750 mensis
517 1673 747 1774 septembris,
773 1673 866 1748 hora
884 1673 1069 1772 vigesima,
1094 1673 1148 1749 rel
1168 1674 1275 1766 circa,
1297 1699 1363 1774 per

52 1809 172 1899 portam
204 1799 363 1875 viridarii
392 1801 568 1876 intrarunt
605 1800 739 1873 Urbem
772 1797 987 1896 magnificus
1021 1804 1063 1876 D.
1096 1802 1292 1877 Gulielmus
1317 1803 1361 1878 de
1393 1893 1396 1904 Ι

52 1925 186 2001 Pictauia
204 1925 325 2016 milae,
348 1931 470 2000 orator
489 1923 710 2000 serenissimi
731 1927 952 1998 Francorum
977 1925 1086 2023 regis,
1112 1927 1168 2000 cui
1188 1933 1363 2002 venerunt

50 2051 171 2126 obviam
186 2049 324 2126 familie
340 2055 557 2125 RRmorum.
577 2049 804 2124 dominorum
822 2049 1059 2148 Neapolitani,
1076 2053 1359 2149 Andagavensis,

50 2172 204 2266 deFuxo,
222 2179 259 2249 et
283 2173 327 2248 de
352 2173 504 2246 Sabellis
529 2171 778 2263 cardinalium,
798 2179 834 2247 et
856 2175 919 2250 SS.
938 2175 982 2246 D.
1007 2179 1049 2250 N.
1078 2200 1188 2274 pape3
1211 2199 1253 2251 ac
1279 2199 1361 2252 ora-

51 2307 130 2374 tores
144 2323 270 2398 regum
292 2299 456 2390 Francie,
481 2298 667 2396 Hispania,
690 2299 926 2397 Neapolitani,
950 2301 1085 2375 ducum
1107 2301 1299 2380 Mediolani
1325 2307 1362 2376 et

49 2425 269 2517 lanariaco
292 2423 513 2499 marchionis
541 2424 859 2514 Monterratensis;
882 2433 918 2501 et
937 2425 1057 2524 ipsum
1078 2435 1294 2525 receperunt
1318 2449 1360 2502 ac

49 2549 200 2642 medium,
216 2549 315 2624 inter
329 2548 644 2647 archiepiscopum
664 2549 914 2626 Arelatensem
936 2558 972 2628 et
992 2553 1202 2652 episcopum
1224 2557 1361 2628 Torna-

49 2697 177 2750 censem
192 2675 237 2750 ad
250 2675 451 2773 hospitium
467 2697 531 2750 sue
547 2673 794 2764 habitationis,
812 2676 978 2752 videlicet
997 2678 1043 2752 ad
1059 2679 1151 2754 Solis
1171 2681 1360 2754 tabernam

47 2799 313 2901 juxtacampum
336 2802 455 2892 Flore,
469 2799 692 2874 associarunt
708 2825 808 2878 more
825 2811 1013 2880 consueto.
1353 2815 1358 2826 '

83 2926 177 3000 Feria
189 2927 364 3017 secunda,
389 2931 430 2999 tt
445 2925 530 3000 dicti
547 2926 683 3000 mensis
703 2929 933 3026 septembris,
956 2929 1071 3005 dictus
1087 2929 1299 3005 Frauciscus
1315 2929 1359 3005 de

48 3052 141 3127 llusio
164 3054 338 3153 magister
368 3051 512 3150 registri
545 3051 732 3128 literarum
764 3055 1042 3152 apostolicarum
1073 3081 1115 3130 ac
1148 3057 1359 3130 carumdem

47 3175 210 3254 literarum
231 3179 389 3277 scriptor
409 3183 444 3251 el
469 3175 773 3254 rescribendarius
792 3182 853 3278 qui
874 3189 980 3257 nocte
1000 3181 1172 3280 preterita
1194 3179 1359 3278 spiritum

48 3303 182 3379 reddidit
200 3305 364 3380 Creatori
389 3305 485 3380 circa
509 3307 639 3382 horam
660 3329 722 3380 xrx
744 3305 789 3380 ad
808 3307 994 3381 basilicam
1016 3331 1045 3381 s.
1071 3305 1167 3382 Petri
1186 3303 1358 3403 principis

47 3429 276 3521 apostolorum
291 3429 336 3504 de
352 3427 448 3504 Urbe
465 3455 486 3504 a
507 3429 742 3528 scriptoribus
763 3435 799 3502 el
814 3429 891 3502 aliis
910 3429 1108 3504 associatus
1124 3434 1285 3526 portatus
1304 3436 1360 3502 est

47 3573 81 3624 ac
95 3551 128 3626 in
148 3555 279 3630 eadem
303 3554 452 3629 basilica
475 3578 547 3628 non
571 3553 679 3651 longe
704 3555 749 3628 ab
770 3554 873 3628 altari
899 3553 1003 3630 beate
1021 3554 1133 3629 llario
1161 3575 1358 3652 pauperum

48 3678 202 3773 sepultus.
236 3681 377 3756 Eodem
406 3680 502 3756 dioto
532 3679 724 3754 Francisco
759 3679 796 3754 in
831 3679 1039 3755 infirmitate
1068 3680 1277 3770 constituto,
1313 3683 1356 3754 D.

46 3802 204 3880 Antonius
229 3807 277 3881 de
301 3805 524 3882 tlumacellis
551 3805 635 3880 lecit
661 3827 726 3902 pro
756 3829 800 3880 eo
825 3805 984 3881 osticium
1017 3805 1359 3881 rescribendariatus

47 3929 184 4006 taxando
200 3939 237 4006 et
258 3933 434 4030 signando
455 3931 571 4005 bullas
591 3953 692 4004 more
709 3931 829 4022 solito,
853 3932 914 4028 qui
935 3937 1016 4030 post
1036 3931 1174 4012 obitum
1195 3931 1360 4030 ejusdem

46 4053 165 4150 absque
180 4057 252 4132 alia
267 4057 497 4156 deputatione
514 4055 677 4132 osticium
695 4057 904 4154 hujusmodi
925 4081 1039 4154 usque
1060 4058 1106 4132 ad
1125 4057 1236 4132 finem
1250 4058 1360 4156 hujus

47 4177 165 4250 mensis
177 4179 396 4277 septembris
412 4181 643 4259 continuavit.

88 4301 144 4374 llis
172 4304 313 4396 diebus,
343 4307 510 4382 videlicet
537 4315 643 4384 nocte
672 4317 846 4406 sequente
881 4307 1061 4383 dominica
1089 4307 1198 4408 hujus
1224 4307 1360 4384 mensis

48 4431 261 4524 septembris,
289 4433 496 4510 Dominicus
539 4435 711 4533 magister
743 4435 893 4510 Gentilis
932 4435 976 4510 de
1016 4433 1178 4534 Viterbio
1210 4435 1362 4532 scriptor

48 4557 263 4652 apostolicus,
293 4561 505 4636 Franciscus
530 4561 712 4636 llaldente
735 4561 931 4635 canonicus
948 4559 1198 4635 Foroliviensis
1214 4567 1249 4634 et
1267 4565 1362 4636 Con-

47 4677 141 4754 radus
169 4690 205 4758 et
229 4683 359 4760 deinde
390 4687 549 4784 Baptista
576 4686 620 4760 de
644 4685 764 4784 Spello
792 4685 952 4760 notarius
978 4707 1121 4759 camere
1149 4685 1359 4784 apostolice,

49 4801 247 4882 laurentius
263 4809 489 4908 Signoretlus
507 4811 661 4909 scriptor
684 4812 719 4886 in
743 4809 896 4908 registro
916 4811 1092 4884 bullarum
1119 4819 1154 4886 et
1173 4811 1363 4887 Bartholo-

49 4947 137 5003 meus
163 4934 330 5010 Budellus
353 4945 567 5033 procurator
590 4937 843 5034 penitentiarie
872 4937 1076 5012 successive
1103 4938 1197 5035 capti
1222 4939 1365 5014 luerunt

50 5057 80 5124 et
92 5055 124 5128 in
140 5069 255 5136 castro
271 5063 385 5136 sancti
401 5063 528 5162 Angeli
544 5063 680 5137 detenti
696 5087 762 5160 pro
782 5061 1033 5136 falsificatione
1050 5061 1237 5136 literarum
1257 5087 1365 5162 apos-

53 5179 225 5260 tolicarum
240 5211 311 5286 que
327 5187 413 5287 ipsis
430 5190 685 5287 imputabatur.
705 5193 748 5264 ll.
762 5188 971 5264 Dominious
985 5189 1365 5287 predictusconlessus
