3496 6056
364 439 415 493 tto
820 435 995 492 tonnums
1020 434 1241 504 numentum,
1547 437 1605 499 [nar
1618 441 1669 502 rou

359 595 460 668 nales
476 594 512 667 in
528 594 650 692 cappis
671 593 745 666 suis
763 595 1006 667 ascenderunt
1026 593 1072 666 ad
1097 597 1159 667 SS.
1181 597 1222 666 D.
1242 599 1409 666 nostrum
1426 593 1463 664 in
1479 592 1572 690 logia
1588 618 1672 690 supra

358 726 501 818 portam
521 720 642 818 palatii
666 720 895 810 existentem,
918 720 978 816 qui
1004 725 1150 817 paratus
1173 743 1274 794 more
1300 719 1418 806 solito,
1446 741 1512 816 per
1531 719 1669 792 ultimam

358 847 556 920 fenestram
582 869 707 920 versus
731 845 851 918 locum
874 845 1020 943 publice
1043 843 1306 948 benedictiopis
1328 844 1461 942 populo
1482 844 1669 919 solemniter

360 973 562 1046 benedixit.

409 1099 565 1173 Sabbato
592 1104 633 1171 ll
663 1100 798 1172 mensis
819 1099 903 1173 maii
921 1099 958 1172 iu
983 1121 1090 1172 mane
1112 1097 1209 1170 circa
1233 1097 1362 1168 horam
1383 1117 1434 1166 xn
1461 1099 1667 1191 perportant

357 1226 526 1304 Viridarii
546 1226 765 1299 intraverunt
791 1225 924 1296 Urbem
951 1228 993 1295 R.
1021 1227 1059 1296 P.
1086 1225 1127 1295 D.
1152 1225 1207 1294 Jo.
1231 1219 1421 1316 episcopus
1445 1217 1671 1292 Wormacien·

359 1351 407 1424 sis
435 1357 471 1424 et
497 1350 712 1448 magnificus
742 1354 785 1422 D.
818 1349 1021 1422 Bernardus
1051 1369 1175 1421 eomes
1204 1346 1248 1420 de
1276 1343 1464 1418 Erbestein
1494 1342 1668 1430 Palatinus,

358 1475 450 1549 sacri
468 1475 609 1548 romani
634 1474 774 1571 imperii
798 1471 966 1547 electoris
982 1477 1158 1560 oratores,
1176 1469 1237 1566 qui
1252 1493 1273 1542 a
1287 1469 1431 1542 lamiliis
1449 1470 1512 1542 SS.
1532 1471 1574 1539 D.
1592 1471 1630 1539 n.
1645 1477 1670 1538 et
1735 1543 1736 1548 ,

357 1600 591 1675 cardinalium
621 1603 756 1698 recepti
779 1607 860 1674 sunt
880 1607 916 1674 et
931 1624 1044 1695 usqne
1067 1599 1114 1672 ad
1128 1599 1276 1671 domurn
1292 1596 1576 1670 Alamannorum
1591 1599 1669 1666 retro

355 1750 524 1823 campum
541 1726 645 1801 Flore
663 1727 700 1800 iu
716 1751 786 1823 quo
802 1725 975 1824 hospitari
990 1726 1193 1814 voluerunt,
1211 1746 1313 1799 more
1328 1723 1433 1797 solito
1454 1720 1631 1796 associati.
1731 1792 1734 1809 ,

406 1855 541 1928 Eadem
558 1855 629 1945 die,
641 1855 1017 1952 vigiliaPenteeostes,
1034 1853 1178 1927 luerunt
1186 1874 1336 1949 vespere
1346 1849 1538 1948 papalesin
1550 1849 1669 1946 capella
1734 1866 1735 1875 ¹

355 1978 477 2076 palatii
504 1979 712 2076 supradicti,
738 1984 833 2076 Papa
852 1980 1015 2068 absente,
1035 1977 1274 2052 cardinalibus
1296 1975 1539 2074 presentibus.
1561 1980 1667 2048 Rmus.
1732 1950 1735 2006 1

355 2106 397 2176 D.
417 2105 609 2179 cardinalis
625 2130 654 2178 s.
676 2105 801 2195 Marci,
827 2105 1017 2202 episcopus
1041 2102 1277 2176 Penestriuus
1297 2101 1384 2176 lecit
1403 2101 1562 2176 officium
1578 2101 1670 2198 quiet
1730 2160 1734 2173 .

357 2229 413 2302 die
428 2231 604 2326 sequenti,
623 2233 715 2306 testo
728 2231 893 2304 videlicet
911 2234 1158 2319 Pentecostes,
1176 2228 1212 2302 in
1228 2228 1376 2301 basilica
1394 2227 1567 2325 principis
1581 2249 1671 2322 apos·
1730 2252 1733 2263 ·

357 2353 514 2430 tolorum
541 2355 733 2430 celebravit
749 2357 896 2429 missam
912 2355 1126 2443 solemnem,
1149 2357 1244 2450 Papa
1267 2353 1376 2426 etiam
1396 2353 1562 2442 absente,
1579 2351 1671 2426 cauli-

358 2480 500 2552 nalibus
529 2482 768 2578 presentibus.
801 2484 1014 2555 Sermonem
1044 2479 1129 2553 fecit
1159 2481 1200 2552 D.
1234 2479 1444 2554 Franciscus
1479 2479 1525 2553 de
1554 2481 1668 2574 Burgo,

362 2605 571 2700 capellanus
589 2606 669 2678 Rmi
689 2610 732 2678 D.
755 2607 946 2680 cardinalis
964 2605 1008 2679 de
1032 2605 1195 2679 Sabellis.
1223 2604 1339 2678 Finita
1358 2604 1482 2696 missa,
1501 2603 1670 2678 celebrans

1729 2031 1735 2213 t

358 2730 553 2827 publicarit
571 2731 811 2830 indulgentias
831 2731 1010 2830 plenarias
1029 2753 1095 2828 per
1115 2733 1178 2804 SS.
1196 2733 1238 2803 D.
1264 2736 1429 2804 nostrum
1442 2727 1578 2828 populo
1599 2749 1670 2801 con·
1732 2714 1733 2784 l

358 2880 492 2931 cessas.

407 2984 491 3058 Heri
505 3007 586 3058 sero
600 2982 803 3082 invesperis
813 2985 857 3058 ad
870 2983 1026 3081 primum
1037 3004 1178 3057 versum
1194 2981 1334 3081 hymni,
1348 2989 1384 3056 et
1394 2981 1503 3056 hodie
1513 2981 1550 3054 in
1562 2980 1667 3060 missa,

354 3131 420 3207 per
441 3117 556 3184 totum
580 3135 721 3184 versum
740 3109 892 3184 Alleluia
912 3134 1004 3208 quos
1026 3117 1192 3184 cantores
1215 3109 1426 3206 inceperunt
1446 3115 1483 3182 et
1501 3104 1667 3206 prosecuti
1739 3179 1740 3190 ,

356 3242 449 3327 sunt,
472 3237 659 3310 celebrans
680 3236 714 3309 iu
736 3236 948 3328 faldistoria,
972 3236 1089 3334 eapite
1105 3235 1324 3332 discoperto,
1347 3234 1550 3309 cardinales
1569 3229 1667 3308 etalii
1739 3213 1740 3220 ἵ

355 3360 392 3432 in
407 3359 498 3435 locis
515 3361 588 3435 suis
605 3363 892 3459 genutlecteruut
908 3385 1010 3437 more
1027 3361 1146 3436 solite.

405 3485 509 3560 Faria
525 3493 638 3578 sexta,
657 3492 701 3560 27
714 3487 799 3560 dicti
814 3487 949 3562 mensis
962 3487 1046 3560 maii
1060 3494 1143 3585 post
1157 3487 1348 3585 prandium
1362 3485 1407 3560 ab
1423 3493 1525 3561 extra
1537 3487 1666 3582 pontem
1739 3467 1740 3474 ἵ

355 3611 513 3684 ltilvium
526 3636 593 3709 per
607 3619 711 3708 prata
726 3620 762 3687 et
775 3620 916 3710 portam
934 3612 1103 3689 Viridarii
1121 3614 1343 3688 intraverunt
1361 3637 1410 3686 xn
1427 3613 1510 3685 novi
1524 3617 1667 3686 emtores
1739 3693 1740 3696 Ἴ

354 3737 589 3828 Venetorum,
625 3737 947 3812 llediolanensium
989 3745 1023 3812 et
1063 3735 1349 3813 Ferrariensium
1369 3739 1514 3828 ducum,
1534 3742 1668 3834 quatuor
1729 3824 1735 3839 Ι

309 3858 313 3864 ’
355 3862 547 3958 cujuslibet
574 3862 673 3936 ducis
703 3865 930 3955 eorumdem,
961 3871 996 3938 et
1024 3887 1108 3937 cum
1136 3864 1223 3962 ipsis
1251 3887 1342 3938 unus
1370 3863 1539 3960 antiquus
1567 3867 1669 3936 orator
1729 3850 1735 3977 l

354 3986 456 4060 ducis
472 3987 665 4062 Mediolani
683 3996 719 4064 et
736 3989 825 4063 alius
839 3991 1006 4087 antiquus
1026 3990 1126 4064 ducis
1146 3991 1399 4082 Ferrariensis,
1417 3989 1478 4087 qui
1494 3989 1599 4063 ambo
1617 4005 1667 4058 sno

1726 3984 1734 4115 l

354 4112 479 4186 ordine
504 4137 587 4186 cnm
605 4113 704 4186 novis
725 4113 930 4210 equitarunt
953 4116 1082 4212 quibus
1103 4115 1244 4190 obuiam
1264 4122 1442 4191 venerunt
1465 4115 1595 4190 familia
1614 4113 1664 4184 SS.
1730 4180 1734 4217 :

354 4241 397 4309 D.
423 4239 536 4312 nostri
562 4245 597 4312 et
619 4239 854 4312 cardinalium
879 4241 1029 4330 lamilie;
1051 4247 1086 4315 et
1107 4241 1298 4315 cardinalis
1324 4267 1354 4316 s.
1379 4241 1493 4316 Marci
1518 4234 1666 4338 equitant
1730 4268 1733 4279 =

354 4386 419 4461 per
445 4363 584 4436 miliare
610 4387 720 4435 unum
749 4362 803 4436 vel
829 4364 928 4437 circa
951 4365 1044 4438 ultra
1069 4370 1217 4464 pontem
1244 4365 1461 4462 predictum,
1489 4375 1526 4440 et
1552 4359 1666 4438 tamilla

355 4488 546 4562 cardinalis
562 4489 767 4578 Parmensis
783 4513 895 4584 usque
912 4490 955 4563 ad
972 4490 1141 4564 eumdem
1155 4497 1305 4589 pontem
1324 4519 1331 4566 ι
1348 4489 1416 4566 alie
1432 4492 1565 4566 familie
1579 4509 1665 4582 expe

357 4620 497 4687 ctarunt
530 4615 567 4687 in
599 4615 723 4712 pratis.
766 4616 928 4688 Primum
960 4616 1080 4690 locum
1116 4617 1320 4692 habuerunt
1343 4627 1506 4693 oratores
1539 4609 1661 4694 Veneti.

353 4739 512 4812 medinm
528 4739 693 4814 videlicet
713 4764 734 4812 a
752 4741 886 4814 dextris
911 4741 1087 4816 habentes
1108 4749 1290 4818 oratorem
1308 4740 1584 4818 Mediolanensis
1598 4741 1628 4809 et
1646 4756 1663 4802 u

354 4863 506 4937 sinistris
530 4865 767 4939 Ferrariensis
792 4867 936 4940 ducum.
970 4871 1059 4941 Cum
1092 4869 1340 4968 reciperentur
1369 4895 1390 4944 a
1417 4868 1550 4943 familia
1575 4852 1662 4959 primi

352 4988 543 5062 cardinalis
574 4991 625 5062 eis
654 4990 794 5064 obviam
823 4993 1001 5084 veniente,
1040 4995 1225 5093 respoudit
1251 5021 1317 5093 pro
1353 4992 1521 5067 omuibus
1547 4985 1662 5086 primus

350 5119 471 5188 orator
486 5118 727 5207 Venetorum;
746 5141 829 5189 cum
845 5142 867 5192 a
882 5118 1016 5192 familia
1032 5121 1181 5194 secundi
1193 5115 1398 5227 cardinalis,
1412 5119 1547 5216 primus
1561 5111 1663 5186 orator
