3424 6038
298 437 352 494 296
755 430 930 490 JOHANNIS
956 430 1177 502 educatum,
1462 435 1532 498 [tiu
1543 439 1599 506 stov}

301 613 379 664 sua.
407 587 582 664 Omnibus
604 586 752 685 paratis,
775 589 839 662 SS.
868 591 910 661 l).
939 591 982 662 N.
1008 586 1138 662 sedens
1163 587 1241 662 sine
1271 587 1377 662 mitra
1403 611 1467 687 pro
1488 594 1600 690 majora
1707 621 1708 666 r

301 714 560 790 commoditate
576 737 653 802 sua,
670 713 755 788 licet
770 717 865 788 stare
885 711 1082 804 debuisset,
1097 713 1280 787 benedixit
1296 714 1435 811 palmas
1448 714 1601 814 insugula

302 839 439 938 capelle
455 839 500 913 ad
511 839 589 936 ejus
601 838 784 913 sinistram
799 837 995 929 ordinatas,
1009 838 1248 912 cardinalibus
1260 845 1296 914 et
1305 838 1451 937 prelatis
1461 841 1602 916 omnibus

302 965 379 1040 sine
393 963 713 1053 mitrastautibus;
732 941 1030 1061 deinde'ospersit
1047 970 1083 1038 et
1097 963 1293 1039 incensavit
1310 987 1372 1038 eas
1386 971 1424 1038 et
1434 964 1603 1059 distribuit,

303 1096 341 1164 ut
354 1091 465 1166 moris
481 1096 549 1164 est.
573 1088 771 1163 Cardinalis
792 1113 822 1162 s.
847 1088 1041 1164 Clementis
1059 1088 1322 1181 celebraturus,
1344 1095 1495 1186 accepta
1510 1091 1609 1186 patna

302 1239 380 1306 sua,
397 1214 458 1288 ivit
473 1215 517 1290 ad
534 1213 771 1289 faldistorium
789 1237 893 1287 suum
904 1215 1007 1312 juxta
1029 1214 1140 1290 altare
1156 1214 1202 1289 ad
1216 1213 1491 1313 parandum.se;
1506 1213 1611 1288 habuit

302 1345 441 1416 tantum
463 1363 572 1414 unam
592 1339 762 1437 palmam.
787 1341 896 1412 Facta
920 1345 975 1414 est
1000 1337 1132 1414 deiude
1155 1338 1339 1436 processio
1365 1345 1402 1413 et
1424 1337 1496 1413 slis
1510 1341 1615 1414 omnia

303 1489 404 1540 more
441 1471 627 1540 consueto.
668 1463 848 1538 Diaconus
880 1468 916 1538 et
952 1462 1193 1538 subdiaconus
1228 1463 1434 1538 habuerunt
1468 1463 1616 1562 planetas

301 1590 451 1690 plicatas
484 1589 663 1664 violaceas
689 1593 726 1662 et
747 1585 797 1660 illi
825 1591 899 1662 tres
922 1592 1089 1665 cantores
1120 1586 1332 1662 Passionem
1360 1587 1492 1662 dicturi
1516 1589 1618 1686 parati

303 1716 447 1792 luerunt
461 1714 550 1790 albis
573 1720 609 1788 et
629 1712 731 1786 stolis
751 1733 793 1785 ac
813 1709 1004 1808 manipulis
1029 1711 1211 1786 violaceis.
1238 1715 1337 1786 Unus
1357 1718 1481 1788 tamen
1505 1735 1620 1788 eorum

302 1841 427 1916 babuit
442 1840 592 1915 rubeam
609 1837 739 1914 stolam
754 1837 801 1911 ob
820 1835 1002 1912 desectum
1022 1836 1193 1913 violacea.
1212 1836 1293 1913 Alia
1307 1839 1431 1914 omnia
1444 1839 1622 1914 observata

303 1975 498 2044 suntmore
515 1971 703 2042 consueto.

352 2092 493 2167 Palmas
519 2093 607 2167 duas
642 2113 793 2189 magnas
828 2096 922 2189 Papa
949 2097 1142 2167 tenuerunt
1179 2115 1303 2169 comes
1327 2093 1512 2168 Altamure
1534 2092 1624 2166 lilius

301 2221 474 2320 principis
499 2222 544 2296 de
569 2217 783 2315 Bissignano
804 2241 825 2290 a
850 2217 985 2291 dextris
1007 2225 1042 2290 et
1063 2239 1187 2291 comes
1213 2217 1413 2293 Mirandule
1438 2218 1624 2292 asinistris

303 2350 412 2444 Pape.
432 2346 548 2420 Finita
561 2343 684 2435 missa,
702 2365 786 2416 oum
802 2342 865 2415 SS.
882 2343 924 2414 D.
938 2344 981 2416 N.
997 2341 1191 2438 incamera
1204 2341 1406 2440 paramenti
1424 2352 1627 2442 paramenta

150 2529 153 2538 .
302 2470 519 2565 deponeret,
553 2466 769 2564 interrogavi
795 2467 1029 2542 Sanctitatem
1065 2491 1168 2542 suam
1199 2469 1236 2542 in
1273 2493 1346 2567 quo
1375 2469 1503 2544 ordine
1525 2469 1626 2544 vellet

302 2593 429 2668 venire
453 2594 497 2668 ad
523 2592 717 2666 matutinas
748 2593 979 2668 tenebrarum
1007 2593 1176 2668 mercurii
1200 2595 1365 2692 proxime
1392 2595 1515 2670 loturi.
1543 2599 1626 2669 Res-

302 2715 429 2816 pondit
451 2715 620 2791 sanctitas
639 2737 705 2789 sue
724 2715 821 2812 quod
840 2738 923 2790 cum
938 2722 1061 2790 manto
1083 2721 1119 2791 el
1138 2717 1287 2814 capucio
1310 2717 1467 2794 inverso.
1495 2719 1626 2793 Avisavi

302 2848 495 2940 propterea
509 2841 699 2939 episcopos
715 2839 924 2915 assistentes
937 2846 977 2914 ut
990 2847 1026 2915 et
1041 2840 1108 2938 ipsi
1119 2863 1162 2916 ea
1172 2841 1230 2918 die
1241 2843 1432 2918 mantellos
1448 2867 1536 2918 suos
1550 2867 1627 2918 cum

304 2967 464 3064 capuciis
479 2975 516 3042 et
533 2989 605 3040 non
622 2989 754 3064 cappas
770 2971 969 3063 portarent.

352 3091 456 3185 Faria
480 3096 605 3188 quarta
625 3089 773 3186 majoris
794 3088 1036 3182 hebdomade,
1065 3094 1085 3165 3
1112 3089 1247 3164 mensis
1272 3091 1408 3188 aprilis,
1430 3091 1523 3167 bora
1540 3093 1628 3190 rigo

304 3216 396 3291 sima
415 3217 470 3292 vel
496 3216 603 3306 circa,
641 3217 704 3290 SS.
725 3218 768 3288 u.
797 3217 839 3288 N.
868 3214 1016 3291 indutus
1049 3213 1198 3306 amictu,
1232 3215 1326 3306 alba,
1350 3216 1510 3314 cingulo,
1540 3219 1625 3293 stols

302 3341 474 3432 malacae,
511 3346 634 3416 manto
668 3339 780 3414 rubeo
806 3345 842 3414 et
869 3339 1026 3438 desuper
1049 3340 1201 3438 capucio
1227 3340 1341 3417 rubeo
1367 3342 1524 3434 inverso,
1557 3343 1627 3416 sine

303 3491 411 3544 oruee
427 3466 661 3563 sequentibus
678 3465 797 3562 ipsum
819 3463 1059 3540 cardinalibus
1075 3472 1112 3540 et
1126 3466 1204 3540 aliis
1224 3489 1326 3541 more
1342 3466 1461 3557 solito,
1478 3467 1577 3541 venit
1588 3465 1628 3539 ad

303 3588 479 3686 cupellam
499 3589 692 3684 maJorem,
717 3587 842 3680 oravit,
869 3590 974 3680 sedit,
1000 3591 1166 3683 surrexit,
1197 3591 1284 3666 dixit
1307 3592 1420 3666 Pater
1440 3603 1572 3684 noster,
1596 3596 1626 3663 et

301 3713 371 3788 alia
399 3713 521 3787 omnia
543 3735 644 3787 more
669 3720 857 3804 consueto,
885 3721 921 3790 et
944 3723 1050 3812 prout
1077 3717 1113 3790 in
1139 3716 1372 3791 ceremoniali
1400 3717 1624 3792 observatum

304 3847 372 3933 est,
413 3847 494 3914 sunt
532 3839 732 3916 observata.
753 3839 950 3914 ¹Fimbriae
991 3842 1103 3916 manti
1137 3846 1234 3940 Papo
1271 3849 1345 3917 tam
1373 3843 1494 3918 eundo
1528 3863 1624 3941 quem

304 3965 663 4063 redeundoportavit
685 3969 725 4040 R.
752 3968 792 4040 P.
824 3969 867 4039 D.
895 3967 1081 4065 Philippus
1097 3967 1390 4066 archiepiscopus
1414 3967 1623 4043 Arelatensis

303 4090 475 4167 assistens
491 4094 601 4188 Papo,
611 4089 670 4186 qui
684 4096 720 4164 et
735 4113 862 4164 omnes
875 4090 934 4164 alii
949 4091 1159 4168 assistentes
1174 4093 1380 4168 habuerunt
1390 4094 1579 4168 manteNos
1592 4097 1622 4164 et

304 4219 452 4317 capucia
468 4217 505 4291 in
520 4219 666 4292 modum
683 4216 985 4292 cubiculariorum
1002 4223 1037 4292 et
1053 4241 1126 4292 non
1141 4241 1287 4316 cappas.

352 4343 457 4418 Feria
477 4342 601 4438 quinta
624 4341 773 4440 majoris
792 4341 1035 4432 hebdomade,
1054 4348 1075 4415 d
1097 4344 1231 4418 mensis
1252 4343 1387 4442 aprilis,
1413 4347 1478 4421 SS.
1504 4349 1548 4420 l).
1569 4346 1619 4430 N.‚

301 4474 449 4568 paratus
472 4467 620 4558 amictu,
642 4466 735 4558 alba,
762 4467 920 4564 cingulo,
949 4467 1053 4557 stola,
1084 4467 1227 4565 pluviali
1252 4467 1343 4542 albis
1369 4475 1406 4544 et
1428 4469 1537 4545 mitra
1555 4488 1621 4567 pre

303 4595 408 4684 tiosa,
436 4592 716 4691 precedentibus
747 4615 856 4668 cruce
885 4579 921 4668 et
952 4593 1212 4684 cardinalibus,
1239 4592 1335 4668 veuit
1364 4594 1412 4668 ed
1442 4594 1615 4694 sepedum,

303 4719 428 4809 oravit,
455 4718 542 4792 lecit
574 4717 842 4792 confessionem
875 4743 959 4793 cum
991 4719 1212 4810 celebrante,
1239 4719 1404 4794 ascendit
1429 4721 1476 4795 ad
1502 4719 1615 4794 solium

303 4851 339 4920 ot
354 4868 426 4918 non
441 4852 496 4920 cst
511 4844 544 4920 ei
559 4844 652 4918 lacta
672 4844 871 4920 reverentia
885 4868 907 4918 a
920 4843 1174 4934 cardinalibus,
1198 4844 1264 4918 sed
1284 4845 1453 4919 adstatim
1476 4837 1614 4943 imposui

303 4967 502 5042 incensum.
530 4973 653 5043 Rmus.
681 4972 723 5043 D.
747 4969 937 5044 cardinalis
971 4967 1285 5044 vicecancellarius
1316 4969 1510 5068 episcopus
1542 4971 1613 5042 Por·

304 5093 442 5166 lucusis
466 5094 659 5198 celebravit
683 5095 850 5186 missam,
874 5095 962 5172 dixit
989 5097 1112 5172 Gloria
1136 5099 1174 5172 in
1193 5099 1352 5192 excelsis,
1373 5100 1459 5173 Par
1481 5097 1566 5172 eota
1584 5093 1611 5163 el
