3424 6038
79 477 216 544 [Novembre
231 479 297 540 1488]
391 475 517 532 RERUM
540 473 768 530 URBANARUM
792 469 1055 529 COMMENTARH.
1332 469 1385 524 323

77 630 128 704 scd
141 651 203 725 per
215 633 327 700 totam
347 626 481 712 Urbem
501 623 683 720 divulgata
703 629 739 696 et
758 621 928 720 prescita.
957 625 1031 718 Ego
1054 640 1125 691 non
1143 615 1302 708 interfui,
1321 619 1386 692 sed

75 755 167 828 tratre
189 751 314 850 preiati
336 749 516 826 Gullielmi
539 748 727 824 camerarii
753 747 895 838 secreti,
919 747 979 843 qui
1006 745 1180 837 interfuit,
1201 747 1271 822 bec
1296 743 1384 818 mihi

74 881 246 970 referente,
265 876 398 968 notavi,
420 875 504 950 licet
524 881 653 948 contra
674 897 840 947 normam
866 871 1156 946 ceremoniarum
1179 878 1385 946 nostrarum

75 1003 235 1094 ectasint,
262 1026 332 1098 que
355 1025 526 1098 expresse
549 999 744 1098 probibent
768 997 938 1072 mulieres
958 1022 1038 1072 esse
1060 997 1097 1070 in
1121 996 1282 1072 convivio
1302 1020 1386 1071 cum

75 1127 245 1202 Pontifice.
577 1146 578 1150 ’

112 1253 207 1329 Faria
226 1252 344 1345 tertia,
382 1258 424 1326 18
452 1249 670 1340 novembris,
703 1249 739 1320 in
766 1247 905 1346 capella
925 1248 1063 1344 majore
1090 1245 1211 1344 palatii
1241 1247 1337 1343 apud
1353 1273 1383 1320 s.

74 1385 203 1454 Petrum
234 1402 301 1476 pro
325 1377 418 1451 iesto
442 1373 678 1452 dedicationis
706 1373 936 1447 basilicarum
957 1372 1203 1470 apostolorum
1233 1373 1329 1446 Petri
1352 1381 1388 1448 et

73 1505 169 1593 Pauli,
184 1509 231 1576 R.
255 1507 294 1576 P.
320 1507 364 1577 D.
386 1501 554 1578 Staienus
579 1499 872 1598 archiepiscopus
889 1498 1114 1574 Patracensis
1136 1507 1171 1572 et
1195 1498 1386 1596 episcopus

71 1628 339 1706 torcellaneosis
360 1627 552 1702 celebravit
566 1625 713 1700 missam
734 1625 948 1716 solemnem,
971 1629 1067 1721 Papa
1089 1629 1124 1698 et
1145 1623 1386 1698 cardinalibus

70 1756 296 1852 presentibus.
313 1729 416 1827 Dicta
428 1760 484 1827 est
499 1755 638 1824 tantum
657 1775 728 1824 una
747 1751 862 1824 oratio
883 1759 919 1842 et
938 1751 1073 1840 Credo;
1087 1775 1159 1824 non
1173 1751 1238 1824 iuit
1251 1775 1384 1826 sermo.

69 1884 163 1955 Facta
180 1879 383 1955 reverentia
399 1901 465 1978 per
484 1876 699 1965 cardinales
722 1883 758 1952 et
778 1876 873 1950 dicto
897 1904 903 1949 :
933 1876 1054 1950 Gloria
1076 1877 1113 1948 in
1132 1877 1274 1950 eccelsia
1293 1878 1386 1966 Dec,

69 2010 153 2106 Papa
174 2005 357 2082 mandavit
381 2002 484 2091 mibi,
516 2008 555 2075 ut
581 2001 618 2074 in
652 2001 821 2099 gradibus
847 2001 927 2075 solii
950 2003 1070 2076 locum
1100 2001 1224 2075 darem
1246 2003 1388 2077 cuidam

69 2131 187 2206 oratori
204 2131 302 2229 regis
318 2129 461 2218 Russie,
480 2128 525 2201 ad
537 2151 639 2201 suam
650 2127 886 2202 Sanctitatem
901 2150 965 2225 pro
980 2126 1390 2226 obedientiaprestanda

68 2255 178 2347 misso,
203 2257 302 2354 quod
326 2265 361 2330 et
393 2255 463 2329 ieci
492 2263 527 2329 et
561 2255 611 2328 illi
638 2255 761 2328 locum
782 2253 960 2352 assignavi
982 2255 1047 2326 sub
1072 2261 1253 2345 senatore,
1269 2280 1388 2353 ¹supra

70 2389 330 2458 conservatores
344 2405 488 2456 camere
505 2379 623 2454 Urbis.
643 2379 771 2454 Dmnia
787 2379 856 2454 alia
871 2381 964 2454 iacta
984 2386 1067 2453 sunt
1081 2403 1182 2455 more
1198 2387 1385 2454 consueto.

109 2509 208 2584 Faria
231 2514 370 2604 quarta,
400 2513 441 2580 19
465 2506 684 2595 novembris,
714 2512 797 2580 ante
821 2487 949 2580 horam
977 2513 1012 2580 et
1040 2505 1162 2581 locum
1192 2506 1387 2595 audientia,

70 2632 320 2731 suprapalcum
337 2630 374 2704 in
394 2631 501 2728 plano
522 2655 631 2729 supra
645 2631 777 2729 gradus
797 2638 1041 2729 preparatum,
1060 2657 1126 2730 per
1141 2637 1181 2706 R.
1195 2633 1233 2706 in
1248 2631 1389 2707 Christo

71 2757 102 2826 Ρ.
119 2759 157 2828 D.
173 2741 318 2830 Petrum
340 2757 552 2854 episcopum
577 2760 858 2832 Cesenatensem
880 2756 1083 2831 auditorem
1108 2781 1267 2847 camere,
1295 2757 1390 2830 lecta

69 2880 286 2955 confessione
317 2887 353 2954 et
381 2881 612 2978 inquisitione
640 2887 767 2956 contra
792 2881 968 2956 Jacobum
999 2884 1093 2958 Petri
1115 2889 1386 2981 Romeropres-

69 3001 221 3101 byterum
237 3004 430 3080 llerdensis
446 3005 664 3105 (i)diecesis
684 3006 721 3080 io
742 3006 927 3103 Hispania,
945 3008 1150 3104 professum
1171 3009 1386 3082 canonicum

70 3129 262 3225 regularem
273 3130 410 3204 ordinis
424 3156 453 3203 s.
467 3131 657 3228 Augustini
669 3132 776 3224 iacta,
792 3132 916 3206 habita
931 3137 966 3205 et
975 3133 1059 3224 lata,
1076 3157 1117 3208 ac
1133 3133 1389 3208 commissione

70 3231 174 3349 super·
185 3255 316 3330 actuali
341 3256 598 3354 degradatione
625 3257 804 3348 iacienda,
825 3259 993 3332 eumdem
1007 3259 1183 3333 Jacobum
1198 3259 1387 3334 actualiter

69 3374 266 3476 degradavit
278 3382 549 3478 juxtaiormam
573 3382 805 3480 pontificalis,
828 3388 864 3457 et
887 3405 970 3457 eum
986 3383 1221 3480 degradatum
1234 3384 1389 3458 Ambro-

70 3502 137 3579 sino
162 3505 336 3603 barigello
361 3507 601 3604 consignavit,
630 3515 679 3597 et,
702 3514 870 3605 presente
897 3512 940 3582 D.
965 3508 1108 3584 tustino
1133 3510 1319 3600 advocatu,
1344 3513 1387 3582 N.

70 3627 107 3703 de
120 3633 247 3704 Parma
262 3638 495 3728 procuratore
512 3633 639 3724 tiscali,
659 3641 692 3708 et
711 3640 786 3708 toto
799 3635 932 3733 populo
946 3642 1086 3710 astante
1102 3641 1138 3710 et
1150 3635 1305 3726 vidente,
1324 3633 1392 3707 iuit

70 3762 100 3828 et
120 3757 247 3832 exinde
272 3781 339 3855 per
364 3757 576 3856 barigellum
600 3761 646 3833 ad
674 3760 800 3834 turrim
823 3761 968 3836 Soldani
984 3762 1166 3836 reductus.
1192 3765 1316 3834 Rmus.
1345 3763 1388 3832 D.

69 3881 368 3958 vicecancellarius
380 3883 533 3959 obtinuit
548 3907 613 3982 pro
627 3907 670 3958 eo
684 3909 706 3958 a
720 3887 783 3959 SS.
805 3888 846 3958 Ι).
862 3889 904 3958 Ν.
924 3886 1076 3982 gratiam
1087 3886 1169 3960 vite.

112 4007 211 4082 rena
225 4007 363 4105 quinta,
384 4013 430 4082 20
447 4009 668 4100 novembris,
686 4015 809 4086 Rmus.
829 4015 872 4084 D.
901 4011 1092 4086 cardinalis
1107 4010 1283 4084 Ascanius
1307 4009 1392 4083 iecit

70 4133 248 4228 prandium
275 4155 359 4208 cum
386 4137 450 4208 SS.
480 4138 524 4208 D.
549 4139 613 4226 N.;
639 4143 720 4234 post
747 4137 938 4234 prandium
957 4137 1078 4212 venati
1103 4143 1185 4210 suot
1209 4135 1246 4208 in
1273 4134 1388 4224 vinea,

70 4263 102 4328 et
118 4257 152 4331 in
167 4265 273 4334 nocte
298 4259 464 4356 sequenti
481 4259 658 4335 Sanctitas
674 4286 740 4336 sua
761 4261 798 4335 in
814 4289 958 4361 gravem
971 4264 1224 4364 infirmitatem
1247 4262 1385 4355 incidit,

72 4406 110 4456 ex
122 4384 331 4484 quasdeiode
346 4385 392 4460 de
408 4387 442 4484 ej
448 4409 488 4460 us
505 4386 605 4460 obitu
620 4385 783 4484 pluribus
797 4389 954 4488 suspicio
970 4389 1077 4465 venit.

115 4512 152 4584 ln
165 4517 271 4588 nocte
292 4511 471 4609 sequenti,
493 4512 551 4588 die
568 4513 659 4611 jovis
676 4517 721 4587 20
741 4515 959 4608 novembris,
980 4540 1062 4590 curn
1084 4539 1209 4590 rumor
1227 4514 1272 4588 de
1293 4517 1388 4611 Pape

74 4631 163 4710 obitu
187 4645 296 4731 esset,
329 4641 454 4711 Rmus.
491 4641 535 4711 D.
567 4637 757 4712 cardinalis
785 4639 1002 4714 camerarius
1032 4646 1067 4714 et
1095 4639 1140 4713 de
1167 4638 1319 4727 Ursinis,
1351 4644 1392 4710 ut

74 4767 189 4853 postea
210 4763 347 4838 dictum
375 4769 443 4855 est,
471 4763 509 4836 in
533 4763 699 4839 domibus
727 4765 801 4839 suis
827 4765 1001 4840 iamiliam
1028 4772 1141 4840 totam
1161 4765 1258 4839 illico
1280 4788 1395 4838 arma-

76 4893 201 4980 verunt,
216 4887 449 4987 providendo,
468 4889 497 4964 si
513 4913 617 4966 casus
631 4889 825 4984 evenisset,
844 4891 951 4967 rebus
968 4889 1197 4990 opportunis3
1214 4893 1296 4987 post
1308 4888 1391 4977 hec,

110 5166 130 5221 t.
149 5163 302 5240 ilerdensis,
317 5167 425 5239 Laride,
439 5185 474 5226 en
490 5167 649 5244 catalogue.
