3496 6056
137 515 221 580 [dont
235 515 302 580 rial]
472 511 599 570 RERUM
623 509 851 570 URBANARUM
876 509 1139 570 COMMENTAHll.

183 663 370 742 audistore
386 724 395 758 ‚

181 788 375 888 acolythus
391 813 473 865 curn
488 789 672 867 thuribulo
687 798 723 867 et
738 795 923 888 navicella,

185 919 327 1012 septem
342 915 397 990 vel
413 917 459 990 ad
472 917 592 991 minus
607 917 679 993 duo
698 919 856 1020 acolythi
871 920 1096 1012 ceroferarii,

186 1039 434 1116 subdiaconus
453 1065 600 1116 crucem
615 1049 762 1142 portans
775 1068 858 1119 cum
874 1045 1022 1142 collegis
1037 1047 1124 1135 suis,

186 1165 260 1246 duo
276 1165 487 1242 subdiaconi
502 1167 671 1266 epistolas
685 1167 813 1244 lecturi
827 1193 910 1244 cum
920 1171 1043 1246 liberis
1059 1173 1341 1271 evangeliorum,

178 1293 353 1369 diaconus
367 1292 589 1392 evangelium
604 1315 753 1391 grecum
769 1295 943 1387 dicturus,

180 1419 333 1496 abbates
345 1419 521 1508 forenses,

182 1544 359 1645 episcopi,

181 1672 459 1773 archiepiscopi,

177 1797 338 1897 episcopi
353 1805 389 1873 et
404 1797 667 1898 archiepiscopi
684 1803 780 1898 Papo
797 1799 1020 1895 assistentes,

176 1924 329 2000 abbates
344 1923 462 2015 Urbis,

178 2047 398 2146 patriarche,
415 2046 518 2146 siqui
534 2055 617 2124 sunt
635 2077 643 2123 ε

176 2169 320 2246 diaconi

172 2297 376 2398 presbyteri
447 2296 647 2373 cardinales

176 2424 338 2524 episcopi

175 2553 351 2627 diaconus
368 2547 594 2646 evangelium
608 2548 768 2624 dicturus
779 2548 920 2624 medius
936 2549 1030 2624 inter
1041 2549 1132 2624 duos
1148 2549 1339 2625 draconios
1354 2549 1460 2624 assis-

121 2687 244 2755 tentes
268 2679 327 2778 qui
348 2686 470 2753 tamen
495 2673 767 2751 convenientius
791 2675 1014 2774 aurifrigium
1033 2675 1194 2775 pluvialis
1213 2676 1299 2751 hinc
1320 2683 1356 2750 et
1374 2677 1458 2752 inde

124 2802 362 2880 deferrent
327 2828 396 2877 msr
386 2801 534 2900 Papa'
525 2825 561 2874 m
577 2800 663 2874 sede
678 2799 886 2893 veheretur,

168 2931 242 3005 duo
258 2927 379 3005 clerici
393 2925 681 3004 ceremoniarum
694 2947 847 3022 quorum
862 2925 1043 3022 antiquior
1057 2949 1212 3002 cannam
1221 2926 1456 3024 longitudinis

118 3055 295 3131 undecim
321 3065 519 3130 cannarum
544 3051 650 3126 rel'
619 3073 728 3143 circa,
757 3074 840 3124 curn
865 3056 994 3148 stuppa
1018 3051 1062 3125 de
1083 3074 1191 3148 super
1213 3051 1344 3148 posita,
1364 3051 1455 3124 alius

116 3179 230 3256 aliam
249 3203 402 3254 cannam
415 3202 499 3253 cum
515 3175 667 3252 candela
683 3163 833 3249 ardente
848 3174 1005 3272 desuper
1028 3183 1151 3273 aptata
1163 3173 1341 3266 delerant,

172 3309 271 3405 Papa
290 3305 358 3380 sub
381 3302 597 3380 baldachino
617 3298 715 3400 quod
737 3299 919 3396 digniores
940 3299 1078 3375 nobiles
1095 3299 1150 3375 vel
1168 3307 1328 3376 oratores
1348 3299 1452 3375 Urbis

117 3437 187 3506 aut
197 3437 469 3508 conservatores
486 3431 644 3528 portent,

169 3553 331 3629 decanus
353 3551 559 3627 auditorum
575 3557 652 3626 rote
672 3573 756 3626 cum
772 3551 916 3626 tobalea
935 3549 981 3624 ad
1002 3551 1137 3626 collum
1158 3575 1225 3651 pro
1249 3551 1357 3626 mitra
1373 3575 1452 3628 me·

117 3680 203 3756 dius
222 3679 319 3755 inter
330 3679 421 3754 duos
437 3676 677 3753 cubicularios
691 3683 851 3751 secretos
867 3675 1061 3774 pontificis,

165 3803 295 3906 prelati
307 3827 381 3879 non
393 3801 522 3902 parati,
540 3802 569 3877 si
584 3801 645 3900 qui
657 3802 739 3894 sint,

163 3929 403 4032 protonotarii
421 3953 430 4004 :

169 4059 374 4152 sequuntur
387 4059 425 4128 et
439 4049 497 4127 ulii
510 4049 635 4149 togati.

170 4179 299 4256 Finitis
313 4176 550 4268 orationibus,
571 4197 681 4274 super
702 4175 926 4272 pontificem,
954 4200 1020 4274 per
1040 4183 1113 4252 tres
1133 4178 1323 4276 episcopos
1338 4182 1451 4255 cardi-

122 4305 227 4382 nales
256 4303 417 4380 seniores
447 4301 563 4392 dictis,
590 4301 689 4400 prior
711 4301 894 4400 predictus
915 4323 999 4374 cum
1022 4301 1164 4376 seniore
1191 4303 1343 4378 diacono
1369 4313 1450 4402 post

123 4454 208 4506 eum
223 4427 365 4504 aceedit
383 4425 431 4500 ad
444 4424 555 4500 altare
570 4425 702 4522 majus,
723 4423 767 4498 de
781 4447 851 4520 quo
870 4423 937 4521 ipsi
955 4427 1062 4500 ambo
1078 4426 1184 4500 simul
1202 4428 1350 4525 pallium
1373 4430 1448 4504 ele-

122 4561 218 4646 uant,
237 4559 272 4630 et
296 4553 395 4652 prior
406 4552 484 4650 ipse
501 4551 598 4626 solus
616 4549 777 4649 pontifici
793 4549 958 4649 imponit,
976 4550 1100 4624 dicens
1119 4577 1126 4622 :

169 4711 186 4750 α
198 4679 333 4778 Accptae
336 4677 644 4778 pallium‚scilicet
647 4675 907 4774 plenitudinem
914 4675 1131 4774 pontificalis
1144 4677 1271 4776 officii,
1285 4679 1335 4752 ad
1341 4680 1447 4756 hono-

116 4829 192 4880 rem
203 4802 543 4902 omnipotentisDei,
559 4801 710 4901 pleniore
724 4801 873 4898 carpinis
891 4799 1010 4873 Maria
1025 4800 1105 4896 ejus
1114 4803 1313 4898 peccatricis,
1336 4806 1448 4882 beato-

115 4956 199 5006 rum
214 4929 450 5030 apostolorum
473 4927 576 5002 Petri
589 4937 625 5000 et
636 4925 761 5016 Pauli,
783 4937 818 4999 et
833 4935 1051 5000 sacrosancte
1069 4950 1213 5001 romane
1236 4927 1446 5008 Ecclesia.»

168 5055 305 5132 Deinde
323 5055 412 5130 illud
426 5052 493 5130 sihi
509 5077 592 5130 cum
612 5051 726 5128 tribus
746 5051 895 5149 spinulis
913 5059 1010 5150 aptat
1028 5059 1111 5127 ante
1132 5077 1240 5152 super
1256 5055 1448 5132 humerum

116 5181 300 5256 sinistrum
313 5189 350 5258 et
364 5187 475 5258 retro.

258 5349 283 5388 r.
300 5351 318 5387 r.
1288 5335 1306 5390 6
