3508 6034
302 477 365 532 lea.
754 473 930 530 Jounuuvs
954 472 1176 546 euacuanuv,
1482 477 1620 552 [nervat
1733 467 1734 560 ξ

302 631 395 702 viam
411 628 481 701 hoc
495 628 620 701 ordina
636 627 681 700 ad
697 626 829 700 dictam
845 627 1030 700 basilicam
1052 653 1059 700 ε
1079 629 1232 724 cognovi
1247 629 1295 701 ibi
1311 632 1373 704 88.
1395 637 1437 705 D.
1449 635 1493 705 N.
1506 655 1625 727 grava·
1733 717 1734 726 ἵ

305 763 379 829 lum
391 778 433 827 ac
449 753 605 827 debilem
618 775 715 838 asse;
729 758 1018 849 propterea,non
1030 751 1138 848 louge
1153 751 1295 826 adamo
1306 753 1501 827 cardinalis
1512 779 1542 826 s.
1554 755 1626 830 Cle·
1733 807 1734 810 ,

303 881 449 971 mentis,
468 878 539 952 dixi
556 901 621 952 sue
641 880 676 950 S.
696 876 921 950 commodius
941 877 1101 950 futurum
1121 879 1150 950 si
1166 885 1267 952 recta
1287 881 1346 952 via
1365 879 1624 954 benedictionis
1733 883 1734 960 Ῐ

303 1002 443 1100 publice
459 1001 581 1074 locum
605 999 832 1088 ascenderat,
861 1001 993 1096 populo
1013 1000 1148 1075 ibidem
1168 1005 1380 1080 solemniter
1395 1008 1625 1082 benediceret

304 1136 339 1201 et
360 1127 442 1200 inde
467 1125 513 1198 ad
542 1148 724 1198 cameram
751 1131 787 1198 at
809 1121 968 1220 quietem
998 1148 1100 1198 suam
1131 1127 1280 1218 rediret,
1312 1131 1558 1204 cardinalibus
1586 1133 1624 1204 ad

303 1253 451 1324 missam
465 1251 692 1324 venientibus
706 1249 743 1321 in
758 1249 907 1322 basilica
921 1248 1085 1345 predicta
1104 1251 1377 1346 celebrandam;
1402 1255 1502 1352 quod
1523 1258 1626 1329 Sanc·
1733 1287 1734 1290 ¹

304 1377 394 1451 litati
413 1399 476 1449 sue
494 1375 638 1471 placuit.
660 1373 816 1448 Dimissa
836 1373 946 1470 igitur
963 1377 1197 1472 processione
1225 1379 1290 1452 sub
1313 1383 1455 1477 porticu
1483 1381 1625 1454 basilice
1733 1389 1734 1480 l

303 1501 477 1598 predicte,
504 1499 632 1598 prelati
659 1506 695 1574 et
719 1499 920 1573 cardinales
958 1503 1073 1596 parati
1102 1511 1184 1600 post
1213 1527 1358 1579 crucem
1384 1507 1625 1602 pontificalem
1733 1515 1734 1584 ἶ

303 1627 423 1700 locum
454 1625 657 1722 pradictum
684 1623 940 1715 ascenderunt,
974 1625 1035 1697 ubi
1065 1628 1226 1722 pontifex
1255 1632 1388 1728 populo
1420 1633 1627 1706 solemniter
1733 1683 1734 1692 ,

303 1777 411 1825 manu
444 1776 507 1825 sua
537 1775 637 1825 more
668 1750 773 1823 solito
804 1749 988 1823 benedixit
1020 1749 1325 1849 (vicecancellario
1358 1756 1627 1830 tabernaculum

304 1903 385 1951 cum
401 1877 653 1952 ferrointerim
669 1874 763 1972 apud
777 1874 987 1971 pontificem
1007 1877 1165 1976 tenente)
1186 1885 1222 1952 et
1241 1879 1422 1976 plenarias
1440 1881 1629 1978 indulgen·
1733 1863 1734 1936 l

303 2003 370 2076 tias
385 2001 520 2076 ibidem
538 2007 574 2076 et
591 2002 628 2073 in
644 1999 798 2074 ecclesia
813 1999 1050 2073 existentibus
1063 2002 1123 2096 qui
1138 2005 1362 2099 processioni
1376 2006 1626 2094 interfuerunt,
1733 2023 1734 2108 t

303 2127 500 2216 concessit;
518 2150 606 2223 quas
626 2125 750 2198 Remi.
769 2126 845 2197 DI).
871 2125 1089 2198 camerarius
1112 2127 1222 2204 latine
1243 2135 1279 2202 et
1299 2130 1343 2203 de
1362 2131 1542 2204 Columna
1557 2155 1630 2203 car·

303 2251 439 2325 dinales
455 2251 649 2348 vulgariter
667 2249 895 2347 publicarunt
912 2275 920 2322 :
938 2250 1068 2346 quibus
1083 2252 1200 2345 lectis,
1220 2255 1382 2351 pontifex
1409 2280 1495 2329 cum
1517 2256 1629 2330 taber·

303 2375 433 2449 nacula
449 2376 617 2471 ferroque
629 2375 770 2470 signnm
787 2373 903 2446 crucis
920 2397 1028 2472 super
1042 2376 1215 2472 populum
1227 2377 1408 2474 produxit.

350 2500 513 2574 Accessit
537 2498 669 2573 deinde
692 2499 903 2595 pontificem
925 2499 1212 2576 Chamisbuerch
1231 2511 1355 2577 orator
1369 2503 1494 2600 magni
1514 2505 1625 2587 Tucci,
1733 2481 1734 2570 l

302 2647 368 2722 par
379 2647 487 2720 quam
502 2625 781 2697 Turcusferrum
792 2623 910 2720 ipsum
920 2625 1123 2721 predictum
1139 2625 1300 2715 miserat,
1314 2633 1350 2700 et
1366 2626 1557 2700 Sanctitati
1569 2649 1626 2699 sue

303 2748 476 2845 quasdam
505 2748 629 2822 literas
655 2748 873 2845 presentavit
897 2754 932 2822 et
958 2773 1024 2846 per
1042 2751 1237 2846 Georgium
1256 2750 1499 2824 Bucciardum
1521 2751 1626 2823 iuter·

302 2884 443 2975 pretam
475 2899 579 2950 suum
605 2875 770 2972 exposuit
799 2875 999 2972 principem
1033 2899 1138 2948 suum
1164 2875 1301 2949 ferrum
1327 2876 1539 2974 hujusmodi
1563 2877 1623 2948 sibi

301 3004 412 3076 missa
436 3008 471 3076 et
484 3000 623 3098 rogavit
639 3007 678 3074 ut
691 3001 839 3073 fratrem
854 2999 1027 3096 principis
1040 2999 1185 3074 visitare
1204 3009 1342 3096 posset,
1356 3009 1392 3075 et
1405 3002 1506 3097 quod
1517 3005 1623 3076 Sanc-

302 3127 384 3200 titas
401 3149 467 3198 sua
479 3125 597 3222 ipsum
613 3123 685 3198 cito
701 3125 907 3220 expeditum
923 3124 1138 3198 remitterat.
1163 3125 1342 3199 Sanctitas
1362 3149 1428 3199 sua
1440 3126 1624 3223 respoudit

302 3273 339 3324 sa
355 3250 478 3324 literas
492 3250 662 3338 visurum,
678 3248 808 3322 deinde
823 3248 890 3320 sibi
904 3271 1119 3344 responsum
1135 3248 1322 3338 daturum;
1339 3250 1465 3324 literas
1483 3251 1623 3324 tradidit

301 3372 574 3470 archiepiscopo
587 3373 790 3446 Arelatensi
817 3371 1096 3462 conservandae,
1120 3397 1190 3468 que
1212 3382 1299 3446 tunc
1323 3383 1447 3470 aparte
1464 3398 1539 3449 non
1554 3376 1623 3448 fue-

301 3505 402 3586 runt;
418 3498 606 3572 dicebatur
621 3497 718 3570 anim
741 3497 879 3571 dictum
895 3504 1077 3572 oratorem
1097 3499 1336 3594 quadraginta
1350 3499 1465 3572 millia
1480 3501 1623 3575 ducatos

300 3623 463 3720 pontifici
476 3623 638 3696 attulisse
654 3622 691 3693 in
705 3623 820 3697 literis
834 3621 1064 3720 specificatis,
1078 3631 1273 3720 propterea
1287 3624 1400 3698 lectas
1416 3649 1489 3698 non
1504 3627 1620 3698 fuisse,

351 3747 514 3821 Pontifex
534 3747 697 3820 ascendit
714 3747 859 3820 indeed
885 3748 1072 3845 palatium,
1099 3747 1257 3822 dimissis
1280 3749 1316 3822 iu
1341 3749 1442 3823 curia
1463 3751 1622 3823 cardina-

300 3874 395 3946 libus
416 3871 476 3968 qui
496 3870 541 3943 ad
559 3870 744 3945 basilicam
767 3873 967 3969 predictam
985 3873 1135 3962 iverunt,
1160 3874 1198 3946 in
1221 3897 1292 3970 qua
1307 3879 1431 3946 llmus.
1450 3877 1494 3947 D,
1515 3874 1623 3949 cardi-

300 3998 442 4071 naliss,
467 3995 663 4070 Clementis
692 3997 885 4072 celebravit
915 3999 1064 4070 missam
1094 3998 1293 4094 publicam,
1320 4007 1356 4072 et
1380 4000 1504 4072 omnia
1530 4023 1622 4074 more

301 4123 406 4197 solito
423 4128 506 4196 sunt
521 4123 722 4196 observata.
738 4123 835 4195 lllus.
858 4124 1027 4220 princeps
1046 4127 1165 4220 Capua
1186 4123 1296 4196 misse
1315 4123 1478 4198 interfuit
1492 4147 1537 4197 ac
1550 4131 1621 4221 post

300 4255 444 4322 Rmum.
462 4252 504 4323 Ι).
524 4248 746 4322 cardinalem
762 4253 961 4324 Senensem
979 4249 1215 4324 diaconorum
1230 4251 1390 4348 priorem
1406 4251 1498 4324 sedit
1504 4253 1622 4349 ,quia

299 4397 357 4446 ma
372 4373 475 4470 petiit
490 4397 561 4470 quo
577 4373 703 4447 ordine
721 4375 875 4472 principi
899 4399 970 4473 pax
990 4375 1110 4448 danda
1129 4382 1239 4466 esset,
1257 4400 1322 4473 pro
1346 4400 1390 4449 eo
1414 4376 1512 4473 quad
1536 4378 1620 4450 inter
1733 4359 1734 4414 1

299 4497 501 4571 cardinales
535 4505 659 4589 staret,
698 4521 801 4572 secus
833 4501 862 4572 si
891 4508 974 4598 post
1000 4523 1063 4575 eos
1094 4529 1101 4574 :
1131 4503 1244 4576 voluit
1272 4501 1508 4576 nihilominus
1534 4499 1621 4600 quod

300 4623 393 4695 Rmi.
423 4627 466 4700 b,
486 4621 677 4696 cardinalis
699 4624 985 4699 vicecancellarii
1010 4651 1119 4725 super
1139 4627 1210 4701 hoc
1232 4627 1412 4724 judicium
1435 4627 1618 4714 haberem

300 4748 358 4819 cui
388 4748 555 4822 similiter
580 4757 616 4823 et
643 4749 791 4823 domino
818 4773 900 4825 meo
925 4752 1096 4849 episcopo
1122 4752 1305 4843 Pientina,
1335 4753 1393 4826 eui
1424 4752 1522 4828 idam
1543 4761 1619 4826 tunc

297 4875 572 4966 communicavi,
600 4875 736 4972 placuit
762 4899 845 4950 mca
874 4879 1056 4952 sententia
1081 4902 1151 4973 que
1169 4887 1205 4954 et
1225 4903 1291 4976 per
1314 4883 1460 4952 Rmum.
1488 4883 1530 4953 b.
1560 4880 1617 4950 Sa-

296 5017 449 5069 neusem
474 4999 653 5095 prefatum
685 5001 751 5074 fuit
787 5002 989 5094 observata,
1021 5005 1082 5100 qui
1111 5028 1239 5102 pacem
1265 5004 1419 5102 principi
1453 5004 1561 5094 dedit,
1587 5007 1618 5074 et
1733 5039 1734 5048 =

295 5120 463 5218 princeps
479 5125 691 5200 camerario.
710 5127 813 5200 Circa
834 5129 944 5203 linem
957 5130 1082 5224 misse,
1102 5131 1227 5205 RRmi.
1249 5133 1327 5208 DD.
1352 5133 1616 5206 Beneventanus
