3496 6056
65 455 258 524 [maurellae]
383 455 509 512 RERUM
533 455 761 513 URBANARUM
785 453 1046 512 COMMENl'ARll.
1329 457 1380 512 113

63 610 360 686 inhonestissimos
375 611 440 684 luit
454 618 490 686 et
505 611 634 708 majori
650 610 742 708 parti
757 609 993 684 cardinalium
1006 605 1200 703 displicuit.
1216 605 1379 680 Debebat

62 738 145 811 enim
159 738 229 810 dux
242 737 335 810 inter
349 737 440 810 duos
460 737 623 810 seniores
643 736 815 810 diaconos
837 736 873 808 in
893 733 1018 808 ultimo
1038 733 1133 822 loco,
1156 735 1194 803 ut
1214 736 1375 820 venerat,

62 861 262 956 equitantes,
281 861 410 936 iterum
426 863 601 957 equitare,
618 885 691 934 non
709 861 801 936 inter
816 861 952 959 primos
973 857 1178 954 episcopos,
1197 857 1294 953 quod
1310 855 1376 930 soli

64 985 255 1082 imperatori
279 985 466 1076 convenit;
490 992 612 1060 tamen
639 985 723 1082 quin
746 985 795 1058 ila
815 984 947 1082 placuit
970 980 1278 1072 vicecancellario,
1303 1004 1377 1054 nou

64 1111 149 1206 potui
164 1110 268 1184 aliter
283 1112 462 1186 ordinare.

107 1234 202 1308 Faria
230 1243 334 1315 sexta
363 1237 526 1333 proxime
539 1236 722 1334 'preterita
749 1240 794 1308 22
824 1235 908 1308 dicti
933 1232 1068 1307 mensis
1096 1231 1255 1305 octobris
1282 1231 1376 1305 circa

66 1361 203 1458 primam
230 1361 359 1436 horam
384 1363 500 1436 noctis
524 1365 612 1438 obiit
637 1349 760 1437 Rmus.
784 1363 820 1436 in
846 1362 984 1438 Christo
1009 1366 1048 1434 P.
1077 1367 1113 1435 et
1138 1364 1181 1434 l).
1210 1359 1379 1434 dominus

66 1485 253 1584 Stephanus
285 1485 375 1560 tituli
405 1510 434 1558 s.
463 1487 575 1562 llarie
607 1489 643 1562 in
679 1488 936 1563 Transtiberim
966 1487 1158 1585 presbyter
1188 1483 1378 1558 cardinalis

67 1609 331 1684 llediolanensis
356 1612 548 1709 vulgariter
571 1620 811 1712 nuncupatus,
842 1618 955 1688 Rome
980 1612 1015 1684 in
1028 1611 1160 1709 palatio
1186 1610 1379 1684 residentis

66 1758 137 1822 sue;
162 1736 259 1832 cujus
290 1735 444 1811 cadaver
473 1738 570 1813 circa
597 1739 776 1813 decimam
806 1715 936 1812 horam
966 1736 1128 1834 ejusdem
1158 1735 1275 1808 noctis
1301 1733 1379 1808 sinc

68 1881 188 1956 pompa
206 1862 249 1934 ad
272 1861 459 1936 basilicam
475 1864 646 1962 principis
669 1864 914 1964 apostolorum
938 1863 983 1935 de
1005 1861 1099 1936 Urbe
1124 1866 1286 1958 portatus
1311 1865 1379 1952 esl,

70 1989 99 2055 et
113 1983 153 2056 de
168 2008 210 2058 ea
224 1986 261 2058 in
277 1988 454 2062 Vaticano
466 1989 568 2086 juxta
581 1989 833 2088 baptismalem
849 1988 1023 2086 capellam
1048 1987 1093 2060 ad
1109 2009 1251 2060 murum
1266 1985 1380 2084 depo-

65 2107 168 2200 situm,
186 2113 288 2208 cujus
304 2112 424 2186 anima
440 2115 644 2210 requiescat
657 2115 695 2188 in
710 2139 799 2212 pace
818 2113 828 2212 (
852 2113 878 2212 ).

106 2235 201 2310 Faria
214 2243 355 2334 quarta,
375 2243 419 2310 27
437 2239 524 2313 dicti
540 2240 675 2314 mensis
692 2239 864 2332 octobris,
881 2236 1117 2312 veneruntad
1134 2239 1266 2312 Urbem
1283 2241 1324 2312 R.
1345 2237 1381 2310 in

68 2363 189 2437 Christo
202 2373 307 2462 pater
322 2369 364 2438 D.
383 2365 562 2439 Adrianus
584 2367 775 2464 episcopus
796 2363 967 2440 Senensis
984 2369 1033 2454 et,
1051 2363 1080 2436 si
1098 2370 1195 2438 recte
1214 2363 1376 2454 memini,

70 2487 128 2560 duo
142 2489 196 2562 alii
211 2490 309 2564 cives
322 2490 472 2563 civitatis
488 2493 659 2566 Senensis
674 2515 739 2591 pro
761 2490 968 2566 obedientia
983 2492 1046 2563 SS.
1066 2492 1110 2563 D.
1128 2493 1170 2564 N.
1188 2487 1382 2586 prestanda

72 2613 171 2702 missi;
188 2616 366 2689 alamulis
383 2619 446 2690 SS.
463 2619 505 2692 D.
524 2617 639 2690 nostri
659 2623 695 2692 el
715 2639 948 2692 romanorum
968 2614 1197 2688 dominorum
1213 2613 1380 2688 cardina-

71 2735 144 2810 lium
162 2745 196 2812 el
215 2742 418 2816 oratoribus
443 2743 580 2840 recepti
601 2741 757 2832 suerunt,
783 2747 817 2816 el
838 2765 951 2838 usque
972 2740 1017 2813 ad
1037 2740 1233 2838 hospitium
1252 2737 1380 2836 Angeli

70 2883 164 2958 pmpe
179 2887 348 2963 campum
363 2866 484 2958 Flore,
501 2889 602 2942 more
619 2868 809 2942 ethonore
831 2867 937 2940 solito
958 2865 1138 2939 associati.

109 2987 251 3064 Sabbato
270 2995 318 3065 30
333 2991 390 3065 die
406 2992 491 3066 dicti
514 2993 649 3067 mensis
669 2992 828 3067 octobris
844 2996 957 3066 Rome
974 2991 1011 3063 in
1030 2989 1162 3088 palatio
1178 2988 1378 3086 apostolico

68 3113 145 3206 apud
158 3139 185 3186 s.
204 3118 353 3190 Petrum
369 3116 406 3189 in
421 3117 565 3214 publico
582 3116 796 3192 consistorio
821 3117 856 3190 in
875 3116 979 3190 tertia
994 3115 1076 3188 aula
1090 3113 1226 3204 habito,
1244 3114 1371 3212 prelati

68 3243 206 3313 oratores
225 3239 374 3315 nomine
403 3241 554 3317 civitatis
577 3267 659 3334 sue,
682 3243 853 3340 episcopo
875 3240 1027 3316 Senensi
1048 3245 1186 3330 orante,
1204 3238 1372 3337 prestite-

71 3367 137 3434 runt
160 3363 400 3458 obedientiam
437 3369 586 3442 summis
614 3367 844 3466 pontificibus
879 3366 1036 3442 debitam
1065 3365 1206 3464 prelato
1234 3367 1299 3439 SS.
1327 3367 1369 3438 D.

70 3491 173 3560 nostro
186 3513 287 3565 more
305 3501 491 3568 consueto.
863 3587 865 3592 ι

108 3613 197 3688 Faria
227 3619 401 3709 secunda,
434 3623 455 3692 8
484 3617 620 3691 mensis
648 3617 867 3708 novembris,
898 3622 1024 3716 par-'ato
1055 3641 1099 3689 ex
1127 3639 1229 3690 more
1259 3619 1378 3688 castro

70 3732 181 3812 doloris
205 3741 240 3816 in
265 3744 441 3820 Vaticano
462 3750 564 3818 extra
582 3743 757 3842 capellam
773 3749 978 3818 sanctorum
993 3745 1136 3818 Andree
1159 3750 1195 3816 et
1214 3741 1379 3839 Gregorii

71 3853 98 3927 in
111 3859 243 3940 basilica
258 3893 289 3942 s.
309 3869 404 3942 Petri
425 3893 507 3944 cum
531 3871 609 3944 telis
632 3877 668 3946 et
687 3870 797 3944 armis
820 3893 861 3942 ac
877 3869 955 3944 aliis
972 3868 1183 3967 opportunis
1205 3867 1302 3941 dicta
1325 3873 1377 3940 est

72 3981 160 4058 missa
172 3989 205 4063 in
221 3994 359 4091 capella
378 3995 553 4092 predicta,
578 3995 694 4093 prima
713 3995 824 4068 missa
844 3993 1039 4092 exequialis
1058 4019 1123 4092 pro
1145 3993 1266 4067 anima
1284 3993 1378 4064 bone

71 4116 218 4190 memorie
239 4119 427 4217 Stephani,
450 4119 589 4194 titulis.
613 4118 722 4192 ltlorie
743 4118 778 4192 in
799 4117 1057 4191 Transtiberim
1074 4113 1275 4212 presbyteri
1295 4137 1375 4185 car-

71 4227 174 4310 dinalis
197 4242 474 4318 llediolanensis
501 4243 695 4341 vulgariter
718 4241 925 4340 nuncupati,
958 4264 1064 4336 quam
1090 4239 1124 4311 in
1156 4241 1374 4310 RRmorum.

72 4353 129 4427 bu.
161 4365 408 4460 cardinalium,
445 4369 664 4466 prelatorum
701 4375 737 4442 et
771 4368 923 4444 aliorum
963 4363 1150 4440 curialium
1193 4361 1376 4460 presentia

72 4479 237 4564 celebravit
268 4516 360 4566 unus
391 4517 435 4567 ex
461 4494 605 4567 llllmis.
638 4497 712 4567 llll.
752 4491 971 4592 presbyteris
1006 4487 1257 4564 cardinalibus.
1291 4489 1376 4559 Post

74 4603 207 4704 nissam,
231 4615 374 4690 babitus
404 4625 458 4692 cst
483 4644 617 4710 sermo,
648 4626 683 4694 et
710 4619 840 4694 deinde
863 4642 929 4716 per
953 4616 1198 4690 celebrantem
1220 4617 1256 4685 et
1285 4610 1375 4684 alios

74 4737 197 4819 qrvntuor
211 4741 409 4816 cardinales
424 4743 519 4818 lacta
532 4745 710 4819 absolutio
726 4751 762 4819 et
777 4745 846 4818 alia
863 4745 1051 4817 observata
1066 4764 1166 4814 more
1183 4742 1373 4812 consueto.

74 4847 342 4982 lnlratuovenam
361 4867 511 4965 singulis
527 4869 668 4958 diebuS,
686 4867 880 4942 celebravit
894 4865 1049 4965 primam
1064 4863 1212 4937 missam
1227 4861 1376 4960 quidam

74 5039 298 5210 belpollpcppzibua
312 5069 344 5111 sa
359 5057 430 5111 mort
443 5069 479 5112 au
500 5053 575 5128 dapit
591 5055 625 5112 de
644 5053 749 5112 n’aroir
768 5071 818 5128 pas
836 5051 954 5110 succede
976 5054 990 5107 l
1006 5049 1083 5109 Sixto
1099 5049 1145 5108 lV.
1166 5045 1241 5122 Vov.
1265 5042 1375 5104 Garin-

133 5173 140 5203 2
171 5179 176 5193 ·
246 5181 253 5200 .

185 5272 207 5312 r.
222 5275 240 5314 1.
1211 5253 1229 5312 8
