3508 6034
298 451 349 506 472
752 444 927 500 comunis
952 442 1173 511 conculam,
1460 421 1546 514 [aaa
1564 443 1630 504 uss

818 592 882 666 Er
904 593 972 664 olio
988 591 1076 665 libro
1089 619 1101 664 :

349 721 565 795 Benedictus
587 723 678 810 Xlll,
709 743 804 792 anuo
833 718 1006 814 vigesimo
1033 717 1085 791 sui
1105 716 1349 815 pontificatus,
1372 739 1466 792 anuo
1490 717 1632 791 Domini

298 849 538 922 MCCCCXIllI
560 845 596 917 iu
619 845 769 918 llorolla
784 844 829 917 ad
845 843 1143 942 supplicationem
1164 842 1259 940 regis
1276 847 1487 941 Aragonum
1503 843 1567 940 qui
1586 843 1632 916 ibi

297 980 386 1063 crat,
404 970 672 1070 possessionem
699 969 879 1066 publicam
906 969 1004 1042 lecit.
1033 973 1072 1042 lu
1093 970 1203 1042 missa
1218 969 1398 1043 audienda
1411 969 1483 1044 hoc
1500 967 1627 1042 ordine

298 1099 442 1171 luerunt
460 1122 467 1170 :
486 1095 603 1193 primo
632 1095 669 1166 in
690 1095 847 1191 quodam
873 1117 1021 1168 scamno
1049 1094 1199 1168 sedebat
1222 1095 1414 1193 episcopus
1439 1093 1632 1170 cardinalis

229 1270 233 1278 -
301 1247 406 1314 uuus,
420 1221 478 1318 qui
495 1221 591 1295 solus
604 1227 689 1295 tuuc
705 1227 782 1294 erat
798 1219 834 1291 in
850 1219 961 1312 curia,
981 1243 1043 1294 rex
1059 1220 1189 1295 deinde
1203 1227 1279 1294 erat
1291 1221 1395 1317 juxta
1410 1243 1510 1309 eum,
1530 1219 1632 1294 tertio

256 1395 260 1401 ·
300 1349 398 1446 prior
412 1347 718 1446 presbyterorum,
746 1353 873 1443 quarto
896 1344 1157 1443 primogenitus
1178 1347 1286 1444 regis,
1306 1345 1432 1443 quinto
1454 1351 1491 1420 ct
1507 1345 1632 1419 ultimo

301 1473 389 1547 alius
404 1473 594 1572 presbyter
605 1470 795 1546 cardinalis
808 1496 816 1562 ;
834 1471 871 1543 in
886 1469 1047 1545 secundo
1057 1492 1205 1544 scamno
1218 1471 1355 1568 primus
1370 1469 1470 1568 prior
1483 1468 1630 1544 sedebat

302 1601 551 1690 diaconorum,
570 1597 731 1672 secundo
749 1597 839 1670 alius
856 1595 950 1669 filius
967 1594 1075 1693 regia,
1091 1619 1215 1670 comes
1236 1595 1506 1692 Emporiarum‚
1529 1594 1632 1670 terlio

302 1724 392 1798 alius
408 1723 581 1797 diaconus
597 1721 800 1796 cardinalis.

351 1847 602 1943 Feriaquarta,
622 1850 666 1919 25
692 1844 827 1943 aprilis,
850 1844 989 1918 festos.
1008 1843 1134 1936 Marci,
1152 1844 1382 1943 quamplures
1403 1845 1534 1919 RRmi.
1559 1849 1630 1920 bb.
1728 1839 1729 1844 ’

302 1972 516 2062 cardinales,
547 1971 712 2044 videlicet
748 1970 1081 2060 vicecancellarius,
1113 1995 1143 2045 s.
1176 1971 1384 2060 Clementis,
1419 1969 1631 2053 lileriensis,
1728 1969 1729 2056 ζ

302 2123 331 2170 s.
348 2095 550 2186 Anastasia,
574 2094 757 2184 Senensis,
785 2093 829 2167 de
853 2095 1017 2184 Sabellis,
1043 2096 1217 2171 Ascanius
1234 2103 1270 2170 et
1285 2097 1479 2170 lauueusis
1495 2121 1540 2172 ae
1561 2097 1634 2193 qui·
1728 2097 1729 2104 ’

302 2224 385 2296 dem
399 2221 457 2296 alii
471 2220 669 2295 cardinales
685 2227 860 2294 venerunt
875 2221 921 2293 ad
936 2221 1143 2310 ecclesiam,
1161 2221 1222 2295 ubi
1235 2225 1360 2295 Rmus.
1380 2225 1422 2295 D.
1443 2221 1633 2296 cardinalis

304 2352 577 2422 Beneventanus
607 2345 771 2443 ejusdem
798 2345 886 2418 tituli
917 2347 1245 2420 commendatarius
1278 2347 1350 2420 hoc
1375 2347 1504 2422 ordine
1535 2346 1634 2421 solito
1728 2367 1729 2370 ’

303 2473 464 2570 singulos
476 2472 613 2570 recepit
636 2497 643 2544 :
665 2471 761 2544 venit
778 2473 885 2545 etiam
902 2472 1111 2545 admissam
1135 2471 1207 2544 dux
1229 2472 1475 2546 Ferrarieusis
1491 2471 1564 2564 cui,
1579 2495 1631 2545 me
1728 2461 1729 2466 ¹

304 2602 353 2674 ita
378 2599 569 2689 sentiente,
589 2619 663 2670 uon
689 2596 785 2671 venit
804 2597 944 2671 obviam
965 2598 1148 2694 predictus
1173 2597 1364 2671 cardinalis
1392 2599 1453 2694 qui
1476 2597 1578 2672 stetit
1597 2598 1627 2670 in

303 2725 420 2800 bauco
436 2722 668 2798 cardinalium
684 2731 767 2818 post
783 2722 1001 2795 cardinalem
1018 2722 1062 2798 de
1078 2725 1227 2805 Medicis
1244 2723 1410 2798 ultimum
1425 2725 1630 2808 diaconum,
1728 2795 1729 2822 ,

304 2857 340 2924 et
354 2855 435 2946 post
457 2849 574 2946 ipsum
597 2847 815 2922 cardinalem
831 2849 1140 2940 Beneventanum,
1166 2849 1238 2922 dux
1251 2849 1448 2946 predictus.
1467 2852 1563 2924 Aule
1581 2849 1630 2921 in·
1728 2823 1729 2906 l

304 2975 534 3049 choationem
547 2973 657 3048 misse
669 2995 742 3047 uon
755 2973 901 3046 luerunt
913 2974 1009 3047 dicte
1020 2973 1156 3066 litauie,
1170 2998 1227 3049 me
1241 2975 1431 3050 ordinante
1447 2975 1631 3050 :dicuntur

303 3101 424 3174 litanie
448 3100 532 3195 quia
547 3123 717 3173 accessus
735 3098 916 3196 pontificis
931 3099 976 3173 de
991 3099 1123 3196 palatio
1141 3124 1205 3174 suo
1221 3101 1267 3174 ad
1282 3099 1476 3174 ecclesiam
1494 3099 1630 3198 predic·
1728 3083 1729 3114 ¹

214 3235 218 3245 '
303 3235 376 3300 tam
397 3226 551 3300 babetur
571 3225 651 3299 loco
676 3225 920 3322 processionis
937 3235 972 3299 et
992 3232 1184 3326 propterea
1211 3233 1293 3300 tuuc
1313 3225 1437 3300 litania
1464 3225 1537 3300 dici
1553 3247 1631 3298 cou-
1728 3267 1729 3298 r

306 3359 512 3426 sueverunt.
544 3351 692 3424 Missam
722 3350 915 3425 celebravit
944 3356 985 3424 R.
1005 3357 1044 3426 P.
1068 3357 1112 3426 D.
1136 3352 1302 3428 ltlatheus
1329 3352 1417 3426 Cibo
1442 3351 1628 3450 episcopus
1728 3373 1729 3380 ¹

305 3477 541 3553 Vitcrbieusis
558 3475 594 3547 iu
616 3475 835 3571 paramentis
857 3476 996 3568 rubeis;
1021 3479 1109 3553 dixit
1130 3478 1379 3553 tautummodo
1400 3478 1600 3552 orationem
1621 3503 1626 3546 :
1728 3487 1729 3522 t

309 3601 430 3675 Gloria
454 3603 491 3672 in
515 3600 672 3690 eccelsia,
688 3599 798 3673 Credo
812 3605 846 3674 et
861 3600 1100 3698 prelationem
1116 3602 1161 3676 de
1174 3603 1369 3700 Apostolis‚
1386 3625 1430 3676 ao
1449 3601 1522 3676 alia
1536 3623 1628 3675 more
1728 3607 1729 3622 ¹

307 3729 424 3800 solito.
442 3730 550 3801 Facta
564 3727 764 3802 elevatione
780 3728 1012 3820 sacramenti,
1031 3730 1127 3804 venit
1141 3730 1259 3804 clerus
1275 3755 1358 3806 cum
1374 3729 1519 3804 clericis
1529 3729 1629 3804 bene-

308 3852 434 3928 ficiatis
457 3860 493 3926 et
515 3853 698 3926 canonicis
721 3877 752 3926 s.
776 3853 891 3944 Petri;
909 3854 1055 3944 deinde,
1073 3855 1167 3930 lacta
1188 3857 1447 3931 commuuione
1463 3879 1530 3954 per
1545 3853 1629 3928 cele
1728 3887 1729 3952 r

308 3982 487 4068 bractam,
499 3977 643 4075 incepta
654 3985 708 4052 est
723 3986 758 4051 et
770 3979 978 4054 continuata
990 3984 1175 4080 processio
1191 3983 1384 4072 ordinaria,
1396 3980 1627 4056 cardinalibus

307 4103 440 4178 ibidem
470 4103 765 4202 permanentibus
792 4128 904 4200 usque
934 4105 980 4179 ad
1006 4106 1117 4181 linem
1146 4109 1403 4207 processionis.
1442 4108 1626 4184 Celebraus

307 4230 446 4328 accepit
469 4237 680 4328 paramenta
708 4229 746 4302 iu
774 4229 972 4306 faldistorio
996 4233 1098 4330 juxta
1124 4235 1255 4328 altare;
1273 4237 1351 4326 sed,
1385 4235 1487 4308 linita
1512 4233 1624 4318 missa,

307 4361 451 4452 paratus
473 4356 532 4428 ivit
546 4356 592 4429 ad
608 4355 809 4430 sacristiam
826 4364 975 4454 propter
989 4361 1260 4456 processionem
1282 4370 1319 4435 et
1338 4361 1401 4454 ibi,
1419 4356 1626 4458 paramentis
1728 4375 1729 4450 t

308 4479 493 4580 depositis
509 4505 672 4556 reversus
689 4489 743 4556 est
759 4483 805 4556 ad
819 4484 973 4556 chorum
989 4490 1026 4558 et
1044 4508 1168 4560 coram
1183 4487 1364 4561 cardinale
1385 4489 1625 4562 Beneventano

308 4607 519 4702 genullexus
545 4608 623 4704 ejus
648 4631 796 4682 manum
819 4609 1001 4684 os‘culatus
1024 4617 1096 4701 est,
1121 4635 1195 4685 non
1225 4611 1302 4686 sine
1327 4634 1461 4708 magua
1485 4605 1624 4684 levitatis
1728 4633 1729 4678 1

307 4735 405 4804 nota.
424 4733 660 4806 Processione
676 4735 904 4830 pertransita,
923 4740 1046 4810 Rmus.
1066 4739 1108 4811 l).
1128 4738 1402 4811 Beneventanus
1417 4736 1491 4833 egit
1505 4731 1622 4832 gratias
1728 4747 1729 4752 ’

303 4857 471 4930 omuibus
486 4857 726 4932 cardinalibus
740 4861 874 4936 ibidem
888 4863 1115 4958 presentibus
1131 4885 1232 4938 more
1247 4862 1352 4936 solito
1372 4887 1379 4936 :
1399 4869 1477 4937 tum
1490 4877 1621 4934 manse·
1728 4863 1729 4902 r

308 4988 391 5054 runt
406 4982 511 5056 simul
524 4986 746 5083 congregati,
758 4986 890 5060 iterum
906 4988 951 5062 de
966 4989 1074 5064 modo
1089 4988 1307 5088 receptionis
1319 4995 1355 5064 et
1368 4988 1451 5062 loco
1466 4979 1621 5086 principis
1728 4989 1729 5054 ἶ

306 5109 426 5203 Capue
438 5111 548 5185 verba
561 5111 655 5184 iuter
670 5135 709 5185 se
725 5113 1036 5205 babuerunt,uibil
1049 5122 1170 5190 tamen
1182 5115 1452 5190 concluserunt.
1472 5111 1614 5186 Fuerunt
