3436 6038
100 473 326 540 [saumana]
419 469 544 528 annun
565 469 792 527 anarrinon
817 453 1088 556 connenraau,
1361 473 1415 527 225

103 626 196 724 pauci
213 625 352 699 nobiles
369 650 377 697 :
396 624 563 697 introitus
579 624 615 696 in
631 623 728 697 hunc
743 623 865 696 locum
887 629 964 699 erat
976 624 1013 696 in
1027 648 1138 698 cornu
1151 625 1303 700 ecclesie
1318 625 1420 722 juxta

100 752 201 825 altare
216 750 276 823 ubi
292 757 394 824 extra
408 757 505 824 retro
521 749 702 824 banchum
718 748 951 822 diaconorum
973 754 1075 824 erant
1095 774 1254 826 scamma
1267 751 1420 848 prelato-

102 901 171 950 rum
186 875 221 949 in
236 876 352 973 capite
368 899 521 972 quorum
538 875 680 948 stabant
704 880 872 948 cantores
888 875 1020 964 nostri;
1039 876 1231 972 equitando
1244 899 1343 966 vero,
1360 875 1419 950 hic

98 1001 179 1074 ordo
191 1000 254 1073 luit
268 1001 490 1074 observatus.
501 1001 609 1074 Primi
623 1005 724 1072 erant
736 999 901 1074 valisiarii
915 1000 1249 1090 cardinalium,tum
1259 1000 1419 1076 scutiferi

98 1151 216 1200 eorum
232 1127 327 1200 cives
344 1125 498 1217 romani,
523 1131 558 1200 et
574 1125 632 1200 alii
648 1124 730 1198 laici
754 1126 914 1199 scutiferi
934 1130 1027 1223 Pape
1048 1149 1201 1222 quorum
1220 1126 1334 1200 ultimi
1349 1125 1418 1200 duo

96 1251 282 1350 periebant
303 1251 393 1324 duas
417 1251 541 1325 mitras
566 1250 764 1325 Pontificis.
787 1249 964 1349 Acolytbi,
991 1249 1113 1323 clerici
1139 1274 1296 1342 camere,
1321 1250 1420 1324 audi-

98 1387 203 1465 tores,
226 1380 388 1450 oratores
415 1374 497 1448 laici
520 1379 557 1448 et
579 1373 747 1464 barones,
777 1374 985 1471 capitaneus
1009 1375 1172 1450 custodie
1195 1374 1315 1474 palatii
1340 1399 1422 1450 curn

95 1510 199 1599 gente
216 1526 280 1574 sua
301 1509 452 1592 armata,
475 1500 641 1595 valisiarii
663 1500 733 1574 duo
762 1505 858 1598 Pape
879 1523 961 1574 curn
980 1501 1143 1592 ferrario,
1170 1501 1240 1574 duo
1255 1502 1335 1598 equi
1352 1501 1423 1576 albi

95 1631 201 1723 Pape,
220 1625 384 1722 magistri
401 1624 549 1715 ostiarii,
569 1647 636 1721 ego
657 1623 754 1696 solus
776 1623 1016 1698 subdiaconus
1041 1647 1261 1713 commuue,
1284 1623 1423 1698 medius

97 1749 188 1823 inter
199 1750 289 1824 duos
305 1749 393 1822 alios
407 1749 661 1839 subdiaconos,
679 1771 806 1823 omues
823 1749 974 1846 integati
992 1756 1094 1824 erant
1107 1749 1142 1822 in
1159 1750 1230 1823 suis
1246 1749 1426 1824 mantellis

97 1897 176 1946 cum
190 1873 348 1971 capuciis
365 1874 600 1970 quotidianis;
619 1874 819 1949 cardinales
833 1899 898 1947 suo
914 1874 1040 1950 ordine
1057 1875 1253 1966 sexdecim,
1264 1874 1427 1972 juniores

98 1998 240 2072 diaconi
254 1999 384 2096 primo,
399 1999 528 2074 deinde
544 1999 616 2073 alii.
632 2003 710 2072 [luo
732 1999 874 2074 diaconi
891 1999 1102 2072 assisterunt
1117 1998 1207 2072 alius
1223 2007 1304 2096 post
1318 1998 1428 2072 alium

97 2132 178 2198 ante
199 2127 347 2222 Papam,
366 2147 493 2199 omnes
506 2123 541 2198 in
559 2125 632 2198 suis
652 2124 790 2222 cappis,
811 2130 884 2197 tum
900 2129 996 2221 Papa
1011 2124 1045 2196 in
1063 2123 1167 2214 stola,
1186 2124 1362 2220 capellum
1384 2123 1428 2197 de

100 2249 304 2322 cremesino
319 2248 458 2322 habens
481 2249 519 2322 in
544 2249 677 2348 capite,
701 2256 783 2346 post
808 2273 891 2324 eum
916 2250 1057 2323 auditor
1079 2248 1124 2322 de
1146 2248 1251 2322 mitra
1269 2249 1428 2322 serviens

97 2375 239 2448 medius
254 2374 350 2448 inter
365 2375 454 2448 duos
471 2373 708 2448 cubicularios
725 2381 898 2464 secretos,
915 2380 989 2447 tum
1003 2373 1219 2448 secretarius
1233 2373 1326 2446 inter
1338 2373 1429 2447 duos

99 2498 262 2573 medicos
290 2504 385 2598 Pape
416 2500 568 2588 medius,
595 2508 676 2596 post
702 2524 764 2574 eos
789 2499 916 2598 prelati
944 2499 1167 2588 assistentes,
1199 2506 1273 2572 turn
1302 2498 1455 2595 prelati·

96 2630 275 2714 oratores,
304 2625 435 2698 deiude
469 2624 743 2722 archiepiscopi,
784 2624 957 2720 episcopi,
992 2622 1242 2721 protonotarii,
1279 2623 1429 2696 abbates

92 2749 196 2844 juxta
215 2755 251 2822 et
269 2748 397 2846 reliqui
420 2771 485 2823 suo
510 2749 649 2838 ordine,
671 2747 900 2840 incedebant,
924 2749 1070 2823 tandem
1094 2747 1152 2821 alii
1172 2747 1280 2845 legati
1301 2775 1308 2820 :
1327 2748 1430 2822 nolc-

99 2873 186 2947 bant
213 2881 334 2947 tamen
352 2874 513 2972 episcopi
536 2874 682 2971 palatini
708 2874 798 2948 alios
824 2873 981 2972 prelatos
1006 2873 1218 2970 precedere,
1243 2872 1339 2968 quod
1360 2895 1428 2968 ego

98 2997 198 3070 nolui
226 2998 429 3090 admittere,
457 3000 522 3074 sed
551 3021 770 3096 quemquam
800 3000 998 3074 secundum
1028 3022 1129 3071 suam
1163 2996 1428 3094 promotionem

97 3121 280 3198 seniorem
296 3123 492 3222 precedere
512 3124 594 3215 ieci,
617 3125 700 3222 quia
722 3125 758 3198 iu
779 3123 988 3221 hujusmodi
1006 3120 1288 3218 equitationibus
1308 3143 1429 3195 serva-

97 3269 179 3318 mus
195 3247 360 3323 ordinem
376 3247 527 3347 capelle.

145 3373 253 3447 Feria
294 3375 411 3466 tertia,
448 3380 488 3448 tl
523 3373 658 3448 mensis
687 3374 891 3449 novembris
920 3373 957 3446 in
978 3371 1115 3470 capella
1139 3373 1277 3470 majore
1309 3371 1429 3469 palatii

95 3498 286 3594 apostolici
299 3501 392 3596 apud
408 3525 438 3573 s.
457 3503 618 3590 Petrum,
637 3503 677 3576 lt.
695 3503 734 3572 P.
754 3503 798 3572 D.
821 3499 1004 3574 lohannes
1021 3498 1213 3595 episcopus
1236 3496 1431 3572 Calviensis

97 3623 293 3700 celebravit
307 3625 454 3698 missam
470 3625 652 3722 publicam
668 3623 920 3698 defunctorum
934 3646 1000 3720 pro
1017 3623 1242 3698 animabone
1256 3621 1432 3695 memorie

96 3749 201 3824 llelie
214 3749 307 3823 tituli
323 3751 438 3823 sancti
453 3749 558 3823 Nerei
574 3756 611 3824 et
627 3749 778 3823 Achillei
791 3749 993 3847 presbyteri
1010 3747 1201 3822 cardinalis
1214 3745 1432 3820 Turonensis

96 3873 292 3972 vulgariter
306 3873 518 3972 nuncupati,
536 3873 672 3947 ordinis
688 3872 838 3946 lratrum
854 3873 1048 3961 Minorum,
1064 3871 1124 3968 qui
1139 3869 1272 3943 obiitin
1289 3868 1432 3943 civitate

97 4003 310 4074 Turonense
330 4021 424 4073 anno
440 4001 773 4073 lthCCCLXXXllll
788 3998 832 4071 de
852 4021 977 4078 mense
989 3995 1148 4070 octobris
1164 3995 1219 4068 vel
1230 3993 1434 4066 novembris
1483 3993 1485 3998 ’

97 4125 132 4198 iu
160 4125 259 4199 circa
280 4122 345 4222 (l);
368 4131 404 4197 et
428 4130 511 4222 post
532 4124 677 4197 missam
706 4121 857 4196 absolvit
878 4145 979 4197 more
1002 4123 1141 4222 capelle
1172 4128 1308 4210 nostre,
1340 4123 1437 4214 Papa

97 4248 251 4322 absente
273 4255 308 4322 et
328 4245 495 4321 omnibus
511 4247 752 4322 cardinalibus
766 4247 975 4321 absentibus
989 4272 1102 4346 usque
1118 4248 1164 4321 ad
1175 4243 1431 4344 prelationem;

97 4397 171 4470 qua
184 4373 341 4470 incepta,
360 4373 456 4446 venit
471 4371 661 4448 cardinalis
678 4397 707 4445 s.
727 4371 922 4446 Clementis
939 4373 999 4468 qui
1016 4373 1114 4447 solus
1130 4369 1261 4444 deinde
1272 4365 1435 4441 interluit

97 4522 183 4572 curn
199 4497 326 4595 paucis
342 4497 502 4596 prelatis.

147 4624 254 4698 Faria
278 4624 395 4715 tertia,
419 4629 464 4697 28
494 4623 630 4698 mensis
658 4622 875 4713 novembris,
907 4621 943 4694 in
967 4622 1106 4721 capella
1126 4619 1299 4719 predicta,
1328 4619 1369 4690 R.
1399 4615 1435 4689 in

99 4750 243 4825 Christo
268 4753 308 4823 P.
333 4751 377 4824 D.
403 4749 503 4823 Titus
522 4749 713 4847 episcopus
733 4747 932 4823 Castrensis
952 4745 988 4818 in
1008 4741 1225 4842 patrimonio
1246 4736 1439 4814 celebravit

101 4876 252 4950 missam
270 4875 456 4974 publicam
478 4875 732 4950 defunctorum
755 4897 820 4970 pro
841 4872 960 4946 anima
984 4869 1079 4942 boue
1103 4865 1278 4940 memorie
1303 4862 1441 4936 Thome

103 4999 197 5074 tituli
215 5025 245 5073 s.
260 5001 398 5098 Cyriaci
414 5000 450 5074 in
463 5001 629 5076 Thermis
640 4997 841 5098 presbyteri
853 4994 1043 5070 cardinalis
1058 4988 1336 5078 cantuariensis,
1350 4991 1445 5083 Papa

147 5153 174 5208 l.
199 5151 270 5225 ch.
287 5169 314 5224 p.
330 5153 348 5208 9
362 5151 395 5210 de
410 5169 441 5210 ce
453 5152 567 5210 volume.

248 5283 273 5323 τ,
294 5286 314 5325 1,
1269 5248 1302 5310 {5
