3496 6056
63 493 209 560 [Dtsambre
226 492 295 557 stat]
388 488 515 546 RERUM
538 488 766 550 UHBANARUM
790 491 1052 550 conneutnnu.
1338 499 1385 553 tat

103 653 275 734 Quartum
296 651 435 744 potum,
459 644 555 740 quod
579 652 657 720 erat
682 670 727 720 ex
753 656 936 746 ypocrate‚
955 649 1107 747 portarit
1137 653 1179 722 u.
1205 650 1383 724 Antonius

62 780 171 849 orator
185 770 428 845 Florentinus

103 903 296 996 Postquam
313 901 481 992 quartum
498 902 625 992 potum
644 896 804 993 pontifici
824 887 971 995 portans
992 898 1122 974 solium
1140 898 1378 988 ascendisset,

60 1023 169 1097 vocari
193 1022 241 1096 ad
256 1019 480 1095 credentiam
503 1020 702 1117 predictam
727 1021 968 1098 cubicularios
988 1027 1100 1122 Papa,
1131 1022 1204 1112 nbi,
1230 1023 1380 1120 singulis

60 1172 134 1222 cum
161 1147 237 1221 suis
258 1144 466 1243 cappucciis
490 1144 536 1218 ad
557 1145 691 1220 collum
710 1149 900 1240 stantibus,
926 1149 1096 1246 imposita
1117 1148 1183 1221 luit
1206 1149 1377 1247 mappula

61 1273 187 1346 munda
201 1271 247 1345 ad
261 1271 440 1344 honorem
456 1269 563 1362 illius,
586 1277 727 1346 tantum
751 1271 907 1370 demptis
926 1273 986 1370 qni
1007 1272 1281 1371 guardanappes
1297 1281 1381 1347 ante

62 1397 251 1474 cardinales
279 1417 427 1498 servare
450 1393 643 1486 debebant,
670 1397 731 1493 qui
757 1397 834 1472 sine
863 1398 1042 1496 mappulis
1073 1399 1236 1472 servituri
1267 1407 1381 1472 erant.

64 1522 341 1598 Descendentea
361 1518 533 1618 pontifice
549 1523 592 1594 b.
617 1521 788 1613 Antonio,
813 1521 875 1619 qui
895 1531 1063 1620 quartum
1078 1529 1204 1621 potum
1216 1524 1382 1622 portavit,

62 1647 321 1723 descenderunt
336 1644 445 1718 etiam
463 1644 512 1718 illi
533 1644 605 1720 duo
624 1645 767 1720 diaconi
787 1647 987 1723 cardinales
1007 1648 1233 1740 assistentes,
1257 1647 1318 1745 qui
1338 1649 1385 1724 ad

61 1797 181 1848 eorum
194 1772 377 1847 hanchem
394 1770 440 1844 ad
455 1795 519 1844 sua
530 1771 612 1845 loca
625 1779 800 1847 venerunt
814 1779 851 1848 et
866 1774 1038 1849 sederunt
1053 1797 1192 1850 omnes

107 1899 264 1989 lnterim,
288 1898 375 1972 dum
400 1901 498 1994 Papa
521 1896 753 1972 collationem
780 1897 914 1974 taceret
938 1905 974 1974 et
997 1898 1151 1992 biberet,
1182 1899 1383 1976 cardinales

62 2047 192 2116 omnes,
210 2029 246 2098 et
261 2021 386 2120 prelati
404 2029 440 2096 et
455 2022 514 2096 alii
529 2023 755 2116 constabant,
774 2025 838 2099 sed
853 2025 888 2098 in
903 2025 975 2098 suis
985 2025 1074 2100 locis
1086 2025 1179 2098 firmi
1193 2026 1380 2116 sedabant,

62 2149 205 2246 demptis
238 2148 325 2222 solia
361 2148 610 2223 assistentibus
648 2147 876 2245 supradictis,
917 2149 976 2244 qui
1012 2149 1162 2224 detectis
1203 2149 1381 2247 capitibus

64 2281 188 2348 slantes
203 2272 417 2348 serviebant.

108 2397 350 2474 Cardinalibus
365 2398 532 2472 omnibus
547 2398 841 2490 consedentibus,
859 2407 1091 2476 accesserunt
1105 2401 1264 2498 quinque
1280 2404 1379 2476 cubi-

67 2523 179 2596 cularii
192 2545 276 2596 oum
291 2523 430 2596 duabus
446 2522 710 2621 guardanappis
724 2523 856 2621 longis,
871 2547 1023 2622 quarum
1039 2549 1148 2599 unam
1162 2525 1379 2624 longiorem,

65 2653 131 2724 tres
144 2649 302 2745 ipsorum
322 2655 405 2720 aute
426 2647 616 2744 episcopos
638 2653 673 2722 et
691 2648 922 2748 presbyteros
942 2650 1181 2724 cardinalesa
1201 2651 1318 2748 primo
1337 2653 1383 2727 ad

64 2773 216 2846 ultimum
231 2778 419 2848 extensam
440 2771 641 2846 servabant.
668 2773 737 2846 Alii
758 2775 830 2848 duo
853 2775 960 2850 aliem
979 2783 1062 2850 ante
1079 2776 1251 2852 diaconos
1267 2777 1383 2852 cerdi-

65 2897 173 2988 nales;
190 2898 257 2972 bos
270 2901 515 2996 sequebantur
535 2899 665 2996 singuli
684 2899 742 2972 alii
768 2923 851 2973 cum
873 2900 1013 2975 duobus
1030 2902 1208 2977 scutiferis
1221 2902 1383 2976 cardina·

64 3020 143 3096 lium
163 3023 384 3098 intermixtis.
410 3024 550 3098 Primus
574 3024 816 3098 cubicularius
845 3025 1065 3124 precedebat
1092 3034 1240 3123 portans
1265 3027 1380 3102 finne-

66 3147 222 3222 cbiariam
239 3173 324 3222 cum
338 3149 591 3246 pinoccbiatis,
614 3171 724 3246 quem
744 3149 990 3246 sequebantur
1011 3151 1081 3224 duo
1102 3151 1260 3226 scutiferi
1275 3153 1380 3249 primi

66 3273 255 3364 cardinalis,
280 3273 447 3348 videlicet
461 3275 759 3366 vicecancellarii,
782 3298 937 3372 quorum
960 3275 1097 3371 primus
1117 3277 1324 3374 mappulam
1344 3279 1380 3351 in

65 3396 210 3473 humeris
224 3398 379 3488 habens,
396 3400 563 3497 portabat
578 3405 736 3474 tasseem
751 3400 835 3490 vini,
854 3400 944 3474 alter
954 3401 1031 3474 sine
1046 3401 1218 3498 mappula
1231 3401 1381 3477 buccale

66 3547 139 3597 cum
154 3549 261 3622 aqua;
285 3525 506 3622 sequebatur
524 3525 616 3598 alius
637 3525 878 3600 cubicularius
898 3549 983 3600 cum
1004 3527 1227 3601 coniectoris
1248 3536 1283 3602 at
1297 3551 1381 3602 eum

66 3647 127 3722 duo
140 3649 297 3726 scutiferi
312 3649 459 3724 alterius
475 3650 665 3724 cardinalis
683 3650 765 3724 rino
786 3659 823 3724 et
844 3675 949 3748 aqua,
974 3659 1011 3726 et
1032 3652 1084 3726 sic
1111 3653 1155 3726 de
1174 3652 1252 3726 aliis
1265 3677 1389 3752 usque.
1533 3652 1543 3672 ‘

66 3771 96 3843 in
114 3773 232 3865 finem;
256 3775 385 3872 singuli
407 3775 618 3850 cubicularii
638 3777 830 3873 portabant
855 3775 1014 3872 singulas
1037 3777 1278 3852 consectorias
1296 3802 1380 3853 cum

67 3897 300 3992 pinoccbiatis,
320 3901 356 3974 in
371 3901 491 3975 medio
506 3902 684 3978 babentes
702 3908 824 3977 erecta
842 3901 968 3976 vexilla
988 3901 1059 3976 alta
1082 3901 1189 3998 unius
1203 3902 1312 3998 palmi
1327 3904 1381 3978 rel

68 4022 158 4117 circa,
179 4027 275 4122 quod
294 4026 340 4101 ad
361 4049 471 4100 unum
490 4026 584 4101 latus
600 4026 756 4101 babebat
775 4027 920 4124 depicta
938 4049 1039 4100 arma
1058 4029 1121 4101 SS.
1147 4031 1189 4102 D.
1212 4031 1255 4102 N.
1279 4034 1314 4103 et
1336 4028 1382 4101 ad

70 4145 253 4226 aliudlatus
269 4151 363 4226 illius
378 4151 584 4244 cardinalis,
603 4152 661 4226 cui
675 4151 899 4251 portebatur.

106 4276 304 4352 Cerdinnles
328 4277 498 4353 sedentes
521 4277 712 4376 capiebant
735 4278 908 4352 derebus
931 4276 1127 4375 apportatis
1152 4284 1188 4352 et
1209 4277 1381 4354 bibebant

68 4399 230 4476 residuum
246 4403 343 4499 quod
358 4409 434 4478 erat
448 4403 485 4476 in
500 4402 737 4493 coniectaria,
759 4401 814 4476 rel
831 4407 971 4499 partem
990 4401 1084 4476 illius
1105 4402 1239 4476 debant
1257 4425 1380 4477 coram

70 4545 101 4596 se
119 4524 335 4618 sedentibus;
359 4527 470 4624 aliqui
494 4527 733 4626 projiciebant
756 4527 851 4602 inter
876 4527 1060 4601 adstantes
1091 4535 1127 4601 et
1155 4528 1325 4602 sedentes
1343 4528 1381 4600 in

70 4649 156 4721 terra.
175 4651 311 4726 Deinde
330 4651 599 4727 revertebantur
614 4651 763 4750 predicti
784 4650 830 4724 ad
849 4649 1072 4724 credentiam
1095 4673 1139 4726 eo
1159 4649 1286 4726 ordine
1305 4675 1377 4748 quo

71 4783 230 4868 venerant,
257 4777 416 4874 quinque
438 4777 507 4852 illis
528 4777 757 4852 cubiculariis
779 4776 947 4874 demptis,
975 4775 1036 4872 qui
1064 4799 1177 4872 usque
1199 4775 1245 4850 ad
1267 4774 1379 4850 finem

71 4894 245 4975 nodationis
259 4901 533 5000 guardanappas
553 4907 636 4976 ante
657 4900 859 4976 cardinales
880 4907 1084 4990 servarunt;
1104 4900 1234 4976 eodem
1249 4900 1377 4974 ordine

71 5020 228 5098 redierunt
240 5025 286 5099 ad
299 5025 500 5101 cardinales
516 5025 725 5102 cubicularii
747 5048 829 5100 cum
844 5025 921 5098 aliis
942 5024 1175 5100 consectariis
1193 5025 1231 5100 in
1245 5025 1377 5124 quibus

71 5154 153 5222 erant
174 5151 349 5226 coriandri
376 5152 506 5250 grossi,
528 5151 679 5249 persica,
709 5173 793 5226 ossa
818 5150 1057 5249 persicorum,
1082 5175 1209 5240 nuces,
1239 5150 1318 5247 pira
1341 5155 1377 5224 et
