3424 6038
354 470 407 526 aet
812 465 987 524 ΙΟΙΙΑΝΝΙΞ
1012 464 1233 537 BURCHARDI,
1485 467 1658 534 [erierttttl

356 622 400 696 de
417 621 553 719 Populo
573 621 610 694 in
629 643 699 717 quo
718 621 925 718 precedenti
947 601 1338 719 nocte'pernoctasset,
1363 620 1498 695 visitari
1515 631 1549 696 et
1564 624 1657 698 code·
1703 625 1704 668 r

355 746 495 845 gieliter
509 747 553 822 ad
568 747 741 844 palatium
757 746 996 845 apostolicum
1018 745 1207 838 associari;
1228 746 1287 820 alii
1304 747 1453 845 quidam
1469 747 1654 840 cardinales,

355 872 460 948 amici
483 873 535 946 sui
557 873 732 970 speciales
757 879 792 946 et
812 869 1065 968 compatriote,
1090 871 1199 945 etiam
1220 871 1257 944 in
1277 873 1334 947 die
1355 873 1528 946 adventus
1555 873 1600 946 sui
1621 875 1657 946 ad

355 998 491 1072 dictum
507 999 704 1073 claustrum
729 998 795 1071 sibi
824 1023 890 1097 per
915 1021 1027 1072 unum
1046 1001 1175 1070 auttot
1200 1003 1287 1092 quot
1314 996 1365 1072 eis
1392 997 1550 1095 placeret
1569 997 1658 1070 millia

354 1147 527 1222 passuum
556 1128 657 1195 extra
681 1123 814 1196 Urbem
842 1119 1081 1219 personaliter
1105 1121 1226 1194 venire
1255 1122 1397 1196 obviam
1424 1129 1485 1196 aut
1513 1121 1657 1195 familiam

354 1271 455 1322 suam
484 1247 626 1321 mittere
643 1252 678 1321 et
694 1246 823 1321 deiude
838 1246 969 1345 ipsum,
989 1252 1029 1320 ut
1052 1246 1244 1344 prefertur,
1267 1247 1305 1319 in
1326 1270 1433 1321 mane
1449 1246 1495 1320 ad
1512 1247 1657 1343 palatium

354 1373 534 1448 associare
549 1373 683 1447 debere
694 1377 730 1445 et
744 1396 865 1470 posse,
882 1373 1105 1446 asserebant.
1124 1373 1292 1448 Decrevit
1309 1378 1395 1446 tunc
1416 1375 1480 1446 SS.
1497 1375 1539 1444 Ι).
1558 1375 1594 1444 N.
1609 1395 1659 1468 pro

354 1501 458 1574 nobis
474 1499 617 1574 mittere
634 1505 682 1588 et,
702 1499 800 1594 quod
818 1499 917 1573 circa
930 1499 1176 1597 receptionem
1197 1521 1372 1572 novorum
1393 1496 1617 1572 cardinalium
1633 1497 1660 1568 in

353 1626 453 1699 libris
477 1627 609 1700 nostris
637 1624 844 1714 haberetur,
871 1623 958 1722 quid
980 1625 1157 1699 hacteuus
1187 1622 1415 1698 observatum
1442 1627 1551 1714 est,a
1577 1621 1661 1694 nobis

355 1751 569 1848 intelligere.

404 1875 469 1948 Die
483 1873 592 1972 igitur
605 1897 709 1946 xxrru
722 1873 877 1970 januarii
893 1896 1016 1948 coram
1028 1875 1223 1950 Sanctitate
1243 1897 1308 1946 sua
1322 1872 1438 1948 vocati
1454 1878 1491 1948 et
1501 1874 1658 1947 constituti

355 2005 396 2073 R.
415 1999 451 2071 in
468 1999 657 2073 ChristoP.
675 2001 719 2072 Ι).
733 1999 955 2096 Augustinus
969 1999 1159 2096 episcopus
1175 1999 1359 2073 Pientinus
1374 1998 1556 2097 prefectus
1570 1997 1660 2072 officii

353 2125 641 2201 ceremoniarum
664 2132 700 2200 et
715 2148 796 2223 ego,
815 2124 1004 2199 retulimus
1025 2124 1210 2199 Sanctitati
1228 2147 1376 2220 sueque
1393 2125 1661 2197 observatasunt

353 2251 547 2348 antiquitus
568 2257 604 2325 et
626 2273 696 2347 que
711 2273 732 2324 a
752 2256 915 2347 tempore
932 2249 1046 2324 felicis
1063 2249 1321 2324 recordationis
1335 2249 1423 2324 Sinti
1437 2275 1530 2349 pape
1545 2252 1578 2323 in
1592 2251 1661 2324 abu-

353 2377 492 2451 sionem
507 2375 675 2450 deducta.
686 2375 887 2473 Antiquitus
903 2375 1013 2467 enim,
1027 2381 1133 2472 prout
1145 2375 1226 2448 libri
1240 2376 1368 2468 nostri,
1386 2377 1445 2472 qui
1463 2377 1537 2451 lere
1553 2399 1661 2450 omnes

353 2502 389 2574 in
412 2501 561 2576 Francia
588 2501 748 2598 partibus
770 2525 834 2575 seu
853 2501 1040 2575 Avenione
1060 2501 1223 2574 fabricati
1243 2507 1339 2591 suut,
1358 2501 1520 2576 referunt
1537 2531 1543 2575 :
1561 2501 1660 2576 cardi·

353 2627 444 2700 nalis
460 2651 573 2701 novus
589 2649 652 2700 seu
668 2627 712 2700 de
733 2627 846 2700 latere
870 2627 1012 2724 legatus
1032 2627 1077 2700 ad
1100 2627 1234 2701 Urbem
1256 2627 1402 2701 veniens
1424 2627 1497 2702 sive
1523 2627 1658 2714 rediens,

355 2776 420 2849 per
435 2751 571 2847 aliquot
586 2773 712 2848 pauca,
730 2750 895 2830 videlicet
910 2759 1063 2848 quatuor
1077 2757 1138 2825 aut
1154 2752 1312 2848 quinque
1335 2751 1515 2841 milliaria,
1531 2775 1661 2849 progre-

353 2875 473 2950 diebat
487 2882 587 2949 extra
607 2875 741 2951 Urbem
759 2882 794 2950 et
809 2876 845 2948 in
861 2898 968 2950 mane
983 2875 1052 2950 iter
1067 2877 1233 2974 capiebat
1247 2897 1372 2951 versus
1391 2877 1547 2951 Urbem:
1565 2875 1660 2950 cardi·

352 2999 452 3074 nales
467 3023 551 3074 vero
568 3023 695 3074 omnes
714 3001 751 3074 in
775 3001 895 3097 aliqua
913 3001 1033 3097 platea
1053 3009 1156 3099 porte
1179 3025 1250 3098 qua
1268 3025 1381 3077 novus
1403 3001 1589 3076 cardinalis
1610 3024 1659 3072 seu

350 3121 490 3220 legatus
519 3123 761 3221 ingressurus,
792 3126 921 3218 vicina,
954 3126 1228 3218 conveniebant,
1252 3127 1312 3200 ubi
1342 3127 1482 3222 equites
1513 3127 1659 3200 eumdem

352 3249 607 3346 expectabant;
626 3273 697 3347 quo
715 3251 1037 3349 appropinquante,
1060 3251 1205 3326 exibant
1227 3251 1277 3325 illi
1301 3257 1338 3326 et
1361 3259 1548 3348 equestres
1563 3253 1659 3348 ipsum

352 3373 586 3471 collegialiter
606 3375 828 3474 recipiebant
843 3383 877 3450 et
889 3376 994 3450 simul
1010 3378 1054 3450 ad
1070 3377 1241 3474 palatium
1262 3377 1527 3452 conducebant.
1545 3378 1594 3450 db
1609 3377 1659 3449 ali·

352 3504 438 3595 quot
453 3499 556 3572 aunis
571 3523 655 3573 vero
673 3500 776 3592 citra,
799 3501 999 3576 cardinales
1012 3501 1049 3574 in
1063 3502 1272 3600 hujusmodi
1283 3503 1445 3578 habenas
1462 3503 1656 3588 relaxarunt,

352 3629 389 3696 et
403 3621 504 3695 novis
516 3622 756 3698 cardinalibus
776 3648 840 3698 seu
854 3624 981 3722 legatis
1001 3627 1225 3702 venientibus
1243 3631 1288 3702 ad
1309 3629 1457 3718 Urbem,
1476 3629 1582 3703 etiam
1596 3631 1657 3698 ante

352 3747 448 3822 diem
463 3747 647 3844 ingressus
659 3771 785 3824 eorum
799 3751 844 3823 ad
856 3751 1124 3842 consistorium,
1138 3755 1280 3829 obviam
1290 3763 1466 3829 venerunt
1476 3751 1656 3852 singillatim

353 3872 498 3968 quidam
513 3896 578 3970 per
593 3897 669 3964 sex,
686 3873 843 3972 quinque
861 3876 917 3949 vel
938 3877 1054 3974 plura,
1075 3879 1183 3976 aliqui
1208 3880 1278 3954 duo
1293 3880 1348 3956 rel
1364 3904 1480 3954 unum
1494 3879 1654 3953 milliaria:

353 3998 411 4071 alii
428 4021 530 4072 suam
545 3998 717 4073 familiam
732 3999 920 4094 miseruut,
950 4002 1048 4099 quod
1070 4025 1143 4077 non
1164 4003 1242 4078 sine
1257 4012 1343 4078 uota
1362 4005 1557 4102 gravitatis.
1578 4007 1656 4076 Teu-

353 4146 442 4221 pore
476 4130 599 4197 sancte
632 4124 892 4199 recordationis
931 4127 982 4200 Pii
1014 4127 1176 4221 secundi,
1208 4152 1291 4202 cum
1324 4133 1450 4203 Rmus.
1488 4133 1531 4204 Ι).
1569 4124 1656 4201 cardi·

354 4248 444 4322 nalis
470 4248 641 4323 Senensis
668 4256 704 4322 et
722 4251 817 4324 boue
841 4253 1016 4326 memorie
1032 4253 1224 4328 cardinalis
1240 4255 1429 4328 Raiuutius
1444 4260 1531 4329 tunc
1546 4252 1656 4328 noviter

353 4375 463 4448 creati
478 4375 611 4450 Urbem
628 4382 749 4450 esseut
764 4377 943 4469 intraturi,
961 4401 1069 4453 nemo
1089 4379 1325 4454 cardinalium
1346 4385 1407 4454 aut
1431 4404 1556 4454 eorum
1575 4373 1653 4451 lami-

352 4501 482 4575 liarum
507 4501 594 4599 ipsis
616 4503 757 4576 obviam
784 4527 898 4600 usque
924 4503 969 4577 ad
988 4525 1096 4578 mane
1121 4503 1217 4578 venit
1235 4531 1243 4577 ε
1262 4505 1326 4578 sed
1348 4503 1385 4576 in
1408 4527 1516 4578 mane
1535 4525 1608 4577 cum
1628 4499 1652 4568 in

354 4630 569 4704 consistorio
598 4630 743 4728 publico
772 4629 884 4727 recipi
906 4629 1094 4720 deberent,
1121 4629 1321 4704 cardinales
1351 4653 1480 4705 omnes
1506 4653 1565 4705 eos
1588 4648 1652 4698 con·

355 4755 547 4829 duxerunt.
565 4755 665 4829 ldem
682 4755 749 4829 luit
769 4761 948 4829 servatum
970 4777 1035 4852 pro
1060 4759 1164 4828 Rmo.
1190 4757 1234 4828 Ι).
1257 4753 1411 4828 Oliverio
1434 4753 1651 4852 Neapolitano.

354 4887 518 4976 temporo
552 4879 650 4955 Pauli
678 4879 838 4971 secundi,
875 4885 911 4952 et
940 4879 1104 4954 Jobaune
1138 4879 1398 4954 Mediolanensi
1429 4875 1650 4954 cardinalibus.

355 5011 518 5101 tempore
535 5007 623 5080 Sixti
650 5005 801 5103 predicti
826 5005 870 5079 ad
886 5005 1020 5079 Urbem
1034 4997 1280 5095 venientibus;
1311 5006 1377 5079 sed
1401 5029 1483 5080 cum
1498 5007 1540 5081 de
1553 5018 1650 5076 meuse

354 5127 522 5203 februarii
536 5133 862 5218 llCCGCLXXXVl
875 5135 997 5205 Rmus.
1007 5133 1049 5205 Ι).
1059 5129 1523 5228 cardinalisdndegavensis
1532 5126 1651 5218 exlega-
