<?xml version="1.0" encoding="UTF-8"?>
<!DOCTYPE html PUBLIC "-//W3C//DTD XHTML 1.0 Transitional//EN"
    "http://www.w3.org/TR/xhtml1/DTD/xhtml1-transitional.dtd">
<html xmlns="http://www.w3.org/1999/xhtml" xml:lang="en" lang="en">
 <head>
  <title>
</title>
<meta http-equiv="Content-Type" content="text/html;charset=utf-8" />
  <meta name='ocr-system' content='tesseract 3.04.00' />
  <meta name='ocr-capabilities' content='ocr_page ocr_carea ocr_par ocr_line ocrx_word'/>
</head>
<body>
  <div class='ocr_page' id='page_1' title='image "./johannisburchar02burcgoog/johannisburchar02burcgoog_0351.png"; bbox 0 0 3422 6034; ppageno 0'>
   <div class='ocr_carea' id='block_1_1' title="bbox 348 449 1654 520">
    <p class='ocr_par' dir='ltr' id='par_1_1' title="bbox 348 449 1654 520">
     <span class='ocr_line' id='line_1_1' title="bbox 348 449 1654 520; baseline -0.005 -8"><span class='ocrx_word' id='word_1_1' title='bbox 348 457 401 512; x_wconf 76' lang='lat'>338</span> <span class='ocrx_word' id='word_1_2' title='bbox 801 449 977 506; x_wconf 82' lang='lat' dir='ltr'><strong>JOHANNIS</strong></span> <span class='ocrx_word' id='word_1_3' title='bbox 1002 449 1225 520; x_wconf 82' lang='lat' dir='ltr'>BURCHARDI,</span> <span class='ocrx_word' id='word_1_4' title='bbox 1512 452 1585 516; x_wconf 72' lang='lat' dir='ltr'>[nm</span> <span class='ocrx_word' id='word_1_5' title='bbox 1601 457 1654 520; x_wconf 76' lang='lat' dir='ltr'>tna]</span> 
     </span>
    </p>
   </div>
   <div class='ocr_carea' id='block_1_2' title="bbox 348 593 1661 3220">
    <p class='ocr_par' dir='ltr' id='par_1_2' title="bbox 348 593 1661 3220">
     <span class='ocr_line' id='line_1_2' title="bbox 349 593 1655 707; baseline -0.003 -23"><span class='ocrx_word' id='word_1_6' title='bbox 349 609 650 707; x_wconf 88' lang='lat' dir='ltr'>turchopellerius</span> <span class='ocrx_word' id='word_1_7' title='bbox 668 608 819 707; x_wconf 88' lang='lat' dir='ltr'>predicti</span> <span class='ocrx_word' id='word_1_8' title='bbox 833 608 1070 706; x_wconf 80' lang='lat' dir='ltr'><strong>prohibentes</strong></span> <span class='ocrx_word' id='word_1_9' title='bbox 1087 630 1131 683; x_wconf 91' lang='lat' dir='ltr'>ne</span> <span class='ocrx_word' id='word_1_10' title='bbox 1146 593 1302 680; x_wconf 86' lang='lat' dir='ltr'>Tureum</span> <span class='ocrx_word' id='word_1_11' title='bbox 1318 605 1492 704; x_wconf 84' lang='lat' dir='ltr'>accedat;</span> <span class='ocrx_word' id='word_1_12' title='bbox 1515 606 1575 679; x_wconf 88' lang='lat' dir='ltr'>sed</span> <span class='ocrx_word' id='word_1_13' title='bbox 1588 631 1655 680; x_wconf 90' lang='lat' dir='ltr'>cun</span> 
     </span>
     <span class='ocr_line' id='line_1_3' title="bbox 349 730 1658 828; baseline -0.002 -20"><span class='ocrx_word' id='word_1_14' title='bbox 349 735 560 810; x_wconf 88' lang='lat' dir='ltr'>Francisous</span> <span class='ocrx_word' id='word_1_15' title='bbox 583 735 670 808; x_wconf 89' lang='lat' dir='ltr'>Cibo</span> <span class='ocrx_word' id='word_1_16' title='bbox 694 734 929 808; x_wconf 69' lang='lat' dir='ltr'>intellexisset</span> <span class='ocrx_word' id='word_1_17' title='bbox 952 742 1134 808; x_wconf 89' lang='lat' dir='ltr'>oratorem</span> <span class='ocrx_word' id='word_1_18' title='bbox 1151 736 1306 806; x_wconf 90' lang='lat' dir='ltr'>ancum</span> <span class='ocrx_word' id='word_1_19' title='bbox 1322 731 1421 806; x_wconf 89' lang='lat' dir='ltr'>adire</span> <span class='ocrx_word' id='word_1_20' title='bbox 1450 730 1554 818; x_wconf 85' lang='lat' dir='ltr'>velle,</span> <span class='ocrx_word' id='word_1_21' title='bbox 1571 734 1658 828; x_wconf 84' lang='lat' dir='ltr'>jussit</span> 
     </span>
     <span class='ocr_line' id='line_1_4' title="bbox 349 857 1654 958; baseline -0.002 -24"><span class='ocrx_word' id='word_1_22' title='bbox 349 868 389 934; x_wconf 95' lang='lat' dir='ltr'>ut</span> <span class='ocrx_word' id='word_1_23' title='bbox 413 859 663 936; x_wconf 72' lang='lat' dir='ltr'>admitteretur</span> <span class='ocrx_word' id='word_1_24' title='bbox 698 887 705 933; x_wconf 96' lang='lat'><strong>:</strong></span> <span class='ocrx_word' id='word_1_25' title='bbox 735 884 807 958; x_wconf 91' lang='lat' dir='ltr'>qno</span> <span class='ocrx_word' id='word_1_26' title='bbox 835 861 944 950; x_wconf 88' lang='lat' dir='ltr'>tacto,</span> <span class='ocrx_word' id='word_1_27' title='bbox 975 859 1192 934; x_wconf 88' lang='lat' dir='ltr'>mandarunt</span> <span class='ocrx_word' id='word_1_28' title='bbox 1217 857 1318 956; x_wconf 93' lang='lat' dir='ltr'>prior</span> <span class='ocrx_word' id='word_1_29' title='bbox 1339 863 1375 932; x_wconf 93' lang='lat' dir='ltr'>et</span> <span class='ocrx_word' id='word_1_30' title='bbox 1400 857 1654 954; x_wconf 82' lang='lat' dir='ltr'>turcopellerius</span> 
     </span>
     <span class='ocr_line' id='line_1_5' title="bbox 348 982 1656 1085; baseline -0.004 -24"><span class='ocrx_word' id='word_1_31' title='bbox 348 987 498 1085; x_wconf 83' lang='lat' dir='ltr'>predicti</span> <span class='ocrx_word' id='word_1_32' title='bbox 528 995 566 1061; x_wconf 91' lang='lat' dir='ltr'>ut</span> <span class='ocrx_word' id='word_1_33' title='bbox 602 987 736 1061; x_wconf 81' lang='lat' dir='ltr'>familia</span> <span class='ocrx_word' id='word_1_34' title='bbox 762 985 1011 1082; x_wconf 88' lang='lat' dir='ltr'>oratorisque</span> <span class='ocrx_word' id='word_1_35' title='bbox 1037 1009 1142 1058; x_wconf 90' lang='lat' dir='ltr'>arcus</span> <span class='ocrx_word' id='word_1_36' title='bbox 1167 990 1291 1058; x_wconf 90' lang='lat' dir='ltr'>tensos</span> <span class='ocrx_word' id='word_1_37' title='bbox 1316 982 1394 1058; x_wconf 92' lang='lat' dir='ltr'>sine</span> <span class='ocrx_word' id='word_1_38' title='bbox 1421 991 1546 1058; x_wconf 91' lang='lat' dir='ltr'>tamen</span> <span class='ocrx_word' id='word_1_39' title='bbox 1567 985 1656 1081; x_wconf 88' lang='lat' dir='ltr'>sagit-</span> 
     </span>
     <span class='ocr_line' id='line_1_6' title="bbox 351 1109 1657 1208; baseline -0.002 -22"><span class='ocrx_word' id='word_1_40' title='bbox 351 1112 398 1186; x_wconf 88' lang='lat' dir='ltr'>tis</span> <span class='ocrx_word' id='word_1_41' title='bbox 429 1113 615 1202; x_wconf 88' lang='lat' dir='ltr'>tenebant,</span> <span class='ocrx_word' id='word_1_42' title='bbox 638 1113 766 1187; x_wconf 90' lang='lat' dir='ltr'>cordas</span> <span class='ocrx_word' id='word_1_43' title='bbox 790 1112 862 1186; x_wconf 91' lang='lat' dir='ltr'>sive</span> <span class='ocrx_word' id='word_1_44' title='bbox 886 1135 1017 1185; x_wconf 90' lang='lat' dir='ltr'>senuas</span> <span class='ocrx_word' id='word_1_45' title='bbox 1040 1109 1078 1208; x_wconf 74' lang='lat' dir='ltr'>(l)</span> <span class='ocrx_word' id='word_1_46' title='bbox 1107 1110 1351 1206; x_wconf 91' lang='lat' dir='ltr'>deponerent,</span> <span class='ocrx_word' id='word_1_47' title='bbox 1380 1117 1417 1182; x_wconf 89' lang='lat' dir='ltr'>et</span> <span class='ocrx_word' id='word_1_48' title='bbox 1453 1109 1507 1183; x_wconf 88' lang='lat' dir='ltr'>sio</span> <span class='ocrx_word' id='word_1_49' title='bbox 1527 1109 1657 1184; x_wconf 86' lang='lat' dir='ltr'>inermes</span> 
     </span>
     <span class='ocr_line' id='line_1_7' title="bbox 351 1235 1658 1334; baseline -0.002 -24"><span class='ocrx_word' id='word_1_50' title='bbox 351 1235 568 1310; x_wconf 83' lang='lat' dir='ltr'>accederent</span> <span class='ocrx_word' id='word_1_51' title='bbox 590 1261 598 1309; x_wconf 94' lang='lat'><strong>:</strong></span> <span class='ocrx_word' id='word_1_52' title='bbox 623 1235 674 1308; x_wconf 88' lang='lat' dir='ltr'>sic</span> <span class='ocrx_word' id='word_1_53' title='bbox 699 1236 848 1310; x_wconf 90' lang='lat' dir='ltr'>lactum.</span> <span class='ocrx_word' id='word_1_54' title='bbox 878 1237 977 1306; x_wconf 88' lang='lat' dir='ltr'>Tunc</span> <span class='ocrx_word' id='word_1_55' title='bbox 1000 1240 1236 1308; x_wconf 90' lang='lat' dir='ltr'>accesserunt</span> <span class='ocrx_word' id='word_1_56' title='bbox 1255 1235 1316 1308; x_wconf 89' lang='lat' dir='ltr'>ille</span> <span class='ocrx_word' id='word_1_57' title='bbox 1332 1259 1462 1332; x_wconf 92' lang='lat' dir='ltr'>eques,</span> <span class='ocrx_word' id='word_1_58' title='bbox 1480 1235 1538 1309; x_wconf 92' lang='lat' dir='ltr'>isti</span> <span class='ocrx_word' id='word_1_59' title='bbox 1557 1237 1658 1334; x_wconf 78' lang='lat' dir='ltr'>pedes-</span> 
     </span>
     <span class='ocr_line' id='line_1_8' title="bbox 350 1359 1658 1460; baseline 0.002 -26"><span class='ocrx_word' id='word_1_60' title='bbox 350 1368 423 1436; x_wconf 89' lang='lat' dir='ltr'>tres</span> <span class='ocrx_word' id='word_1_61' title='bbox 446 1387 571 1436; x_wconf 87' lang='lat' dir='ltr'>versus</span> <span class='ocrx_word' id='word_1_62' title='bbox 595 1365 768 1454; x_wconf 87' lang='lat' dir='ltr'>Turcum,</span> <span class='ocrx_word' id='word_1_63' title='bbox 808 1385 917 1458; x_wconf 93' lang='lat' dir='ltr'>quem</span> <span class='ocrx_word' id='word_1_64' title='bbox 946 1385 1030 1434; x_wconf 90' lang='lat' dir='ltr'>cum</span> <span class='ocrx_word' id='word_1_65' title='bbox 1058 1359 1178 1434; x_wconf 83' lang='lat' dir='ltr'>ridere</span> <span class='ocrx_word' id='word_1_66' title='bbox 1202 1359 1360 1458; x_wconf 87' lang='lat' dir='ltr'>cepisset</span> <span class='ocrx_word' id='word_1_67' title='bbox 1389 1385 1433 1436; x_wconf 89' lang='lat' dir='ltr'>ao</span> <span class='ocrx_word' id='word_1_68' title='bbox 1461 1387 1571 1460; x_wconf 88' lang='lat' dir='ltr'>prope</span> <span class='ocrx_word' id='word_1_69' title='bbox 1595 1388 1658 1438; x_wconf 91' lang='lat' dir='ltr'>eun</span> 
     </span>
     <span class='ocr_line' id='line_1_9' title="bbox 350 1486 1656 1585; baseline 0.005 -24"><span class='ocrx_word' id='word_1_70' title='bbox 350 1486 494 1562; x_wconf 89' lang='lat' dir='ltr'>circiter</span> <span class='ocrx_word' id='word_1_71' title='bbox 515 1487 753 1585; x_wconf 87' lang='lat' dir='ltr'>quadraginta</span> <span class='ocrx_word' id='word_1_72' title='bbox 768 1487 934 1584; x_wconf 91' lang='lat' dir='ltr'>passibus</span> <span class='ocrx_word' id='word_1_73' title='bbox 958 1487 1143 1576; x_wconf 83' lang='lat' dir='ltr'>existeret,</span> <span class='ocrx_word' id='word_1_74' title='bbox 1161 1494 1285 1561; x_wconf 89' lang='lat' dir='ltr'>orator</span> <span class='ocrx_word' id='word_1_75' title='bbox 1299 1488 1493 1563; x_wconf 88' lang='lat' dir='ltr'>deseendit</span> <span class='ocrx_word' id='word_1_76' title='bbox 1512 1514 1555 1563; x_wconf 88' lang='lat' dir='ltr'>ex</span> <span class='ocrx_word' id='word_1_77' title='bbox 1569 1515 1656 1585; x_wconf 87' lang='lat' dir='ltr'>equo.</span> 
     </span>
     <span class='ocr_line' id='line_1_10' title="bbox 351 1612 1660 1711; baseline 0.002 -25"><span class='ocrx_word' id='word_1_78' title='bbox 351 1619 387 1686; x_wconf 92' lang='lat' dir='ltr'>et</span> <span class='ocrx_word' id='word_1_79' title='bbox 414 1613 516 1688; x_wconf 83' lang='lat' dir='ltr'>valde</span> <span class='ocrx_word' id='word_1_80' title='bbox 545 1614 701 1688; x_wconf 89' lang='lat' dir='ltr'>honesto</span> <span class='ocrx_word' id='word_1_81' title='bbox 731 1637 840 1710; x_wconf 88' lang='lat' dir='ltr'>passu</span> <span class='ocrx_word' id='word_1_82' title='bbox 857 1613 1013 1688; x_wconf 89' lang='lat' dir='ltr'>accessit</span> <span class='ocrx_word' id='word_1_83' title='bbox 1037 1634 1152 1708; x_wconf 90' lang='lat' dir='ltr'>usqne</span> <span class='ocrx_word' id='word_1_84' title='bbox 1176 1635 1289 1710; x_wconf 90' lang='lat' dir='ltr'>prope</span> <span class='ocrx_word' id='word_1_85' title='bbox 1309 1612 1412 1688; x_wconf 91' lang='lat' dir='ltr'>illum</span> <span class='ocrx_word' id='word_1_86' title='bbox 1434 1614 1577 1688; x_wconf 89' lang='lat' dir='ltr'>circiter</span> <span class='ocrx_word' id='word_1_87' title='bbox 1594 1639 1660 1711; x_wconf 90' lang='lat' dir='ltr'>pas·</span> 
     </span>
     <span class='ocr_line' id='line_1_11' title="bbox 351 1736 1658 1836; baseline 0 -24"><span class='ocrx_word' id='word_1_88' title='bbox 351 1738 449 1812; x_wconf 91' lang='lat' dir='ltr'>sibus</span> <span class='ocrx_word' id='word_1_89' title='bbox 476 1739 695 1835; x_wconf 87' lang='lat' dir='ltr'>quindecim.</span> <span class='ocrx_word' id='word_1_90' title='bbox 731 1741 822 1812; x_wconf 93' lang='lat' dir='ltr'>Tum</span> <span class='ocrx_word' id='word_1_91' title='bbox 851 1762 916 1836; x_wconf 92' lang='lat' dir='ltr'>per</span> <span class='ocrx_word' id='word_1_92' title='bbox 941 1763 1068 1836; x_wconf 90' lang='lat' dir='ltr'>passus</span> <span class='ocrx_word' id='word_1_93' title='bbox 1098 1736 1258 1833; x_wconf 93' lang='lat' dir='ltr'>quinque</span> <span class='ocrx_word' id='word_1_94' title='bbox 1289 1737 1344 1810; x_wconf 82' lang='lat' dir='ltr'>vel</span> <span class='ocrx_word' id='word_1_95' title='bbox 1363 1737 1477 1828; x_wconf 90' lang='lat' dir='ltr'>circa,</span> <span class='ocrx_word' id='word_1_96' title='bbox 1507 1739 1658 1812; x_wconf 84' lang='lat' dir='ltr'>ambiens.</span> 
     </span>
     <span class='ocr_line' id='line_1_12' title="bbox 352 1861 1661 1962; baseline -0.002 -26"><span class='ocrx_word' id='word_1_97' title='bbox 352 1864 444 1938; x_wconf 91' lang='lat' dir='ltr'>sein</span> <span class='ocrx_word' id='word_1_98' title='bbox 461 1871 593 1940; x_wconf 88' lang='lat' dir='ltr'>terram</span> <span class='ocrx_word' id='word_1_99' title='bbox 617 1889 726 1962; x_wconf 90' lang='lat' dir='ltr'>super</span> <span class='ocrx_word' id='word_1_100' title='bbox 739 1866 905 1938; x_wconf 87' lang='lat' dir='ltr'>dextrum</span> <span class='ocrx_word' id='word_1_101' title='bbox 929 1864 1023 1938; x_wconf 89' lang='lat' dir='ltr'>latus</span> <span class='ocrx_word' id='word_1_102' title='bbox 1042 1863 1152 1938; x_wconf 90' lang='lat' dir='ltr'>etiam</span> <span class='ocrx_word' id='word_1_103' title='bbox 1174 1861 1291 1960; x_wconf 91' lang='lat' dir='ltr'>capite</span> <span class='ocrx_word' id='word_1_104' title='bbox 1312 1863 1521 1961; x_wconf 77' lang='lat' dir='ltr'>prostravit,</span> <span class='ocrx_word' id='word_1_105' title='bbox 1546 1870 1579 1938; x_wconf 90' lang='lat' dir='ltr'>et</span> <span class='ocrx_word' id='word_1_106' title='bbox 1599 1887 1661 1936; x_wconf 84' lang='lat' dir='ltr'>mor</span> 
     </span>
     <span class='ocr_line' id='line_1_13' title="bbox 354 1987 1659 2090; baseline -0.002 -27"><span class='ocrx_word' id='word_1_107' title='bbox 354 2014 506 2088; x_wconf 80' lang='lat' dir='ltr'>surgens</span> <span class='ocrx_word' id='word_1_108' title='bbox 535 1991 649 2064; x_wconf 90' lang='lat' dir='ltr'>tribus</span> <span class='ocrx_word' id='word_1_109' title='bbox 675 1991 840 2090; x_wconf 89' lang='lat' dir='ltr'>passibus</span> <span class='ocrx_word' id='word_1_110' title='bbox 870 2001 934 2065; x_wconf 85' lang='lat' dir='ltr'>sed</span> <span class='ocrx_word' id='word_1_111' title='bbox 963 1995 1118 2086; x_wconf 91' lang='lat' dir='ltr'>quatuor</span> <span class='ocrx_word' id='word_1_112' title='bbox 1143 1987 1223 2061; x_wconf 92' lang='lat' dir='ltr'>aliis</span> <span class='ocrx_word' id='word_1_113' title='bbox 1244 1989 1423 2082; x_wconf 80' lang='lat' dir='ltr'>ambiens,</span> <span class='ocrx_word' id='word_1_114' title='bbox 1456 2013 1563 2087; x_wconf 92' lang='lat' dir='ltr'>super</span> <span class='ocrx_word' id='word_1_115' title='bbox 1586 2011 1659 2086; x_wconf 87' lang='lat' dir='ltr'>genu</span> 
     </span>
     <span class='ocr_line' id='line_1_14' title="bbox 354 2115 1658 2214; baseline 0.001 -24"><span class='ocrx_word' id='word_1_116' title='bbox 354 2115 543 2192; x_wconf 88' lang='lat' dir='ltr'>dexterum</span> <span class='ocrx_word' id='word_1_117' title='bbox 559 2117 790 2214; x_wconf 86' lang='lat' dir='ltr'>genussexum</span> <span class='ocrx_word' id='word_1_118' title='bbox 807 2141 846 2192; x_wconf 91' lang='lat' dir='ltr'>se</span> <span class='ocrx_word' id='word_1_119' title='bbox 861 2117 1001 2191; x_wconf 89' lang='lat' dir='ltr'>habens</span> <span class='ocrx_word' id='word_1_120' title='bbox 1020 2122 1056 2190; x_wconf 92' lang='lat' dir='ltr'>et</span> <span class='ocrx_word' id='word_1_121' title='bbox 1077 2122 1211 2190; x_wconf 90' lang='lat' dir='ltr'>terram</span> <span class='ocrx_word' id='word_1_122' title='bbox 1227 2123 1380 2214; x_wconf 86' lang='lat' dir='ltr'>tangens</span> <span class='ocrx_word' id='word_1_123' title='bbox 1396 2117 1548 2190; x_wconf 85' lang='lat' dir='ltr'>dextera</span> <span class='ocrx_word' id='word_1_124' title='bbox 1561 2137 1658 2191; x_wconf 83' lang='lat' dir='ltr'>manu.</span> 
     </span>
     <span class='ocr_line' id='line_1_15' title="bbox 353 2242 1658 2342; baseline -0.002 -26"><span class='ocrx_word' id='word_1_125' title='bbox 353 2242 452 2316; x_wconf 87' lang='lat' dir='ltr'>illam</span> <span class='ocrx_word' id='word_1_126' title='bbox 467 2267 553 2335; x_wconf 89' lang='lat' dir='ltr'>mox</span> <span class='ocrx_word' id='word_1_127' title='bbox 576 2243 772 2318; x_wconf 87' lang='lat' dir='ltr'>osculatus.</span> <span class='ocrx_word' id='word_1_128' title='bbox 798 2245 889 2317; x_wconf 92' lang='lat' dir='ltr'>Tum</span> <span class='ocrx_word' id='word_1_129' title='bbox 911 2243 1042 2318; x_wconf 92' lang='lat' dir='ltr'>iterum</span> <span class='ocrx_word' id='word_1_130' title='bbox 1066 2267 1220 2341; x_wconf 83' lang='lat' dir='ltr'>surgens</span> <span class='ocrx_word' id='word_1_131' title='bbox 1237 2249 1273 2318; x_wconf 90' lang='lat' dir='ltr'>et</span> <span class='ocrx_word' id='word_1_132' title='bbox 1293 2243 1401 2318; x_wconf 91' lang='lat' dir='ltr'>tantis</span> <span class='ocrx_word' id='word_1_133' title='bbox 1420 2243 1585 2342; x_wconf 85' lang='lat' dir='ltr'>passibus</span> <span class='ocrx_word' id='word_1_134' title='bbox 1601 2265 1658 2314; x_wconf 90' lang='lat' dir='ltr'>am-</span> 
     </span>
     <span class='ocr_line' id='line_1_16' title="bbox 353 2368 1661 2466; baseline -0.002 -26"><span class='ocrx_word' id='word_1_135' title='bbox 353 2368 456 2444; x_wconf 89' lang='lat' dir='ltr'>biens</span> <span class='ocrx_word' id='word_1_136' title='bbox 477 2393 589 2466; x_wconf 91' lang='lat' dir='ltr'>usqne</span> <span class='ocrx_word' id='word_1_137' title='bbox 605 2369 651 2444; x_wconf 87' lang='lat' dir='ltr'>ed</span> <span class='ocrx_word' id='word_1_138' title='bbox 665 2372 834 2462; x_wconf 91' lang='lat' dir='ltr'>Turcum,</span> <span class='ocrx_word' id='word_1_139' title='bbox 858 2393 981 2445; x_wconf 91' lang='lat' dir='ltr'>coram</span> <span class='ocrx_word' id='word_1_140' title='bbox 1008 2393 1079 2466; x_wconf 92' lang='lat' dir='ltr'>quo</span> <span class='ocrx_word' id='word_1_141' title='bbox 1098 2369 1326 2466; x_wconf 86' lang='lat' dir='ltr'>genuflexus,</span> <span class='ocrx_word' id='word_1_142' title='bbox 1348 2369 1446 2443; x_wconf 94' lang='lat' dir='ltr'>illius</span> <span class='ocrx_word' id='word_1_143' title='bbox 1470 2391 1595 2466; x_wconf 90' lang='lat' dir='ltr'>equum</span> <span class='ocrx_word' id='word_1_144' title='bbox 1612 2389 1661 2463; x_wconf 89' lang='lat' dir='ltr'>per</span> 
     </span>
     <span class='ocr_line' id='line_1_17' title="bbox 353 2481 1661 2592; baseline -0.005 -24"><span class='ocrx_word' id='word_1_145' title='bbox 353 2495 484 2590; x_wconf 89' lang='lat' dir='ltr'>pedem</span> <span class='ocrx_word' id='word_1_146' title='bbox 500 2495 668 2570; x_wconf 86' lang='lat' dir='ltr'>dextrum</span> <span class='ocrx_word' id='word_1_147' title='bbox 684 2495 756 2570; x_wconf 86' lang='lat' dir='ltr'>sive</span> <span class='ocrx_word' id='word_1_148' title='bbox 775 2495 958 2569; x_wconf 91' lang='lat' dir='ltr'>sinistrum</span> <span class='ocrx_word' id='word_1_149' title='bbox 979 2503 1016 2570; x_wconf 92' lang='lat' dir='ltr'>et</span> <span class='ocrx_word' id='word_1_150' title='bbox 1035 2495 1142 2568; x_wconf 91' lang='lat' dir='ltr'>Turoi</span> <span class='ocrx_word' id='word_1_151' title='bbox 1162 2481 1294 2592; x_wconf 91' lang='lat' dir='ltr'>pedem</span> <span class='ocrx_word' id='word_1_152' title='bbox 1311 2495 1481 2570; x_wconf 87' lang='lat' dir='ltr'>dextrum</span> <span class='ocrx_word' id='word_1_153' title='bbox 1501 2493 1661 2590; x_wconf 83' lang='lat' dir='ltr'>amplexus</span> 
     </span>
     <span class='ocr_line' id='line_1_18' title="bbox 353 2620 1660 2718; baseline -0.004 -25"><span class='ocrx_word' id='word_1_154' title='bbox 353 2625 422 2710; x_wconf 92' lang='lat' dir='ltr'>est,</span> <span class='ocrx_word' id='word_1_155' title='bbox 441 2620 546 2694; x_wconf 92' lang='lat' dir='ltr'>simul</span> <span class='ocrx_word' id='word_1_156' title='bbox 562 2626 598 2695; x_wconf 92' lang='lat' dir='ltr'>et</span> <span class='ocrx_word' id='word_1_157' title='bbox 612 2621 743 2718; x_wconf 90' lang='lat' dir='ltr'>pedem</span> <span class='ocrx_word' id='word_1_158' title='bbox 760 2620 872 2718; x_wconf 91' lang='lat' dir='ltr'>ipsius</span> <span class='ocrx_word' id='word_1_159' title='bbox 887 2620 992 2694; x_wconf 90' lang='lat' dir='ltr'>Turci</span> <span class='ocrx_word' id='word_1_160' title='bbox 1016 2620 1197 2694; x_wconf 91' lang='lat' dir='ltr'>osculatus</span> <span class='ocrx_word' id='word_1_161' title='bbox 1220 2627 1286 2696; x_wconf 90' lang='lat' dir='ltr'>est.</span> <span class='ocrx_word' id='word_1_162' title='bbox 1303 2624 1395 2694; x_wconf 89' lang='lat' dir='ltr'>Tum</span> <span class='ocrx_word' id='word_1_163' title='bbox 1416 2644 1569 2717; x_wconf 83' lang='lat' dir='ltr'>surgens</span> <span class='ocrx_word' id='word_1_164' title='bbox 1587 2642 1660 2716; x_wconf 84' lang='lat' dir='ltr'>genn</span> 
     </span>
     <span class='ocr_line' id='line_1_19' title="bbox 353 2746 1660 2837; baseline -0.002 -19"><span class='ocrx_word' id='word_1_165' title='bbox 353 2746 520 2820; x_wconf 88' lang='lat' dir='ltr'>dextrum</span> <span class='ocrx_word' id='word_1_166' title='bbox 543 2747 636 2820; x_wconf 93' lang='lat' dir='ltr'>illius</span> <span class='ocrx_word' id='word_1_167' title='bbox 658 2754 714 2820; x_wconf 91' lang='lat' dir='ltr'>ter</span> <span class='ocrx_word' id='word_1_168' title='bbox 733 2747 818 2822; x_wconf 89' lang='lat' dir='ltr'>binc</span> <span class='ocrx_word' id='word_1_169' title='bbox 843 2753 879 2822; x_wconf 94' lang='lat' dir='ltr'>et</span> <span class='ocrx_word' id='word_1_170' title='bbox 895 2746 979 2822; x_wconf 92' lang='lat' dir='ltr'>inde</span> <span class='ocrx_word' id='word_1_171' title='bbox 1000 2746 1184 2820; x_wconf 86' lang='lat' dir='ltr'>osculatus</span> <span class='ocrx_word' id='word_1_172' title='bbox 1206 2752 1274 2837; x_wconf 92' lang='lat' dir='ltr'>est,</span> <span class='ocrx_word' id='word_1_173' title='bbox 1297 2746 1354 2820; x_wconf 91' lang='lat' dir='ltr'>cui</span> <span class='ocrx_word' id='word_1_174' title='bbox 1378 2750 1520 2821; x_wconf 86' lang='lat' dir='ltr'>Turcus</span> <span class='ocrx_word' id='word_1_175' title='bbox 1539 2766 1660 2818; x_wconf 89' lang='lat' dir='ltr'>mannn</span> 
     </span>
     <span class='ocr_line' id='line_1_20' title="bbox 353 2871 1657 2976; baseline -0.001 -32"><span class='ocrx_word' id='word_1_176' title='bbox 353 2871 539 2946; x_wconf 87' lang='lat' dir='ltr'>dexteram</span> <span class='ocrx_word' id='word_1_177' title='bbox 555 2872 601 2946; x_wconf 88' lang='lat' dir='ltr'>ad</span> <span class='ocrx_word' id='word_1_178' title='bbox 618 2872 751 2948; x_wconf 91' lang='lat' dir='ltr'>collum</span> <span class='ocrx_word' id='word_1_179' title='bbox 770 2872 973 2976; x_wconf 81' lang='lat' dir='ltr'>porrigens,</span> <span class='ocrx_word' id='word_1_180' title='bbox 996 2873 1055 2946; x_wconf 92' lang='lat' dir='ltr'>ille</span> <span class='ocrx_word' id='word_1_181' title='bbox 1078 2879 1195 2946; x_wconf 84' lang='lat' dir='ltr'>vestes</span> <span class='ocrx_word' id='word_1_182' title='bbox 1216 2872 1383 2946; x_wconf 90' lang='lat' dir='ltr'>similiter</span> <span class='ocrx_word' id='word_1_183' title='bbox 1406 2873 1587 2947; x_wconf 86' lang='lat' dir='ltr'>osculatus</span> <span class='ocrx_word' id='word_1_184' title='bbox 1598 2875 1657 2943; x_wconf 92' lang='lat' dir='ltr'>est:</span> 
     </span>
     <span class='ocr_line' id='line_1_21' title="bbox 354 2990 1658 3094; baseline -0.008 -22"><span class='ocrx_word' id='word_1_185' title='bbox 354 3021 424 3094; x_wconf 92' lang='lat' dir='ltr'>que</span> <span class='ocrx_word' id='word_1_186' title='bbox 441 2996 563 3071; x_wconf 90' lang='lat' dir='ltr'>omnia</span> <span class='ocrx_word' id='word_1_187' title='bbox 577 2997 655 3094; x_wconf 94' lang='lat' dir='ltr'>ipse</span> <span class='ocrx_word' id='word_1_188' title='bbox 666 3005 789 3072; x_wconf 90' lang='lat' dir='ltr'>orator</span> <span class='ocrx_word' id='word_1_189' title='bbox 803 2997 894 3071; x_wconf 92' lang='lat' dir='ltr'>adeo</span> <span class='ocrx_word' id='word_1_190' title='bbox 916 2995 1122 3070; x_wconf 80' lang='lat' dir='ltr'>cordialiter</span> <span class='ocrx_word' id='word_1_191' title='bbox 1138 2995 1259 3070; x_wconf 89' lang='lat' dir='ltr'>lacere</span> <span class='ocrx_word' id='word_1_192' title='bbox 1275 2996 1370 3070; x_wconf 80' lang='lat' dir='ltr'>visus</span> <span class='ocrx_word' id='word_1_193' title='bbox 1386 3002 1457 3086; x_wconf 88' lang='lat' dir='ltr'>est,</span> <span class='ocrx_word' id='word_1_194' title='bbox 1473 2996 1567 3092; x_wconf 94' lang='lat' dir='ltr'>quod</span> <span class='ocrx_word' id='word_1_195' title='bbox 1578 2990 1658 3090; x_wconf 74' lang='lat' dir='ltr'>quat</span> 
     </span>
     <span class='ocr_line' id='line_1_22' title="bbox 355 3117 1660 3220; baseline -0.005 -26"><span class='ocrx_word' id='word_1_196' title='bbox 355 3121 442 3198; x_wconf 90' lang='lat' dir='ltr'>llere</span> <span class='ocrx_word' id='word_1_197' title='bbox 456 3121 500 3196; x_wconf 87' lang='lat' dir='ltr'>ab</span> <span class='ocrx_word' id='word_1_198' title='bbox 512 3121 680 3196; x_wconf 93' lang='lat' dir='ltr'>omnibus</span> <span class='ocrx_word' id='word_1_199' title='bbox 693 3121 787 3196; x_wconf 87' lang='lat' dir='ltr'>visus</span> <span class='ocrx_word' id='word_1_200' title='bbox 804 3129 872 3197; x_wconf 87' lang='lat' dir='ltr'>est.</span> <span class='ocrx_word' id='word_1_201' title='bbox 890 3125 1027 3196; x_wconf 91' lang='lat' dir='ltr'>Turcus</span> <span class='ocrx_word' id='word_1_202' title='bbox 1045 3127 1167 3196; x_wconf 88' lang='lat' dir='ltr'>autem</span> <span class='ocrx_word' id='word_1_203' title='bbox 1187 3121 1327 3196; x_wconf 91' lang='lat' dir='ltr'>nullum</span> <span class='ocrx_word' id='word_1_204' title='bbox 1349 3121 1495 3220; x_wconf 89' lang='lat' dir='ltr'>signum</span> <span class='ocrx_word' id='word_1_205' title='bbox 1515 3121 1561 3194; x_wconf 95' lang='lat' dir='ltr'>illi</span> <span class='ocrx_word' id='word_1_206' title='bbox 1576 3117 1660 3192; x_wconf 89' lang='lat' dir='ltr'>tacie-</span> 
     </span>
    </p>
   </div>
   <div class='ocr_carea' id='block_1_3' title="bbox 354 3243 1696 3358">
    <p class='ocr_par' dir='ltr' id='par_1_3' title="bbox 354 3243 1696 3358">
     <span class='ocr_line' id='line_1_23' title="bbox 354 3243 1696 3358; baseline -0.005 -38"><span class='ocrx_word' id='word_1_207' title='bbox 354 3246 428 3338; x_wconf 92' lang='lat' dir='ltr'>bat,</span> <span class='ocrx_word' id='word_1_208' title='bbox 450 3247 514 3321; x_wconf 89' lang='lat' dir='ltr'>sed</span> <span class='ocrx_word' id='word_1_209' title='bbox 535 3253 572 3322; x_wconf 90' lang='lat' dir='ltr'>nt</span> <span class='ocrx_word' id='word_1_210' title='bbox 587 3246 756 3346; x_wconf 85' lang='lat' dir='ltr'>princeps</span> <span class='ocrx_word' id='word_1_211' title='bbox 777 3248 902 3322; x_wconf 91' lang='lat' dir='ltr'>tirmus</span> <span class='ocrx_word' id='word_1_212' title='bbox 920 3249 1023 3322; x_wconf 93' lang='lat' dir='ltr'>illum</span> <span class='ocrx_word' id='word_1_213' title='bbox 1040 3247 1255 3344; x_wconf 85' lang='lat' dir='ltr'>expectabat</span> <span class='ocrx_word' id='word_1_214' title='bbox 1269 3253 1305 3322; x_wconf 87' lang='lat' dir='ltr'>et</span> <span class='ocrx_word' id='word_1_215' title='bbox 1325 3247 1449 3321; x_wconf 91' lang='lat' dir='ltr'>nullus</span> <span class='ocrx_word' id='word_1_216' title='bbox 1463 3245 1561 3321; x_wconf 89' lang='lat' dir='ltr'>alteri</span> <span class='ocrx_word' id='word_1_217' title='bbox 1578 3243 1658 3340; x_wconf 85' lang='lat' dir='ltr'>quir·</span> <span class='ocrx_word' id='word_1_218' title='bbox 1695 3299 1696 3358; x_wconf 76' lang='lat'>,</span> 
     </span>
    </p>
   </div>
   <div class='ocr_carea' id='block_1_4' title="bbox 336 3371 1655 4728">
    <p class='ocr_par' dir='ltr' id='par_1_4' title="bbox 351 3371 1655 3848">
     <span class='ocr_line' id='line_1_24' title="bbox 353 3371 1655 3471; baseline -0.008 -23"><span class='ocrx_word' id='word_1_219' title='bbox 353 3397 462 3470; x_wconf 89' lang='lat' dir='ltr'>quam</span> <span class='ocrx_word' id='word_1_220' title='bbox 476 3373 631 3466; x_wconf 88' lang='lat' dir='ltr'>dicebat,</span> <span class='ocrx_word' id='word_1_221' title='bbox 646 3374 822 3450; x_wconf 87' lang='lat' dir='ltr'>sedlactis</span> <span class='ocrx_word' id='word_1_222' title='bbox 837 3399 902 3471; x_wconf 91' lang='lat' dir='ltr'>per</span> <span class='ocrx_word' id='word_1_223' title='bbox 912 3381 1095 3448; x_wconf 92' lang='lat' dir='ltr'>oratorem</span> <span class='ocrx_word' id='word_1_224' title='bbox 1108 3372 1333 3464; x_wconf 88' lang='lat' dir='ltr'>reverentiis,</span> <span class='ocrx_word' id='word_1_225' title='bbox 1346 3371 1655 3446; x_wconf 86' lang='lat' dir='ltr'>Torcusillicoram</span> 
     </span>
     <span class='ocr_line' id='line_1_25' title="bbox 352 3495 1655 3595; baseline -0.008 -21"><span class='ocrx_word' id='word_1_226' title='bbox 352 3523 391 3574; x_wconf 92' lang='lat' dir='ltr'>se</span> <span class='ocrx_word' id='word_1_227' title='bbox 412 3500 519 3574; x_wconf 87' lang='lat' dir='ltr'>stanti</span> <span class='ocrx_word' id='word_1_228' title='bbox 539 3501 645 3576; x_wconf 94' lang='lat' dir='ltr'>unico</span> <span class='ocrx_word' id='word_1_229' title='bbox 664 3499 773 3574; x_wconf 81' lang='lat' dir='ltr'>verbo</span> <span class='ocrx_word' id='word_1_230' title='bbox 790 3500 984 3589; x_wconf 84' lang='lat' dir='ltr'>annuebat,</span> <span class='ocrx_word' id='word_1_231' title='bbox 1004 3505 1043 3573; x_wconf 93' lang='lat' dir='ltr'>ut</span> <span class='ocrx_word' id='word_1_232' title='bbox 1058 3523 1192 3595; x_wconf 89' lang='lat' dir='ltr'>equum</span> <span class='ocrx_word' id='word_1_233' title='bbox 1208 3497 1437 3589; x_wconf 88' lang='lat' dir='ltr'>ascenderet,</span> <span class='ocrx_word' id='word_1_234' title='bbox 1458 3496 1519 3594; x_wconf 92' lang='lat' dir='ltr'>qui</span> <span class='ocrx_word' id='word_1_235' title='bbox 1532 3495 1577 3570; x_wconf 93' lang='lat' dir='ltr'>illi</span> <span class='ocrx_word' id='word_1_236' title='bbox 1592 3515 1655 3590; x_wconf 94' lang='lat' dir='ltr'>pro-</span> 
     </span>
     <span class='ocr_line' id='line_1_26' title="bbox 352 3621 1655 3722; baseline -0.01 -24"><span class='ocrx_word' id='word_1_237' title='bbox 352 3625 451 3722; x_wconf 91' lang='lat' dir='ltr'>prius</span> <span class='ocrx_word' id='word_1_238' title='bbox 466 3627 640 3700; x_wconf 86' lang='lat' dir='ltr'>adductus</span> <span class='ocrx_word' id='word_1_239' title='bbox 656 3633 765 3702; x_wconf 90' lang='lat' dir='ltr'>estut</span> <span class='ocrx_word' id='word_1_240' title='bbox 780 3649 863 3700; x_wconf 95' lang='lat' dir='ltr'>eum</span> <span class='ocrx_word' id='word_1_241' title='bbox 881 3625 1120 3715; x_wconf 90' lang='lat' dir='ltr'>ascenderet;</span> <span class='ocrx_word' id='word_1_242' title='bbox 1144 3623 1296 3698; x_wconf 87' lang='lat' dir='ltr'>recessit</span> <span class='ocrx_word' id='word_1_243' title='bbox 1316 3621 1425 3720; x_wconf 88' lang='lat' dir='ltr'>igitur</span> <span class='ocrx_word' id='word_1_244' title='bbox 1446 3623 1550 3720; x_wconf 90' lang='lat' dir='ltr'>plano</span> <span class='ocrx_word' id='word_1_245' title='bbox 1569 3637 1655 3716; x_wconf 83' lang='lat' dir='ltr'>passu</span> 
     </span>
     <span class='ocr_line' id='line_1_27' title="bbox 351 3741 1652 3848; baseline -0.012 -23"><span class='ocrx_word' id='word_1_246' title='bbox 351 3775 373 3825; x_wconf 89' lang='lat' dir='ltr'>a</span> <span class='ocrx_word' id='word_1_247' title='bbox 389 3755 519 3842; x_wconf 91' lang='lat' dir='ltr'>anco,</span> <span class='ocrx_word' id='word_1_248' title='bbox 535 3758 574 3826; x_wconf 92' lang='lat' dir='ltr'>ut</span> <span class='ocrx_word' id='word_1_249' title='bbox 587 3775 718 3848; x_wconf 91' lang='lat' dir='ltr'>equum</span> <span class='ocrx_word' id='word_1_250' title='bbox 735 3775 840 3825; x_wconf 90' lang='lat' dir='ltr'>suum</span> <span class='ocrx_word' id='word_1_251' title='bbox 857 3751 1084 3840; x_wconf 88' lang='lat' dir='ltr'>ascenderet,</span> <span class='ocrx_word' id='word_1_252' title='bbox 1104 3757 1141 3824; x_wconf 91' lang='lat' dir='ltr'>et</span> <span class='ocrx_word' id='word_1_253' title='bbox 1156 3774 1268 3847; x_wconf 91' lang='lat' dir='ltr'>eques</span> <span class='ocrx_word' id='word_1_254' title='bbox 1283 3755 1368 3824; x_wconf 88' lang='lat' dir='ltr'>ente</span> <span class='ocrx_word' id='word_1_255' title='bbox 1387 3753 1543 3826; x_wconf 88' lang='lat' dir='ltr'>Turcum</span> <span class='ocrx_word' id='word_1_256' title='bbox 1559 3741 1652 3820; x_wconf 87' lang='lat' dir='ltr'>rediit.</span> 
     </span>
    </p>

    <p class='ocr_par' dir='ltr' id='par_1_5' title="bbox 336 3867 1654 4728">
     <span class='ocr_line' id='line_1_28' title="bbox 402 3867 1654 3966; baseline -0.007 -17"><span class='ocrx_word' id='word_1_257' title='bbox 402 3876 549 3950; x_wconf 88' lang='lat' dir='ltr'>Interim</span> <span class='ocrx_word' id='word_1_258' title='bbox 587 3878 682 3950; x_wconf 85' lang='lat' dir='ltr'>venit</span> <span class='ocrx_word' id='word_1_259' title='bbox 718 3901 810 3950; x_wconf 89' lang='lat' dir='ltr'>unus</span> <span class='ocrx_word' id='word_1_260' title='bbox 843 3901 887 3951; x_wconf 92' lang='lat' dir='ltr'>ex</span> <span class='ocrx_word' id='word_1_261' title='bbox 927 3875 1063 3948; x_wconf 81' lang='lat' dir='ltr'>familia</span> <span class='ocrx_word' id='word_1_262' title='bbox 1100 3875 1206 3950; x_wconf 88' lang='lat' dir='ltr'>Turci</span> <span class='ocrx_word' id='word_1_263' title='bbox 1234 3881 1272 3950; x_wconf 90' lang='lat' dir='ltr'>et</span> <span class='ocrx_word' id='word_1_264' title='bbox 1301 3875 1498 3949; x_wconf 82' lang='lat' dir='ltr'>familiares</span> <span class='ocrx_word' id='word_1_265' title='bbox 1524 3867 1654 3966; x_wconf 85' lang='lat' dir='ltr'>singulos</span> 
     </span>
     <span class='ocr_line' id='line_1_29' title="bbox 353 3999 1650 4098; baseline -0.008 -25"><span class='ocrx_word' id='word_1_266' title='bbox 353 3999 505 4074; x_wconf 88' lang='lat' dir='ltr'>oratoris</span> <span class='ocrx_word' id='word_1_267' title='bbox 531 3999 716 4096; x_wconf 88' lang='lat' dir='ltr'>amplexus</span> <span class='ocrx_word' id='word_1_268' title='bbox 742 4006 810 4074; x_wconf 89' lang='lat' dir='ltr'>est.</span> <span class='ocrx_word' id='word_1_269' title='bbox 833 4001 1074 4098; x_wconf 87' lang='lat' dir='ltr'>Tumsinguli</span> <span class='ocrx_word' id='word_1_270' title='bbox 1090 4010 1173 4076; x_wconf 89' lang='lat' dir='ltr'>ante</span> <span class='ocrx_word' id='word_1_271' title='bbox 1197 4005 1355 4076; x_wconf 91' lang='lat' dir='ltr'>Turcum</span> <span class='ocrx_word' id='word_1_272' title='bbox 1381 4000 1650 4098; x_wconf 87' lang='lat' dir='ltr'>genuflectentes,</span> 
     </span>
     <span class='ocr_line' id='line_1_30' title="bbox 353 4114 1650 4224; baseline 0 -26"><span class='ocrx_word' id='word_1_273' title='bbox 353 4132 487 4200; x_wconf 88' lang='lat' dir='ltr'>terram</span> <span class='ocrx_word' id='word_1_274' title='bbox 503 4126 650 4200; x_wconf 84' lang='lat' dir='ltr'>dextera</span> <span class='ocrx_word' id='word_1_275' title='bbox 664 4125 861 4222; x_wconf 83' lang='lat' dir='ltr'>tangebant</span> <span class='ocrx_word' id='word_1_276' title='bbox 871 4125 1386 4214; x_wconf 86' lang='lat' dir='ltr'>etdexteramoscnlabantur;</span> <span class='ocrx_word' id='word_1_277' title='bbox 1400 4133 1478 4201; x_wconf 90' lang='lat' dir='ltr'>tum</span> <span class='ocrx_word' id='word_1_278' title='bbox 1489 4114 1650 4224; x_wconf 76' lang='lat' dir='ltr'>genuflexi,</span> 
     </span>
     <span class='ocr_line' id='line_1_31' title="bbox 354 4245 1649 4351; baseline -0.001 -27"><span class='ocrx_word' id='word_1_279' title='bbox 354 4251 430 4348; x_wconf 88' lang='lat' dir='ltr'>ejus</span> <span class='ocrx_word' id='word_1_280' title='bbox 448 4249 531 4345; x_wconf 91' lang='lat' dir='ltr'>equi</span> <span class='ocrx_word' id='word_1_281' title='bbox 551 4257 588 4324; x_wconf 90' lang='lat' dir='ltr'>et</span> <span class='ocrx_word' id='word_1_282' title='bbox 611 4249 741 4347; x_wconf 93' lang='lat' dir='ltr'>pedem</span> <span class='ocrx_word' id='word_1_283' title='bbox 766 4251 953 4324; x_wconf 91' lang='lat' dir='ltr'>dexterum</span> <span class='ocrx_word' id='word_1_284' title='bbox 975 4252 1082 4325; x_wconf 85' lang='lat' dir='ltr'>Turci</span> <span class='ocrx_word' id='word_1_285' title='bbox 1107 4252 1384 4348; x_wconf 87' lang='lat' dir='ltr'>amplectentes,</span> <span class='ocrx_word' id='word_1_286' title='bbox 1403 4255 1532 4351; x_wconf 93' lang='lat' dir='ltr'>pedem</span> <span class='ocrx_word' id='word_1_287' title='bbox 1546 4245 1649 4346; x_wconf 68' lang='lat' dir='ltr'>primo,</span> 
     </span>
     <span class='ocr_line' id='line_1_32' title="bbox 352 4373 1648 4475; baseline -0.008 -25"><span class='ocrx_word' id='word_1_288' title='bbox 352 4377 481 4452; x_wconf 89' lang='lat' dir='ltr'>deinde</span> <span class='ocrx_word' id='word_1_289' title='bbox 508 4400 604 4475; x_wconf 86' lang='lat' dir='ltr'>genu</span> <span class='ocrx_word' id='word_1_290' title='bbox 632 4378 727 4452; x_wconf 91' lang='lat' dir='ltr'>illius</span> <span class='ocrx_word' id='word_1_291' title='bbox 757 4383 841 4450; x_wconf 92' lang='lat' dir='ltr'>sunt</span> <span class='ocrx_word' id='word_1_292' title='bbox 870 4377 1034 4452; x_wconf 89' lang='lat' dir='ltr'>osculati.</span> <span class='ocrx_word' id='word_1_293' title='bbox 1070 4377 1301 4452; x_wconf 90' lang='lat' dir='ltr'>Paucissimis</span> <span class='ocrx_word' id='word_1_294' title='bbox 1330 4377 1448 4454; x_wconf 87' lang='lat' dir='ltr'>verbis</span> <span class='ocrx_word' id='word_1_295' title='bbox 1477 4381 1598 4451; x_wconf 86' lang='lat' dir='ltr'>Turous</span> <span class='ocrx_word' id='word_1_296' title='bbox 1624 4373 1648 4440; x_wconf 91' lang='lat' dir='ltr'>et</span> 
     </span>
     <span class='ocr_line' id='line_1_33' title="bbox 336 4501 1648 4602; baseline -0.009 -24"><span class='ocrx_word' id='word_1_297' title='bbox 336 4509 472 4578; x_wconf 72' lang='lat' dir='ltr'>&#39;orator</span> <span class='ocrx_word' id='word_1_298' title='bbox 496 4527 535 4578; x_wconf 93' lang='lat' dir='ltr'>se</span> <span class='ocrx_word' id='word_1_299' title='bbox 550 4503 793 4594; x_wconf 83' lang='lat' dir='ltr'>absolverunt,</span> <span class='ocrx_word' id='word_1_300' title='bbox 812 4502 935 4599; x_wconf 90' lang='lat' dir='ltr'>sicque</span> <span class='ocrx_word' id='word_1_301' title='bbox 955 4507 1090 4578; x_wconf 91' lang='lat' dir='ltr'>Turcus</span> <span class='ocrx_word' id='word_1_302' title='bbox 1115 4505 1249 4579; x_wconf 90' lang='lat' dir='ltr'>Urbem</span> <span class='ocrx_word' id='word_1_303' title='bbox 1274 4509 1403 4602; x_wconf 90' lang='lat' dir='ltr'>postea</span> <span class='ocrx_word' id='word_1_304' title='bbox 1424 4509 1479 4578; x_wconf 92' lang='lat' dir='ltr'>est</span> <span class='ocrx_word' id='word_1_305' title='bbox 1497 4501 1648 4597; x_wconf 83' lang='lat' dir='ltr'>ingressos</span> 
     </span>
     <span class='ocr_line' id='line_1_34' title="bbox 350 4628 770 4728; baseline -0.005 -26"><span class='ocrx_word' id='word_1_306' title='bbox 350 4629 475 4703; x_wconf 90' lang='lat' dir='ltr'>ordine</span> <span class='ocrx_word' id='word_1_307' title='bbox 492 4628 721 4728; x_wconf 78' lang='lat' dir='ltr'>supradicto(</span> <span class='ocrx_word' id='word_1_308' title='bbox 745 4628 770 4726; x_wconf 89' lang='lat'>).</span> 
     </span>
    </p>
   </div>
   <div class='ocr_carea' id='block_1_5' title="bbox 347 4875 1644 5231">
    <p class='ocr_par' dir='ltr' id='par_1_6' title="bbox 347 4875 1644 5231">
     <span class='ocr_line' id='line_1_35' title="bbox 385 4875 1644 4963; baseline 0.002 -20"><span class='ocrx_word' id='word_1_309' title='bbox 385 4891 409 4943; x_wconf 91' lang='lat' dir='ltr'>t.</span> <span class='ocrx_word' id='word_1_310' title='bbox 429 4888 577 4945; x_wconf 73' lang='lat' dir='ltr'>Mattheus</span> <span class='ocrx_word' id='word_1_311' title='bbox 597 4889 702 4945; x_wconf 87' lang='lat' dir='ltr'>Bessus</span> <span class='ocrx_word' id='word_1_312' title='bbox 723 4889 851 4946; x_wconf 82' lang='lat' dir='ltr'>confirme</span> <span class='ocrx_word' id='word_1_313' title='bbox 870 4889 894 4945; x_wconf 91' lang='lat' dir='ltr'>le</span> <span class='ocrx_word' id='word_1_314' title='bbox 914 4887 980 4944; x_wconf 82' lang='lat' dir='ltr'>recit</span> <span class='ocrx_word' id='word_1_315' title='bbox 1001 4887 1034 4944; x_wconf 86' lang='lat' dir='ltr'>de</span> <span class='ocrx_word' id='word_1_316' title='bbox 1053 4888 1205 4947; x_wconf 82' lang='lat' dir='ltr'>Bnrclrard.</span> <span class='ocrx_word' id='word_1_317' title='bbox 1220 4884 1292 4962; x_wconf 86' lang='lat' dir='ltr'>Voy.</span> <span class='ocrx_word' id='word_1_318' title='bbox 1309 4891 1326 4945; x_wconf 81' lang='lat' dir='ltr'>d</span> <span class='ocrx_word' id='word_1_319' title='bbox 1341 4887 1523 4963; x_wconf 80' lang='lat' dir='ltr'>l’rtppendice,</span> <span class='ocrx_word' id='word_1_320' title='bbox 1539 4896 1566 4940; x_wconf 83' lang='lat'>11⁰</span> <span class='ocrx_word' id='word_1_321' title='bbox 1578 4879 1613 4946; x_wconf 74' lang='grc'>33,</span> <span class='ocrx_word' id='word_1_322' title='bbox 1626 4875 1644 4928; x_wconf 67' lang='lat'>¹³</span> 
     </span>
     <span class='ocr_line' id='line_1_36' title="bbox 348 4975 1641 5052; baseline -0.003 -22"><span class='ocrx_word' id='word_1_323' title='bbox 348 4975 426 5031; x_wconf 89' lang='lat' dir='ltr'>lettre</span> <span class='ocrx_word' id='word_1_324' title='bbox 437 4981 473 5032; x_wconf 88' lang='lat' dir='ltr'>od</span> <span class='ocrx_word' id='word_1_325' title='bbox 488 4976 506 5031; x_wconf 96' lang='lat' dir='ltr'>il</span> <span class='ocrx_word' id='word_1_326' title='bbox 523 4976 610 5032; x_wconf 78' lang='lat' dir='ltr'>decrit</span> <span class='ocrx_word' id='word_1_327' title='bbox 623 4977 732 5034; x_wconf 80' lang='lat' dir='ltr'>l&#39;entree</span> <span class='ocrx_word' id='word_1_328' title='bbox 748 4979 894 5034; x_wconf 89' lang='lat' dir='ltr'>solennelle</span> <span class='ocrx_word' id='word_1_329' title='bbox 908 4982 925 5034; x_wconf 77' lang='lat' dir='ltr'>a</span> <span class='ocrx_word' id='word_1_330' title='bbox 938 4978 1025 5034; x_wconf 83' lang='lat' dir='ltr'>Home</span> <span class='ocrx_word' id='word_1_331' title='bbox 1041 4979 1077 5034; x_wconf 95' lang='lat' dir='ltr'>du</span> <span class='ocrx_word' id='word_1_332' title='bbox 1093 4979 1185 5052; x_wconf 90' lang='lat' dir='ltr'>prince</span> <span class='ocrx_word' id='word_1_333' title='bbox 1204 4983 1336 5046; x_wconf 90' lang='lat' dir='ltr'>ottoman,</span> <span class='ocrx_word' id='word_1_334' title='bbox 1353 4977 1420 5034; x_wconf 90' lang='lat' dir='ltr'>dont</span> <span class='ocrx_word' id='word_1_335' title='bbox 1436 4978 1454 5034; x_wconf 91' lang='lat' dir='ltr'>il</span> <span class='ocrx_word' id='word_1_336' title='bbox 1468 4984 1535 5034; x_wconf 82' lang='lat' dir='ltr'>traca</span> <span class='ocrx_word' id='word_1_337' title='bbox 1549 4989 1578 5028; x_wconf 90' lang='lat' dir='ltr'>un</span> <span class='ocrx_word' id='word_1_338' title='bbox 1593 4981 1641 5040; x_wconf 79' lang='lat' dir='ltr'>por·</span> 
     </span>
     <span class='ocr_line' id='line_1_37' title="bbox 347 5058 1639 5142; baseline -0.012 -21"><span class='ocrx_word' id='word_1_339' title='bbox 347 5063 477 5139; x_wconf 86' lang='lat' dir='ltr'>traitpris</span> <span class='ocrx_word' id='word_1_340' title='bbox 495 5083 543 5121; x_wconf 87' lang='lat' dir='ltr'>sur</span> <span class='ocrx_word' id='word_1_341' title='bbox 556 5066 581 5122; x_wconf 84' lang='lat' dir='ltr'>le</span> <span class='ocrx_word' id='word_1_342' title='bbox 595 5065 641 5122; x_wconf 80' lang='lat' dir='ltr'>vn.</span> <span class='ocrx_word' id='word_1_343' title='bbox 658 5068 694 5123; x_wconf 91' lang='lat' dir='ltr'>Le</span> <span class='ocrx_word' id='word_1_344' title='bbox 709 5073 783 5124; x_wconf 83' lang='lat' dir='ltr'>texte</span> <span class='ocrx_word' id='word_1_345' title='bbox 796 5067 819 5124; x_wconf 91' lang='lat' dir='ltr'>si</span> <span class='ocrx_word' id='word_1_346' title='bbox 830 5067 917 5142; x_wconf 76' lang='lat' dir='ltr'>precis</span> <span class='ocrx_word' id='word_1_347' title='bbox 932 5068 965 5123; x_wconf 92' lang='lat' dir='ltr'>de</span> <span class='ocrx_word' id='word_1_348' title='bbox 980 5067 1131 5136; x_wconf 86' lang='lat' dir='ltr'>Burchard,</span> <span class='ocrx_word' id='word_1_349' title='bbox 1148 5067 1182 5124; x_wconf 89' lang='lat' dir='ltr'>da</span> <span class='ocrx_word' id='word_1_350' title='bbox 1193 5068 1311 5138; x_wconf 86' lang='lat' dir='ltr'>Bessus,</span> <span class='ocrx_word' id='word_1_351' title='bbox 1324 5067 1359 5124; x_wconf 90' lang='lat' dir='ltr'>de</span> <span class='ocrx_word' id='word_1_352' title='bbox 1374 5067 1473 5126; x_wconf 87' lang='lat' dir='ltr'>Petrus</span> <span class='ocrx_word' id='word_1_353' title='bbox 1488 5058 1639 5122; x_wconf 80' lang='lat' dir='ltr'>beneficiatus</span> 
     </span>
     <span class='ocr_line' id='line_1_38' title="bbox 348 5139 1640 5231; baseline -0.002 -21"><span class='ocrx_word' id='word_1_354' title='bbox 348 5153 405 5226; x_wconf 82' lang='lat' dir='ltr'>(ces</span> <span class='ocrx_word' id='word_1_355' title='bbox 419 5154 492 5212; x_wconf 88' lang='lat' dir='ltr'>deux</span> <span class='ocrx_word' id='word_1_356' title='bbox 513 5155 664 5212; x_wconf 78' lang='lat' dir='ltr'>derniersb</span> <span class='ocrx_word' id='word_1_357' title='bbox 683 5155 867 5231; x_wconf 84' lang='lat' dir='ltr'>l&#39;Appendice,</span> <span class='ocrx_word' id='word_1_358' title='bbox 883 5160 927 5211; x_wconf 83' lang='lat' dir='ltr'>n⁰⁸</span> <span class='ocrx_word' id='word_1_359' title='bbox 941 5157 985 5227; x_wconf 87' lang='grc'>33,</span> <span class='ocrx_word' id='word_1_360' title='bbox 1005 5156 1062 5230; x_wconf 83' lang='grc'>36),</span> <span class='ocrx_word' id='word_1_361' title='bbox 1083 5156 1189 5214; x_wconf 83' lang='lat' dir='ltr'>infirme</span> <span class='ocrx_word' id='word_1_362' title='bbox 1210 5156 1364 5216; x_wconf 86' lang='lat' dir='ltr'>l&#39;asssrtion</span> <span class='ocrx_word' id='word_1_363' title='bbox 1386 5157 1423 5214; x_wconf 88' lang='lat' dir='ltr'>de</span> <span class='ocrx_word' id='word_1_364' title='bbox 1442 5157 1468 5214; x_wconf 85' lang='lat' dir='ltr'>J.</span> <span class='ocrx_word' id='word_1_365' title='bbox 1487 5152 1559 5212; x_wconf 89' lang='lat' dir='ltr'>Bosio</span> <span class='ocrx_word' id='word_1_366' title='bbox 1576 5139 1640 5220; x_wconf 69' lang='lat' dir='ltr'>[Bell</span> 
     </span>
    </p>
   </div>
   <div class='ocr_carea' id='block_1_6' title="bbox 0 0 1716 6034">
    <p class='ocr_par' dir='ltr' id='par_1_7' title="bbox 0 0 1716 6034">
     <span class='ocr_line' id='line_1_39' title="bbox 0 0 1716 6034; baseline 0 0"><span class='ocrx_word' id='word_1_367' title='bbox 0 0 1716 6034; x_wconf 95' lang='lat' dir='ltr'> </span> 
     </span>
    </p>
   </div>
  </div>
 </body>
</html>
