3436 6038
362 479 415 534 224
817 473 993 532 JOHANb'lS
1016 473 1238 547 abacelam,
1449 478 1671 542 [ravennianae

364 631 556 708 cardinalis
572 632 742 708 Senensis
757 633 992 708 diaconorum
1011 633 1121 731 priori
1142 632 1315 731 porrexit,
1338 631 1375 706 iu
1390 634 1497 731 cujus
1513 634 1670 726 maninus,

336 753 339 760 ’
363 763 474 858 Papa,
495 759 639 836 detecto
658 760 789 859 capite,
813 761 929 860 ipsam
951 762 1133 836 osculatus
1159 767 1227 850 est,
1252 767 1327 834 tum
1351 759 1410 834 ibe
1437 759 1588 834 restituit
1607 783 1671 834 eam

362 883 495 974 abbati,
521 885 631 959 abhas
658 885 761 977 mihi,
794 893 830 959 et
861 908 928 982 ego
959 909 1068 983 supra
1092 885 1261 960 baculum
1291 907 1397 958 suum
1422 885 1570 982 reposui
1587 913 1594 958 :
1611 891 1670 958 tun

363 1008 492 1084 iratres
517 1035 581 1086 suo
609 1011 734 1085 ordine
764 1011 810 1084 ad
838 1011 932 1085 latus
970 1019 1092 1086 nostre
1130 1011 1375 1110 processionis
1402 1009 1669 1109 progredientes,

362 1134 492 1208 abbate
508 1134 716 1232 incipiente,
745 1143 934 1211 cantarunt
954 1136 1188 1234 antiphonam
1206 1162 1213 1210 :
1232 1136 1327 1210 Ecce
1345 1135 1511 1210 sacerdos
1527 1159 1668 1233 reopant.

362 1271 443 1352 etc,
461 1265 495 1334 et
516 1259 563 1334 Te
576 1260 695 1334 Deum
706 1261 906 1352 laudamus,
922 1273 985 1336 etc.
996 1321 1003 1353 ,
1016 1261 1268 1337 continuantes
1284 1285 1474 1359 quousque
1489 1265 1583 1359 Papa
1595 1267 1669 1334 esset

363 1395 445 1463 ente
461 1388 572 1464 altare
589 1389 725 1486 majus;
744 1411 816 1485 quo
840 1387 974 1464 ibidem
990 1389 1182 1479 existente,
1204 1387 1254 1460 illi
1271 1393 1464 1464 cesserunt
1479 1411 1502 1460 a
1522 1392 1632 1476 cantu,
1645 1393 1671 1460 et

363 1517 461 1612 Papa
475 1514 686 1612 genuflexus
702 1513 739 1586 iu
756 1513 954 1588 faldistorio
973 1513 1059 1589 iecit
1076 1513 1277 1588 orationem
1292 1537 1394 1588 more
1411 1519 1599 1602 consueto,
1614 1517 1672 1584 tun

363 1641 519 1716 surrexit
546 1649 582 1716 et
610 1645 654 1716 b.
687 1639 931 1714 bernardinus
960 1647 1120 1714 secretus
1145 1639 1385 1714 cubicsdarius
1404 1637 1563 1738 projecit
1587 1661 1672 1734 super

196 1790 246 1879 κ..
363 1767 475 1842 altare
492 1775 611 1840 certos
624 1767 787 1857 ducatos,
805 1765 873 1840 illis
897 1765 1042 1840 nomine
1064 1768 1160 1863 Pape
1180 1763 1335 1854 oll'ertis3
1357 1762 1442 1837 iude
1463 1767 1561 1862 Papa
1577 1761 1672 1836 ivitad

364 1890 459 1965 aliud
487 1891 597 1966 altare
623 1891 785 1989 ligneum
808 1915 874 1990 pro
904 1891 1025 1966 olficio
1053 1891 1269 1966 celebrando
1298 1896 1481 1987 paralum,
1507 1889 1567 1964 ubi
1593 1893 1672 1962 erant

363 2023 530 2091 cantores
542 2024 578 2092 et
591 2017 764 2106 diaconus
776 2023 811 2092 et
827 2017 1066 2092 subdiaconus
1077 2018 1214 2117 capelle
1225 2025 1363 2110 nostre,
1378 2043 1464 2093 cum
1477 2021 1520 2092 l).
1534 2016 1671 2091 lobauue

364 2143 535 2242 episcopo
555 2143 775 2218 'lomacensi
795 2143 949 2218 diuinam
967 2167 1045 2217 rem
1062 2149 1269 2241 peracturo,
1286 2143 1416 2241 parati.
1442 2143 1579 2216 ibidem
1596 2145 1671 2236 Papa

364 2267 501 2366 absque
523 2268 593 2343 alia
615 2269 868 2366 genuflexione
897 2277 980 2344 ante
1010 2271 1170 2344 medium
1204 2270 1325 2344 altaris
1355 2269 1391 2343 in
1416 2270 1529 2367 plano
1557 2265 1669 2362 accepit

364 2395 517 2493 pluviale
534 2395 656 2470 album
672 2397 868 2494 pretiosum
885 2403 918 2470 et
939 2419 1023 2470 cum
1044 2396 1215 2494 episcopo
1237 2396 1461 2470 'lomacensi
1485 2396 1545 2493 qui
1559 2395 1598 2469 ad
1611 2394 1668 2490 ejus

365 2521 548 2596 sinistram
562 2519 672 2612 veuit,
697 2519 782 2595 lecit
804 2520 1089 2614 contessionem
1107 2522 1270 2596 aseendit
1288 2521 1420 2597 deinde
1447 2523 1573 2598 sedem
1590 2540 1668 2592 suan

364 2645 401 2720 in
415 2671 527 2720 cornu
544 2645 718 2744 evangelii
734 2669 835 2720 more
850 2647 954 2721 solito
977 2646 1043 2722 sibi
1059 2653 1234 2745 paratam,
1259 2647 1319 2721 ubi
1335 2647 1480 2745 accepit
1495 2644 1667 2722 cardinales

365 2771 411 2846 ad
425 2771 677 2846 reverentiam.
696 2769 864 2868 Episcopi
884 2770 1136 2869 etpresbyteri
1152 2771 1354 2846 cardinales
1369 2795 1445 2844 non
1461 2765 1667 2846 veneruntad

365 2896 540 2972 circulum
556 2920 674 2994 neque
694 2896 793 2994 prior
815 2895 1109 2994 presbyterorum
1130 2897 1177 2970 ad
1197 2896 1443 2972 assistentiam
1463 2889 1668 2996 propterlori
1699 2999 1700 3004 Ἰ

364 3022 581 3120 augustiam.
600 3020 748 3098 Diaconi
763 3027 899 3095 tantum
926 3020 986 3118 qui
1011 3021 1127 3119 magis
1152 3023 1282 3097 remoti
1311 3029 1415 3098 erant
1435 3048 1458 3098 a
1479 3021 1632 3122 pontifice
1642 3024 1667 3092 et

363 3147 634 3222 contanciam
654 3145 838 3245 pontificis
854 3145 891 3220 iu
911 3170 976 3220 suo
997 3170 1158 3222 scammo
1179 3154 1296 3238 eraut,
1318 3157 1497 3222 venerunt
1518 3148 1560 3222 ad
1575 3145 1665 3220 cirru-
1697 3181 1698 3203 r

362 3274 451 3348 lum.
477 3279 566 3348 Tum
587 3273 748 3372 episcopi
770 3272 1034 3372 etpresbyteri,
1061 3273 1097 3346 in
1118 3273 1207 3348 locis
1230 3274 1302 3346 suis
1326 3281 1530 3361 manentes,
1557 3275 1665 3346 tantun

364 3400 580 3475 assistebant
607 3423 672 3497 pro
701 3398 929 3497 impositione
958 3397 1096 3472 incensi
1128 3405 1164 3474 et
1200 3399 1420 3474 exhibitione
1451 3399 1568 3498 pacis;
1591 3393 1664 3493 prior
1694 3427 1695 3475 r

363 3526 655 3624 presbyterorum
668 3530 814 3599 vocatus
828 3523 949 3598 allicio
966 3547 1031 3598 suo
1047 3525 1142 3599 veuit
1155 3525 1416 3600 satisfacturus
1435 3525 1552 3599 Finita
1565 3523 1660 3596 missa.
1692 3587 1693 3656 1

364 3655 462 3749 Papa
476 3651 573 3726 dedit
583 3650 873 3727 benedictionem
885 3659 921 3724 et
930 3650 1128 3747 plenariam
1143 3650 1403 3747 indulgentiam
1417 3673 1526 3748 quam
1538 3667 1662 3748 pronun-

364 3775 468 3850 ciavit
488 3777 690 3868 celebrem,
712 3785 748 3852 et
769 3777 838 3852 alia
856 3799 958 3850 more
979 3775 1083 3848 solito
1110 3782 1193 3850 sunt
1212 3776 1414 3858 observata.
1440 3777 1536 3852 dicta
1553 3779 1659 3848 tantun

364 3923 436 3974 una
455 3901 569 3976 oratio
585 3908 620 3976 et
638 3902 732 3976 male
755 3901 837 3999 quia
857 3901 981 3976 debuit
1003 3901 1081 3975 lieri
1103 3902 1278 3977 memoria
1302 3902 1347 3976 de
1369 3927 1398 3976 s.
1427 3907 1534 3978 Petro
1548 3899 1659 3974 subsua

363 4026 610 4103 conclusione.
643 4027 837 4102 Publicatis
856 4051 924 4126 per
949 4027 1196 4102 celebrantem
1217 4029 1451 4127 indulgentiis
1480 4035 1568 4127 Papa
1588 4019 1656 4096 uouit

362 4152 407 4226 ad
422 4151 662 4227 faldistorium
680 4153 738 4227 ubi
756 4153 881 4244 oravit,
901 4158 978 4226 tum
998 4153 1151 4228 surrexit
1167 4161 1203 4229 et
1219 4155 1368 4230 dimisso
1383 4156 1518 4231 ibidem
1533 4145 1652 4252 pluuiali,

361 4283 503 4352 retenta
515 4279 604 4352 stola
619 4283 654 4352 et
670 4278 747 4352 aliis
762 4279 995 4376 paramentis
1021 4278 1127 4352 exivit
1147 4279 1352 4371 ecclesiam,
1380 4280 1540 4356 ascendit
1553 4273 1654 4350 molan

361 4409 397 4476 et
412 4403 516 4478 rediit
532 4403 577 4477 ad
592 4404 763 4502 palatium
784 4428 887 4478 suum
908 4404 1003 4502 apud
1016 4428 1046 4478 s,
1070 4407 1215 4478 Petrum
1232 4429 1276 4480 eo
1295 4405 1421 4482 ordine
1442 4431 1513 4506 quo
1527 4401 1649 4477 uenerat.

408 4529 487 4602 Fuit
502 4535 622 4604 autem
633 4529 670 4602 iu
686 4531 798 4604 choro
814 4530 886 4604 sive
902 4529 1041 4627 capella
1056 4529 1229 4622 sedendo,
1241 4529 1301 4604 hic
1318 4530 1406 4606 ordo
1426 4560 1433 4605 :
1454 4527 1650 4606 adsinistmn

361 4656 455 4752 Pape
472 4655 577 4729 sedes
593 4655 698 4730 bassa
710 4680 774 4754 pro
791 4656 970 4755 episcopis
981 4655 1243 4747 assistentibus,
1260 4657 1495 4755 multiplicata
1508 4656 1547 4732 ad
1561 4652 1650 4726 doxtr-

361 4803 436 4852 ram
461 4803 544 4855 vero
570 4805 731 4858 scamma
759 4808 824 4881 pro
854 4781 1032 4880 episcopis
1053 4788 1089 4857 et
1117 4783 1340 4882 presbyteris
1366 4783 1599 4864 cardinalibus,
1622 4771 1646 4843 b

359 4903 507 5002 longum
524 4913 559 4980 et
574 4914 817 4981 transversum
833 4906 878 4979 ad
894 4905 1006 4980 instar
1026 4905 1163 5004 capelle
1185 4912 1320 4998 nostre,
1343 4906 1380 4980 in
1406 4907 1560 5006 opposito
1574 4917 1643 4972 sero·

361 5051 520 5104 scamma
550 5035 644 5130 Papo
673 5055 738 5128 pro
768 5030 942 5104 diaconis.
975 5033 1073 5104 luter
1099 5029 1301 5104 cardinales
1328 5041 1430 5106 eraut
1461 5015 1641 5105 subdiaconi

358 5153 554 5246 auditores,
573 5155 693 5230 clerici
714 5178 872 5246 camere,
894 5153 1065 5256 acolythi,
1083 5153 1292 5231 cubicularii
1315 5162 1350 5231 ct
1374 5157 1420 5232 ad
1443 5155 1560 5256 gradus
1573 5152 1640 5238 rapa
