3422 6034
344 518 396 574 356
662 514 663 520 ¹
800 509 976 568 conannas
1000 509 1223 582 auncuanm,
1430 511 1652 577 [separaretur]

343 677 397 744 est
414 693 452 742 sa
469 667 612 742 circiter
627 665 885 764 quinquaginta
897 667 1021 741 literas
1035 667 1108 742 sive
1124 668 1241 740 bullas
1257 665 1490 764 apostolicas,
1509 665 1649 740 materias

344 794 501 869 diversas
518 793 758 884 continentes,
773 791 1024 868 falsificatione
1034 794 1246 868 falsificasse
1261 793 1333 866 hoc
1349 790 1474 880 modo,
1492 789 1646 864 videlicet:

343 924 386 995 Ι).
404 919 614 994 Franciscus
629 918 860 1017 perquirebat
878 919 1024 1016 negotia
1045 920 1282 1018 expedienda,
1302 927 1339 994 et
1358 943 1443 993 cum
1460 919 1647 1016 partibusdc

344 1043 459 1143 pretio
486 1045 735 1135 conveniebat,
762 1043 860 1140 quod
884 1044 999 1118 daturi
1023 1054 1147 1120 essent
1168 1054 1249 1145 post
1272 1046 1460 1120 literarum
1486 1043 1649 1140 expeditio

343 1195 445 1264 nem;
464 1170 702 1247 conventione
723 1169 819 1244 iacta
834 1179 871 1243 et
885 1169 968 1243 dato
987 1193 1053 1268 per
1068 1179 1209 1268 partem
1226 1171 1293 1246 sibi
1308 1172 1427 1245 banco
1446 1170 1491 1243 de
1508 1169 1648 1243 solvendo

343 1303 561 1372 conventum
582 1295 756 1394 expeditis
780 1295 895 1372 literis
919 1301 955 1369 et
970 1297 1086 1371 banco
1111 1298 1339 1396 presentatis,
1358 1296 1492 1371 deinde
1508 1295 1648 1392 expedie-

342 1424 403 1499 bat
417 1448 526 1500 unam
550 1423 822 1522 expectativam,
845 1423 900 1497 vel
914 1422 1021 1497 aliam
1035 1447 1113 1498 rem
1129 1425 1272 1499 facilem
1288 1423 1344 1498 aia
1358 1422 1539 1520 regiaper
1553 1419 1648 1494 omnia

345 1548 481 1640 officia;
506 1574 578 1647 qua
611 1549 790 1647 expedita,
820 1552 864 1622 Ι).
897 1547 1107 1623 Dominicus
1137 1550 1319 1647 predictus
1346 1571 1431 1624 cum
1459 1553 1556 1621 certa
1579 1569 1650 1642 aqua

344 1675 484 1749 lavabat
502 1697 649 1751 omnem
669 1675 880 1772 scripturam
906 1675 1002 1747 bulla
1031 1675 1087 1750 vel
1112 1675 1209 1749 illam
1233 1682 1375 1773 partem
1399 1696 1509 1771 quam
1532 1671 1650 1746 nolebat

346 1805 382 1873 et
398 1801 634 1898 reapparabat
648 1805 785 1875 cartam
800 1823 884 1873 cum
899 1799 1014 1873 farina
1030 1807 1066 1874 et
1083 1799 1211 1874 iterum
1228 1800 1367 1898 rigabat
1382 1823 1481 1890 eam,
1495 1805 1530 1873 et
1545 1795 1650 1872 scribe

346 1923 406 1998 bat
421 1924 457 1997 in
473 1947 516 1999 ea
530 1932 657 2023 postea
671 1925 769 1999 illam
781 1924 985 2014 materiam,
1013 1923 1057 1998 de
1078 1949 1148 2021 qua
1170 1927 1213 1998 Ι).
1238 1924 1455 1998 Franciscus
1477 1945 1557 1998 cum
1571 1928 1649 2018 parto

344 2181 464 2252 torum
482 2185 518 2252 et
537 2177 689 2253 aliorum
703 2175 933 2266 officialium
957 2175 1022 2250 sed
1044 2181 1162 2250 texam
1184 2175 1305 2274 sepius
1325 2175 1504 2268 mutabat,
1522 2181 1650 2272 etpone-

342 2301 533 2395 bataliam,
553 2303 753 2378 secundum
768 2301 917 2374 materie
941 2301 1169 2398 qualitatem3
1191 2299 1349 2374 babebat
1367 2301 1478 2376 etiam
1498 2299 1649 2374 diversum

342 2425 563 2516 incaustum;
581 2427 668 2501 illud
682 2451 765 2502 cum
777 2450 849 2526 quo
865 2425 1018 2524 primam
1034 2425 1224 2500 materiam
1237 2426 1291 2500 via
1304 2423 1650 2524 regiaexpediendam

344 2551 538 2642 scribebat,
566 2559 643 2626 erat
669 2552 804 2627 iactum
830 2553 967 2650 gummi
999 2553 1053 2628 vel
1077 2575 1160 2626 cum
1193 2551 1262 2625 alia
1294 2553 1464 2642 materia,
1494 2551 1556 2626 sed
1574 2555 1650 2622 certa

344 2673 630 2773 incorporatum;
650 2676 714 2751 sed
729 2677 839 2769 atiud,
858 2701 941 2752 cum
956 2701 1027 2776 quo
1041 2679 1177 2752 bullam
1196 2679 1361 2753 abrasam
1385 2679 1577 2766 scribebat,
1593 2679 1651 2748 arat

343 2798 478 2874 bonum
497 2827 503 2874 :
523 2800 646 2898 sicque
674 2800 787 2876 bullas
822 2803 1028 2877 falsificatas
1052 2804 1213 2902 partibus
1236 2805 1382 2878 dabant.
1410 2804 1650 2903 Expediterunt
1695 2833 1696 2894 3

342 2931 476 3016 autem,
495 2951 516 2999 a
531 2925 670 3001 duobus
686 2928 789 3001 annis
810 2928 918 3018 circa,
943 2929 1101 3004 diversas
1116 2929 1300 3024 materias,
1323 2929 1491 3005 videlicet
1506 2957 1513 3001 ε
1531 2927 1650 3024 dispen-

342 3052 500 3127 sationes
515 3053 559 3127 ad
576 3077 688 3127 unum
703 3053 758 3127 uel
775 3055 848 3128 duo
870 3055 1049 3130 beneficia
1070 3080 1135 3154 pro
1159 3057 1328 3130 fratribus
1352 3057 1522 3132 ordinum
1540 3051 1650 3129 mendi·

341 3175 517 3266 cantium,
544 3177 697 3253 uniones
718 3179 913 3254 multorum
934 3181 1196 3256 beneficiorum
1220 3181 1406 3256 mensibus
1438 3179 1649 3257 abbatiaiibus

340 3327 423 3378 cum
446 3303 584 3378 indulto
600 3304 644 3377 de
659 3305 819 3403 regendo
835 3329 879 3381 ea
893 3331 959 3404 per
974 3306 1068 3381 vices
1083 3307 1128 3380 ad
1145 3314 1272 3382 nutum
1285 3309 1514 3397 amoribiles3
1533 3307 1650 3402 dispen-

340 3427 521 3503 sationem
548 3451 615 3526 pro
645 3429 802 3527 quodam
833 3432 1045 3530 presbytero
1075 3433 1377 3530 Rotbomagensis
1410 3433 1574 3521 diecesis,
1602 3426 1647 3524 qui

340 3577 490 3628 uxorem
513 3555 677 3646 duxerat,
705 3555 801 3652 quod
822 3565 947 3654 posset
968 3581 1048 3632 eam
1075 3557 1231 3633 retinere
1258 3558 1374 3648 licite;
1404 3569 1441 3635 et
1470 3560 1576 3634 multa
1595 3553 1647 3630 alia

340 3701 405 3778 pro
429 3677 559 3777 quibus
585 3677 777 3777 aliquando
808 3681 917 3755 etiam
942 3706 975 3774 c,
1005 3707 1059 3774 ca,
1089 3707 1164 3774 con,
1187 3690 1224 3757 et
1243 3683 1315 3759 duo
1339 3685 1439 3760 milia
1461 3687 1645 3762 ducatorum

340 3813 566 3902 receperant,
584 3813 691 3902 prout
705 3805 740 3877 in
752 3829 926 3903 processu
940 3815 1141 3884 contraeas
1156 3808 1321 3886 instituto
1337 3813 1551 3888 continetur.
1568 3810 1645 3884 idom

340 3929 449 4003 etiam
465 3929 654 4004 consessus
674 3939 728 4004 est
747 3932 929 4028 predictus
950 3937 993 4008 Ι).
1019 3935 1244 4027 Franciscus,
1268 3937 1327 4033 qui
1347 3939 1471 4030 ambo,
1489 3937 1543 4013 die
1557 3931 1645 4010 domi-

340 4055 422 4130 nica
441 4055 584 4131 decima
603 4063 731 4131 octava
752 4059 924 4152 octobrio,
946 4059 1042 4135 circa
1059 4061 1189 4137 boram
1208 4063 1418 4162 vigesimam
1438 4066 1594 4164 primam,
1613 4081 1643 4132 rx
1693 4131 1694 4142 ,

340 4191 459 4258 castro
481 4181 645 4282 predicto
669 4179 767 4258 ducti
792 4193 876 4260 sunt
905 4188 950 4261 ad
977 4188 1103 4262 turrim
1125 4190 1284 4283 Soluani,
1312 4197 1348 4266 et
1371 4214 1485 4290 usque
1508 4193 1542 4266 in
1567 4189 1642 4262 illum

338 4307 459 4384 locum
476 4305 708 4384 crediderunt
724 4334 763 4385 se
777 4311 822 4384 ad
838 4311 1005 4386 ultimum
1024 4315 1240 4413 supplicium
1261 4339 1342 4391 esse
1362 4315 1555 4390 ordinatos.
1574 4315 1641 4386 tm

341 4431 483 4510 auditor
518 4457 675 4528 camere,
711 4435 904 4534 episcopus
941 4441 1206 4532 Cesenatensis,
1246 4447 1282 4516 et
1317 4447 1361 4516 Ι).
1397 4441 1641 4518 Bartholomous

341 4558 526 4660 Deolpitus
554 4561 824 4660 protonotarius
856 4565 1076 4658 apostolicus
1110 4566 1215 4641 Urbis
1249 4569 1488 4665 gubernator,
1527 4563 1579 4664 qui
1609 4583 1639 4635 es
1692 4641 1693 4648 ἵ

341 4679 461 4762 officio
478 4693 604 4762 contra
620 4705 683 4761 eos
699 4695 969 4785 processerunt,
995 4691 1186 4766 Francisco
1207 4693 1372 4792 predicto
1392 4693 1552 4768 dixerunt
1567 4683 1640 4785 quod

342 4807 371 4885 sl
397 4807 487 4886 aiios
511 4813 707 4912 complices
737 4819 938 4905 accusarat,
965 4819 1028 4889 SS.
1062 4821 1104 4892 Ι).
1131 4827 1257 4894 noster
1285 4819 1352 4895 sibi
1379 4813 1489 4895 vellet
1510 4813 1638 4894 odicium

342 4935 597 5012 abbreviatoris
613 4939 747 5013 donare
758 4946 794 5014 et
807 4939 925 5036 ipsum
937 4941 1092 5016 liberum
1103 4942 1281 5022 dimittere
1297 4970 1304 5037 ;
1319 4942 1481 5042 quoditie
1493 4941 1637 5019 iacturum

341 5061 505 5153 credidit,
523 5071 559 5138 et
574 5065 800 5162 supradictos
816 5071 853 5139 et
867 5066 990 5163 plures
1012 5068 1102 5143 alios
1123 5072 1302 5145 accusavit
1319 5097 1327 5146 :
1344 5077 1380 5146 et
1400 5095 1465 5170 pro
1484 5075 1523 5144 Ι).
1540 5059 1638 5142 uoni-
1691 5143 1692 5146 ,

342 5182 437 5275 nico,
457 5193 562 5283 pater
582 5191 661 5288 ejus
685 5190 744 5287 qui
766 5193 829 5264 SS.
853 5193 895 5265 D.
917 5199 1079 5269 nostrum
1107 5194 1280 5294 inprime
1305 5199 1383 5295 ejus
1408 5195 1594 5270 infirmitate
1609 5185 1635 5258 in
