3422 6034
328 465 381 522 384
780 465 956 524 lOllANNlS
981 464 1202 538 BURCHARDI,
1464 465 1574 528 [caluo
1589 469 1647 522 list*

328 619 487 694 medium
501 620 622 695 altaris
638 627 677 696 el·
688 620 899 720 pontificem
914 643 1029 696 verso.
1049 620 1165 695 Finito
1182 620 1229 694 Te
1243 621 1375 712 Deum,
1387 619 1554 694 Pontifex
1565 619 1642 694 dixil

325 745 501 820 mediocri
514 769 603 821 voce
618 748 730 820 Peter
747 761 876 838 noster,
903 745 1001 844 quod
1025 753 1165 821 secreto
1184 743 1395 843 complevit,
1414 750 1494 817 tum
1509 743 1576 816 alla
1593 769 1645 816 sen

324 867 537 968 intelligibili
547 895 634 948 voce
650 873 739 947 dixit
754 902 762 950 :
780 875 835 950 Et
847 899 891 948 ne
913 896 976 946 nos
997 884 1079 964 etc,
1097 876 1265 946 cantores
1281 869 1551 968 responderunt
1565 893 1572 942 :
1585 869 1647 942 Sed

326 997 434 1072 libero
453 1023 530 1090 nos,
548 1013 612 1074 etc.

376 1125 413 1214 it.
430 1124 571 1223 Moqnu
580 1138 617 1200 et
627 1128 802 1202 mirabilia
811 1138 898 1200 snnt
909 1150 1013 1224 opero
1024 1138 1097 1217 tcto,
1111 1123 1276 1198 Domine.

375 1250 414 1340 ll.
430 1249 529 1325 inste
549 1264 584 1324 et
597 1253 737 1326 oerenie
756 1265 825 1348 tue,
839 1253 993 1328 Domine
1009 1251 1117 1326 Dens.
1231 1289 1234 1294 ¹
1340 1285 1344 1294 ·

376 1377 414 1468 pl.
428 1375 524 1450 Dete
540 1379 844 1476 mopnificentiom
868 1379 939 1452 Deo
954 1391 1086 1452 nostro.

374 1505 412 1594 rt.
428 1503 498 1577 Dei
517 1505 611 1577 enim
619 1508 787 1605 perfectu
806 1517 893 1580 stent
910 1530 1014 1603 opero
1032 1516 1067 1578 et
1078 1527 1198 1579 omnes
1214 1503 1267 1576 oie
1279 1501 1359 1598 ejus
1376 1500 1535 1598 judicic.

382 1630 420 1720 lt.
435 1627 501 1702 Ae
512 1631 665 1704 nihilum
677 1631 798 1729 redipe
813 1632 972 1706 inimicos
987 1643 1147 1720 nostros,·

380 1755 419 1846 rt.
437 1754 491 1826 Et
499 1767 622 1852 pentes
636 1781 704 1854 qne
714 1780 785 1829 non
800 1767 975 1831 nonerunt
986 1779 1113 1830 nomen
1124 1766 1225 1828 tunm
1235 1765 1411 1828 sunctum.

381 1883 418 1972 l.
435 1881 642 1958 Convertere
651 1885 819 1982 petimus,
843 1883 1004 1970 Domine,
1022 1889 1228 1978 pontesque
1245 1878 1454 1978 opprimunt
1468 1901 1544 1968 nos,

379 2011 418 2104 d.
439 2009 517 2098 Qne
525 2009 727 2108 ploriontnr
739 2009 776 2081 in
788 2009 950 2107 superbio
965 2031 1043 2082 sero.

383 2140 421 2230 p.
438 2135 524 2209 Non
544 2135 657 2224 nobis,
672 2133 834 2224 Domine,
853 2159 924 2208 non
939 2134 1050 2224 nobis,

382 2267 420 2358 rt.
439 2262 514 2337 Seri
525 2261 662 2334 nomini
676 2273 734 2334 tno
748 2260 793 2332 clo
807 2259 972 2360 plocium.

377 2392 414 2480 ir.
430 2389 577 2462 Domine
598 2386 741 2476 ennodi,
769 2398 850 2479 etc,
868 2398 904 2460 et
922 2387 1067 2476 elamor,
1082 2398 1148 2462 etc.
1174 2383 1347 2460 Dominus
1372 2385 1561 2473 nobiscnm,
1577 2393 1639 2469 etc,

329 2529 472 2603 etcum,
489 2525 553 2587 etc.

378 2645 544 2716 Oremus.
575 2635 801 2736 Omnipotens
820 2640 1028 2737 sempiterne
1046 2639 1140 2714 Dens
1167 2639 1204 2710 in
1226 2637 1332 2735 cnjus
1355 2659 1469 2710 monn
1491 2645 1573 2708 sont
1586 2655 1642 2706 ouc-

326 2768 428 2841 ninm
447 2775 638 2862 potestates
664 2775 700 2836 et
720 2765 877 2838 omnium
900 2765 992 2860 juro
1018 2788 1230 2862 repnornm,
1263 2763 1396 2860 respice
1421 2762 1460 2833 in
1488 2757 1641 2832 cnsilium

325 2891 596 2966 christianornm
612 2900 653 2962 ut
669 2900 791 2986 pentes
811 2913 1042 2986 pupunornm
1064 2913 1132 2988 qne
1156 2889 1194 2961 in
1211 2911 1277 2960 sna
1294 2887 1443 2986 feritate
1463 2880 1637 2981 confidunt,

325 3019 465 3092 dentere
482 3029 540 3090 tue
554 3016 715 3114 potentie
730 3027 969 3108 conternntur,
987 3039 1053 3112 per
1071 3013 1255 3088 Christum
1270 3011 1465 3088 Dominum
1483 3019 1634 3082 nostrum.
1696 3043 1697 3066 ;

403 3200 410 3216 .
434 3143 567 3218 Amen.

368 3142 458 3344 llum
472 3269 558 3343 dixil
570 3267 732 3366 pontifex
745 3292 753 3342 ε
768 3265 827 3341 Sit
841 3291 968 3342 nomen
984 3268 1134 3342 Domini
1152 3267 1384 3360 benedictum,
1404 3279 1483 3356 etc,
1500 3272 1534 3340 et
1548 3263 1639 3336 bene

324 3395 413 3470 dixit
426 3394 559 3494 populo
574 3416 677 3468 more
698 3393 819 3469 solito.
846 3397 925 3480 Qun
946 3395 1030 3468 data
1044 3394 1233 3470 celebrans
1258 3393 1454 3492 publicavit
1472 3387 1637 3484 indulgeu-

324 3521 391 3595 tias
410 3520 569 3617 quinque
594 3543 774 3594 annorum
791 3525 827 3594 et
844 3519 993 3594 tolidem
1018 3519 1334 3617 quadragenarum
1356 3517 1492 3616 populo
1511 3537 1570 3612 per
1583 3511 1634 3584 SS·

202 3671 211 3682 ·
326 3651 368 3720 D.
386 3651 552 3720 nostrum
574 3666 780 3718 concessae.
800 3643 938 3718 Deinde
965 3643 1126 3742 pontifex
1148 3644 1253 3718 rediit
1278 3644 1324 3718 ad
1340 3641 1572 3717 faldistorium
1591 3631 1636 3706 ubi

326 3769 474 3844 dimisso
502 3769 659 3866 pluviali,
691 3770 931 3866 reassumpsit
953 3761 1171 3867 capucinum
1200 3771 1323 3844 album
1346 3777 1382 3844 ct
1407 3791 1452 3844 eo
1473 3763 1587 3839 ordino
1608 3761 1635 3831 et

325 3893 522 3990 viaquibus
538 3900 698 3985 venerat,
715 3894 820 3970 rediit
835 3895 881 3968 ad
893 3894 1080 3992 palatium.
1099 3895 1306 3970 cardinales
1321 3893 1458 3968 dimisit
1469 3895 1633 3988 postquam

326 4019 555 4118 pertransivit
573 4027 721 4117 P⁰¹¹lssffl
733 4045 763 4093 S·
781 4019 922 4117 Angell·
940 4020 1087 4096 Missam
1099 4021 1293 4096 celebravit
1306 4025 1349 4094 R.
1366 4024 1406 4094 P.
1419 4008 1632 4091 Bernardinus

328 4145 488 4243 Carvajal
510 4145 702 4243 episcopus
720 4145 905 4238 Pacensis,
932 4153 1054 4222 orator
1073 4146 1169 4245 regis
1186 4153 1222 4222 et
1239 4146 1364 4243 regine
1389 4137 1629 4241 Hispaniarum,

328 4295 399 4368 que
415 4269 460 4344 de
478 4269 613 4366 Spiritu
628 4281 754 4346 sancto
770 4271 865 4345 dictu
879 4278 933 4346 est
946 4297 1029 4347 cum
1049 4273 1157 4347 unica
1169 4279 1311 4347 lantum
1329 4270 1504 4346 oratione.
1519 4263 1631 4338 Chorus

328 4403 450 4470 autem
476 4395 659 4494 pontilicis
682 4394 754 4470 hoc
777 4394 887 4468 modo
908 4395 1095 4471 ordinatus
1120 4403 1219 4488 crat;
1241 4403 1324 4472 ante
1345 4395 1458 4470 altare
1477 4383 1629 4484 sepulture

330 4520 416 4594 olim
432 4519 698 4618 archiepiscopi
713 4519 928 4594 Salernitani
945 4529 1021 4596 erat
1039 4522 1168 4596 solium
1181 4525 1292 4618 Pape,
1313 4527 1432 4595 tamen
1449 4513 1521 4590 sine
1535 4500 1630 4605 grndi-

330 4645 397 4721 bus
412 4653 535 4744 preter
549 4645 700 4744 gradum
718 4643 840 4720 altaris
856 4646 1020 4744 predicti.
1037 4649 1068 4720 Α
1083 4647 1219 4723 dextris
1239 4651 1337 4746 Papo
1357 4655 1458 4722 erant
1472 4645 1566 4722 sedes
1578 4653 1627 4736 pro

331 4771 510 4869 episcopis
524 4779 559 4845 et
569 4771 788 4872 presbyteris
804 4771 1058 4863 cardinalibus
1072 4796 1094 4847 a
1109 4773 1262 4848 sinistris
1277 4796 1361 4850 vero
1373 4799 1437 4872 pro
1448 4765 1588 4848 diaconis
1600 4765 1626 4832 el

332 4895 476 4970 residuo
510 4898 820 4996 presbyterorum,
850 4920 1005 4993 quorum
1031 4897 1166 4974 ibidem
1202 4909 1357 4997 quatuor
1391 4899 1624 4986 stabuntne
1690 4933 1691 4966 l

332 5016 454 5113 viginti
474 5043 565 5094 unus
585 5023 784 5100 cardinales
805 5022 1060 5116 inlerluerunt,
1090 5025 1252 5124 episcopi
1279 5025 1437 5124 quinque
1463 5017 1622 5097 videlicet:

331 5139 660 5240 vicecancellarius,
692 5147 962 5246 Neapolitanus,
989 5176 1019 5224 s.
1044 5150 1168 5244 Marci,
1191 5175 1221 5225 s.
1247 5152 1343 5227 Petri
1366 5152 1412 5226 ad
1436 5143 1581 5228 Vincula,
1597 5159 1619 5208 ⁵·
