3464 6042
324 461 378 516 352
780 453 956 510 lOllrlNNlS
983 455 1203 526 BURCHARDI,
1507 457 1559 520 [Mai
1571 461 1624 524 tlttt
1720 469 1721 474 ’

331 611 522 686 cardinalis
548 634 576 682 s.
604 608 715 681 Marci
739 607 980 707 interrogatus
1005 636 1026 684 a
1047 616 1151 686 Rmo.
1176 615 1220 683 Ι).
1243 609 1424 684 cardinale
1450 635 1479 682 s.
1501 613 1626 686 Petriad

326 737 479 813 Vincula
499 761 545 809 an
574 735 788 808 reverentia·
807 734 886 806 lieri
919 735 1073 808 debebat
1106 760 1172 832 per
1200 735 1401 809 cardinales
1426 734 1572 831 pontifici
1598 735 1623 806 in
1720 733 1721 768 Ι

325 865 443 962 vigilia
459 864 598 937 Pascha
614 862 650 934 in
666 860 842 958 principio
859 859 969 934 oflicii
988 861 1042 934 vel
1063 869 1144 956 post
1165 861 1453 969 contessionem,
1469 860 1624 954 respondit

323 989 419 1085 quod
434 988 470 1060 in
483 986 659 1084 principio
673 984 782 1058 osficii
800 992 835 1058 et
851 1008 922 1058 non
938 993 1020 1082 post
1036 987 1302 1061 confessionem
1319 986 1398 1060 lieri
1414 986 1565 1060 deberat.

371 1113 474 1186 Faria
496 1119 633 1208 quarta,
658 1115 702 1182 ΙΙ
725 1109 860 1206 aprilis
888 1103 982 1184 circa
1005 1111 1131 1184 horam
1155 1137 1215 1202 xx,
1237 1105 1420 1209 portatum
1445 1119 1498 1185 est
1517 1133 1625 1208 corpus

322 1240 416 1313 bone
441 1237 616 1312 memorie
642 1239 684 1308 Ι).
711 1235 889 1307 Eustachii
915 1235 1177 1332 archiepiscopi
1198 1236 1419 1310 Arelatensis
1448 1239 1509 1310 SS.
1534 1239 1570 1308 Ι).
1593 1239 1625 1309 b'.
1720 1327 1721 1332 Ἰ

323 1387 413 1462 pape
430 1361 643 1448 assistentis,
676 1359 736 1454 qui
760 1359 839 1432 heri
861 1383 1022 1456 vespere,
1046 1361 1117 1433 rita
1137 1353 1281 1434 iunctus
1302 1367 1368 1452 est,
1392 1362 1437 1434 ad
1463 1359 1627 1434 ecclesian

321 1491 424 1564 beate
448 1487 558 1561 blarie
590 1485 737 1582 majoris
762 1485 807 1558 ad
839 1485 1100 1581 sepeliendum,
1124 1511 1146 1562 a
1167 1487 1309 1560 lamiliis
1332 1491 1544 1560 RRmorum.
1566 1489 1626 1558 Ι)Ι).

321 1613 570 1701 cardinalium,
588 1619 623 1686 et
637 1611 714 1683 aliis
730 1611 978 1684 assistentibus
995 1611 1277 1710 archiepiscopis
1294 1619 1330 1686 et
1345 1613 1523 1710 episcopis
1535 1613 1629 1684 bono

321 1740 420 1812 rifice
437 1731 672 1822 associatum
690 1737 835 1809 luerunt
856 1737 970 1810 vocati
994 1746 1206 1811 executores
1228 1739 1435 1811 testamenti
1456 1737 1510 1811 sui
1523 1743 1627 1810 Rmus.
1720 1751 1721 1786 Ι

322 1870 365 1938 Ι).
385 1863 573 1938 cardinalis
587 1863 633 1936 da
647 1861 797 1934 Sabellis
811 1867 846 1935 et
862 1865 905 1934 D.
923 1862 1136 1936 Gullialmus
1151 1863 1195 1936 de
1211 1863 1385 1936 Perreriis
1400 1864 1542 1937 auditor
1554 1868 1627 1937 rote.

322 1989 537 2085 Requiescat
550 1987 583 2058 in
599 2009 700 2084 pace.

371 2113 475 2186 Feria
489 2121 601 2202 sexta,
620 2117 665 2184 al
683 2113 817 2210 aprilis,
834 2113 898 2187 luit
920 2113 1175 2187 consistorium
1201 2122 1395 2202 secretum,
1413 2114 1451 2186 in
1468 2137 1536 2211 quo
1551 2119 1587 2187 R.
1602 2115 1630 2186 in

319 2238 462 2313 Christo
479 2244 517 2312 P.
542 2241 584 2311 Ι).
608 2238 775 2311 Nicolaus
793 2239 879 2312 Cibo
902 2240 1176 2338 archiepicopus
1196 2240 1426 2329 Cnsentinus,
1453 2244 1516 2314 SS.
1536 2243 1575 2313 Ι).
1596 2241 1629 2311 Ν.
1718 2277 1719 2280 “

317 2387 410 2462 pape
428 2387 540 2461 nepos
563 2369 599 2437 et
622 2363 809 2454 assistens,
836 2365 1030 2438 translatus
1057 2371 1111 2438 est
1134 2365 1178 2439 de
1206 2364 1360 2439 ecclesia
1383 2365 1573 2438 Cusentina
1596 2365 1631 2436 ad

200 2498 205 2508 '
317 2490 586 2578 Arelatensem3
604 2489 669 2562 sed
688 2489 780 2580 heri,
805 2498 841 2562 ut
862 2491 1024 2564 nonnulli
1051 2491 1232 2580 dicebant,
1253 2491 1420 2587 expedite
1447 2497 1529 2564 sunt
1543 2491 1632 2562 litere

318 2613 513 2712 apostolice
527 2639 592 2712 pro
607 2615 814 2710 hujusmodi
828 2611 1056 2712 promotione
1067 2615 1175 2690 hodie
1190 2617 1297 2689 lacta.
1317 2617 1392 2710 Ego
1409 2613 1634 2689 autembodie

318 2763 444 2837 parum
468 2746 548 2836 post
563 2739 752 2836 prandium
769 2740 839 2812 vidi
858 2741 980 2815 literas
1000 2742 1239 2838 promotionis
1253 2742 1463 2839 hujusmodi
1481 2742 1632 2826 bullatas,

319 2866 527 2961 registratas
541 2874 577 2938 et
599 2863 756 2939 totaliter
772 2867 955 2963 expeditas
977 2891 1041 2963 per
1057 2871 1097 2940 D.
1119 2867 1315 2940 Adrianum
1336 2891 1482 2942 camere
1500 2875 1633 2965 aposto·

316 2991 385 3065 lice
400 2991 595 3080 notarium,
614 2993 677 3064 SS.
702 2993 744 3063 Ι).
763 2999 887 3064 nostro
908 2991 1055 3082 delerri,
1079 2998 1117 3065 ut
1132 3017 1193 3065 eas
1209 2993 1398 3067 mandaret
1422 2993 1582 3090 predicto
1597 2993 1632 3063 Ι).

316 3115 462 3191 Nicolao
487 3115 701 3212 presentari.
727 3117 861 3189 Eadem
889 3117 946 3190 die
975 3124 1055 3213 post
1077 3119 1268 3214 prandium
1295 3120 1465 3194 dominus
1494 3119 1633 3193 blathias

315 3243 504 3339 episcopus
521 3240 759 3331 Secovieusis,
771 3249 900 3314 ‘orator
921 3243 1129 3338 imperialis,
1147 3243 1273 3318 habuit
1287 3245 1509 3319 audientiam
1531 3245 1634 3342 priva-

316 3373 388 3439 tam
404 3361 502 3440 a'SS.
516 3371 557 3440 D.
575 3371 633 3452 N„
648 3372 684 3439 et
698 3365 925 3462 imperatoris
947 3369 1115 3441 mandata
1129 3370 1315 3442 Sanctitati
1333 3395 1396 3444 sue
1413 3371 1588 3469 exposuit.

364 3493 520 3565 Sabbato
536 3491 571 3563 in
588 3489 690 3581 albis,
711 3492 903 3590 lbaprilis,
922 3493 1013 3566 iesto
1035 3518 1064 3565 s.
1094 3494 1203 3565 ltlarci
1223 3495 1460 3590 evangeliste,
1480 3499 1521 3568 R.
1543 3499 1578 3566 Ρ.
1594 3495 1630 3564 Ι).

314 3617 480 3690 Nicolaus
493 3616 787 3713 archiepiscopus
801 3619 1021 3692 Arelatensis
1040 3619 1230 3692 celebravit
1249 3620 1396 3693 missam
1410 3621 1590 3718 publicam
1603 3617 1633 3688 iu

314 3742 601 3838 capellamajore
616 3743 832 3840 supradicta,-
851 3748 948 3840 Papa
969 3751 1138 3840 presente
1164 3751 1200 3817 et
1217 3745 1385 3817 omnibus
1402 3743 1633 3818 cardinalibus

314 3861 467 3963 excepto
487 3867 603 3940 solum
624 3868 805 3942 cardinale
827 3893 853 3941 s.
875 3871 984 3942 Marci
1005 3869 1116 3942 :dixit
1138 3875 1210 3943 tres
1231 3871 1412 3944 orationes
1434 3879 1471 3945 et
1489 3867 1633 3942 nonfuit

314 4015 447 4085 sermo,
476 4015 517 4066 ac
547 3992 615 4066 alia
639 3993 761 4066 omnia
783 3995 970 4067 observata
994 4003 1076 4067 sunt
1104 4019 1204 4070 more
1229 4003 1417 4069 consueto.
1444 4001 1569 4068 ltmus.
1596 3997 1631 4064 Ι).

313 4119 503 4194 cardinalis
521 4141 549 4190 s.
569 4118 676 4192 Marci
695 4117 760 4190 luit
775 4119 810 4190 in
828 4119 981 4192 ecclesia
999 4143 1065 4193 sua
1084 4146 1113 4193 s.
1133 4121 1243 4194 Marci
1261 4119 1319 4192 ubi
1334 4121 1478 4218 peregit
1495 4121 1632 4203 festum,

314 4253 350 4317 ut
365 4243 475 4316 moris
492 4250 560 4333 est,
578 4242 643 4315 sed
658 4244 842 4339 processio
859 4265 923 4339 per
939 4245 1130 4318 ecclesiam
1143 4239 1282 4318 tantum
1295 4245 1417 4317 habita
1429 4247 1634 4341 estpropter

312 4369 487 4442 maximas
501 4369 637 4465 pluvias
660 4391 729 4464 que
749 4368 857 4442 bodie
882 4369 1041 4442 luerunt.
1071 4369 1263 4443 Dicebatur
1287 4377 1407 4442 tamen
1435 4369 1632 4443 ordinatum

312 4495 409 4590 quod
425 4495 582 4568 crastina
601 4494 658 4567 dic
679 4493 867 4590 processio
884 4495 1055 4568 solemnis
1071 4503 1244 4568 consueta
1259 4495 1376 4582 lieret,
1395 4493 1494 4589 quod
1509 4495 1632 4568 lactum

312 4645 383 4694 non
399 4627 453 4693 est
468 4627 616 4717 propter
630 4620 745 4717 pluvie
761 4619 1047 4694 continuitatem.

363 4746 465 4819 Faria
478 4753 591 4834 sexta,
614 4745 742 4834 lmaii,
767 4745 898 4818 festum
922 4745 1167 4841 apostolorum
1188 4747 1341 4844 Philippi
1363 4754 1399 4819 et
1416 4745 1556 4834 Jacobi,
1574 4747 1630 4816 SS.

313 4873 355 4942 ll.
384 4875 426 4942 Ν.
454 4871 600 4943 indutus
628 4871 774 4960 amictu,
805 4869 899 4960 alba,
929 4871 1086 4967 cingulo,
1114 4873 1206 4945 stola
1221 4873 1332 4944 rubea
1351 4895 1394 4945 ex
1408 4871 1519 4967 perlis
1536 4889 1633 4964 snpra

311 4995 528 5092 capucinum
554 4997 691 5086 album,
713 4995 991 5091 precedentibus
1014 5019 1120 5070 cruce
1141 5006 1177 5070 ct
1201 4997 1456 5088 cardinalibus,
1475 5003 1511 5068 et
1530 4993 1628 5077 male,
1720 5045 1721 5096 Ξ

311 5121 482 5217 equitavit
506 5121 551 5195 ad
573 5121 760 5195 basilicam
784 5120 975 5194 duodecim
998 5123 1244 5219 apostolorum
1267 5146 1332 5219 per
1351 5121 1443 5194 riam
1466 5141 1577 5218 prope
1600 5121 1632 5187 et
