3496 6056
305 471 356 526 100
758 468 932 526 JOHANNlS
957 468 1178 538 BURCHARDl,
1381 467 1547 534 {Septembre
1563 468 1623 530 llll]

303 627 408 719 prout
430 621 467 694 in
492 627 661 719 suggesto
689 623 846 711 luerunt,
868 622 1135 698 descenderunt
1158 645 1223 720 per
1248 621 1378 718 gradus
1399 619 1447 696 ad
1475 619 1625 717 plateam
1742 603 1743 672 Ῑ

304 746 450 822 basilice
474 747 648 844 predicte,
667 747 726 822 ubi
742 771 854 844 equos
870 748 917 822 ibi
937 753 1080 845 paratos
1097 753 1133 822 ct
1151 745 1331 844 coopertis
1347 751 1510 834 ornatos,
1527 751 1626 842 prout
1742 755 1743 796 ³

307 895 413 969 supra
427 871 464 944 in
476 873 725 970 preparatione
741 872 876 948 dictum
892 880 960 964 est,
983 873 1222 948 ascenderunt
1245 871 1328 944 ituri
1342 870 1388 946 ad
1401 860 1626 945 Lateranum.

310 1001 405 1094 Papa
424 997 520 1071 venii
539 1021 684 1096 semper
710 999 818 1074 etiam
838 1023 882 1074 ex
902 1000 1010 1073 domo
1033 998 1193 1097 predicta
1210 1021 1323 1094 usque
1343 997 1388 1070 ad
1404 999 1628 1084 Lateranum,

310 1122 377 1196 sud
404 1121 647 1230 baldachino,
685 1124 782 1221 quod
813 1124 1009 1198 nobiliores
1041 1123 1138 1198 curie
1166 1129 1202 1197 et
1237 1128 1400 1197 oratores
1432 1121 1631 1220 principum
1743 1137 1744 1180 1

307 1253 538 1347 portaverunt
572 1272 758 1346 quousque
795 1255 891 1348 Papa
922 1273 1054 1346 equum
1094 1248 1329 1338 ascendisset,
1370 1246 1501 1320 deinde
1545 1247 1633 1320 ciras

309 1373 447 1446 romani
468 1375 643 1471 usquead
663 1379 891 1450 Lateranum.
915 1379 1110 1472 Postquam
1131 1377 1227 1472 Papa
1247 1395 1378 1469 equum
1394 1396 1502 1446 suum
1519 1372 1634 1446 album

309 1498 483 1590 ascendit,
513 1499 610 1574 scala
638 1501 795 1599 reposita
821 1501 887 1574 luit
914 1523 1022 1599 super
1049 1499 1119 1574 alio
1146 1523 1238 1596 eque
1258 1499 1424 1573 ordinato
1446 1497 1492 1570 ad
1512 1495 1584 1570 hoc
1603 1501 1636 1570 et

311 1623 419 1700 ducto
443 1625 488 1699 ad
508 1625 628 1700 locum
658 1651 777 1702 suum.
807 1631 947 1723 Equum
972 1630 1067 1723 Pape
1097 1624 1275 1700 duxerunt
1300 1629 1446 1698 senator
1472 1620 1581 1697 Urbis
1606 1628 1639 1694 et
1744 1659 1745 1686 2

311 1756 582 1826 conservatores
598 1775 742 1826 camere
770 1753 852 1849 quia
869 1751 1012 1851 dignior
1030 1750 1149 1824 nullus
1171 1749 1346 1839 interluit,
1362 1748 1422 1845 qui
1438 1747 1475 1822 id
1491 1755 1635 1844 ageret.

360 1875 565 1952 Cardiuales
590 1885 626 1952 et
644 1878 771 1976 prelati
785 1878 899 1976 parati
923 1899 1051 1952 omnes
1071 1882 1175 1951 erant
1203 1876 1239 1948 in
1265 1874 1381 1948 mitris
1410 1879 1447 1948 et
1475 1872 1642 1947 omnibus

312 2001 546 2102 ornamentis
565 2008 604 2078 ut
623 2003 785 2078 inmissa
805 2005 1056 2078 interfuerunt.
1079 2002 1169 2100 Equi
1189 2000 1426 2092 cardinalium
1446 2000 1491 2073 ab
1507 2005 1594 2074 ante
1609 2005 1644 2072 et

312 2133 411 2202 retro
439 2129 603 2226 cooperti
639 2137 743 2204 erant
767 2129 961 2204 boccasino
985 2129 1081 2219 albo,
1108 2127 1329 2226 prelatorum
1357 2149 1444 2200 vcro
1476 2125 1645 2221 instagno

311 2255 393 2328 albo
427 2256 470 2330 ad
507 2256 667 2330 medium
703 2256 863 2353 palmum
896 2281 1004 2355 super
1034 2264 1168 2330 terram
1197 2253 1399 2351 pendente;
1430 2249 1644 2326 subdiaconi

312 2404 438 2456 omnes
472 2407 581 2480 super
614 2381 779 2472 rocheto,
815 2382 1002 2456 tunicellas
1038 2381 1138 2454 albas
1172 2379 1368 2470 habebant,
1401 2376 1551 2473 dempto
1583 2375 1646 2448 illo

313 2507 375 2602 qui
399 2507 590 2604 epistolam
618 2509 769 2599 dixerat,
796 2508 855 2604 qui
886 2507 1008 2582 omnia
1033 2511 1244 2604 paramenta
1269 2501 1418 2590 retinuit
1447 2501 1484 2574 in
1513 2499 1649 2597 quibus
1746 2557 1747 2576 2

313 2631 539 2706 ministravit.
557 2633 857 2724 Auditoresvero,
876 2633 997 2708 clerici
1015 2655 1158 2706 camere
1182 2636 1219 2704 et
1242 2629 1372 2726 acolyti
1391 2625 1652 2725 superpellicia
1746 2662 1747 2705 3

313 2755 496 2831 habebant
516 2781 627 2855 super
649 2758 829 2848 rochetis;
862 2758 1047 2834 secretarii
1073 2761 1273 2854 quoquest
1297 2752 1460 2828 advocati
1479 2750 1653 2849 pluvialia

315 2879 397 2954 alba
410 2905 520 2979 super
534 2881 714 2957 mantellis
729 2891 933 2982 aperturam
946 2909 966 2958 a
981 2889 1082 2982 parte
1096 2882 1246 2956 dextera
1257 2878 1452 2968 babentia3
1468 2883 1505 2952 et
1515 2899 1653 2950 omues

314 3004 353 3078 bi
369 3029 482 3102 equos
498 3007 708 3104 equitabant
723 3013 759 3082 et
774 3008 889 3082 mulas
906 3008 1088 3083 consuetis
1104 3007 1262 3106 copertis
1279 3012 1438 3081 ornatas.

364 3133 640 3210 Processionem
654 3159 741 3210 vero
758 3135 1001 3233 hujusmodis
1016 3134 1164 3208 basilica
1189 3133 1352 3231 predicta
1372 3133 1418 3206 ad
1433 3136 1655 3206 Lateranum

316 3257 491 3332 ordinavit
506 3259 697 3334 cardinalis
714 3261 885 3346 Senensis
900 3257 999 3357 prior
1013 3259 1197 3356 prodictus
1217 3257 1288 3331 boc
1303 3256 1412 3330 modo
1431 3285 1439 3331 ε

366 3380 574 3454 Familiares
611 3382 863 3472 cardinalium,
894 3382 1116 3478 prelatorum
1141 3389 1177 3458 et
1208 3383 1395 3458 curialium
1424 3405 1467 3456 ac
1497 3380 1556 3454 alii
1591 3379 1657 3477 qui

316 3503 483 3577 brevibus
500 3505 656 3578 vestibus
680 3507 870 3611 utebantur
893 3508 998 3605 primi
1019 3510 1229 3606 equitabant
1256 3533 1341 3585 cnm
1365 3508 1498 3584 valisiis
1528 3509 1656 3582 cardi-

318 3625 472 3714 nalium;
490 3627 619 3701 deinde
635 3628 864 3705 barbitonsor
890 3637 984 3731 Pape
1011 3657 1093 3709 cum
1114 3635 1238 3709 valisia
1256 3634 1412 3726 scarlati,
1433 3633 1471 3706 in
1486 3657 1557 3729 qua
1576 3639 1662 3707 erat

319 3774 435 3848 cappa
449 3752 521 3826 sive
535 3754 745 3830 mantellum
763 3780 805 3831 ac
821 3758 888 3833 alie
904 3768 1021 3836 vestes
1035 3765 1143 3860 Pape.

371 3880 494 3952 Sartor
508 3881 604 3976 Pape
620 3903 704 3954 cum
717 3883 823 3956 simili
836 3885 959 3960 valisia
974 3887 1010 3960 in
1026 3911 1098 3985 qua
1112 3886 1222 3962 etiam
1238 3895 1343 3962 erant
1365 3887 1573 3964 necessaria
1589 3911 1660 3986 pro

320 4001 503 4099 pontifice.
523 4005 793 4101 -Familiares
821 4031 886 4083 seu
906 4011 1065 4086 scutileri
1093 4016 1206 4110 Pape.
1235 4055 1283 4068 -
1298 4013 1445 4089 Nobiles
1473 4014 1590 4090 curie.
1610 4059 1661 4072 -

321 4128 478 4223 Nepotes
493 4134 528 4200 et
542 4127 670 4202 aflines
686 4130 935 4208 cardinalium.
951 4137 1118 4212 —Scala
1132 4141 1226 4234 Pape
1248 4159 1370 4235 panno
1393 4161 1548 4215 rosaceo
1563 4163 1661 4216 coo-

321 4259 422 4348 perta
433 4275 541 4350 super
551 4276 645 4350 equo
654 4254 735 4330 albo
747 4255 852 4330 simili
863 4283 983 4357 panno
998 4271 1184 4360 cooperto,
1202 4287 1312 4361 quem
1329 4265 1428 4341 duxit
1442 4289 1539 4339 nnus
1553 4265 1665 4340 lami-

320 4377 418 4452 liaris
432 4383 542 4478 Pape,
559 4389 659 4456 veste
679 4406 828 4460 rosacea
842 4385 1001 4478 indutus,
1027 4387 1195 4464 baculum
1217 4391 1372 4466 rubeum
1394 4392 1431 4466 in
1452 4391 1525 4466 alia
1545 4414 1665 4465 manu

322 4511 463 4579 tenens.
479 4508 739 4584 -Duodecim
754 4534 921 4587 cursores
936 4536 1018 4588 cum
1033 4537 1083 4587 xu
1103 4515 1240 4589 vexillis
1260 4515 1395 4606 rubeis,
1416 4515 1492 4592 bini
1508 4523 1546 4590 et
1561 4515 1659 4604 bini,

321 4630 477 4706 vestibus
495 4634 652 4708 rosaceis
667 4634 795 4728 induti,
814 4646 1013 4735 equestres,
1037 4640 1065 4714 si
1082 4647 1180 4716 recte
1196 4641 1364 4718 memini.
1392 4683 1442 4697 -
1463 4642 1665 4716 Tredecim

322 4754 515 4830 familiares
540 4759 635 4834 male
658 4762 788 4854 vestiti,
822 4764 1008 4864 pedestres
1033 4788 1100 4839 xru
1130 4767 1260 4841 vexilla
1287 4789 1472 4842 armorum
1496 4767 1666 4864 capitum

325 4879 513 4976 regionum
529 4879 734 4960 deserentes
750 4888 848 4984 quod
864 4912 1092 4988 nequaquam
1111 4890 1241 4967 decere
1257 4891 1456 4985 videbatur,
1479 4890 1671 4966 debebant

324 5001 511 5100 ipsietiam
527 5008 705 5105 capitanei
718 5012 909 5119 regionum
923 5037 989 5111 per
1011 5038 1050 5090 se
1071 5015 1167 5114 ipsos
1192 5017 1285 5094 bene
1306 5018 1438 5110 ornati,
1456 5022 1670 5114 equestres,

324 5128 393 5203 hec
408 5127 535 5205 vexilla
548 5131 737 5210 honestius
753 5137 939 5215 detulisse.
