3422 6034
317 465 370 522 39e
769 463 944 521 JOHANNIS
970 461 1191 532 BURCHARDI,
1443 461 1626 528 [thterttttt]

316 626 463 716 paratus
477 643 577 694 more
592 619 697 694 solito
707 620 802 694 venit
814 621 858 693 ad
872 620 1047 716 capellam
1063 619 1241 714 majoram
1257 615 1377 712 palatii
1394 615 1454 690 uhi
1469 615 1559 690 lacta
1573 617 1628 690 sibi

254 789 257 795 ,
316 746 596 819 acardinalibus
623 745 834 832 reverentia,
859 745 1060 818 cardinales
1085 743 1151 840 ipsi
1177 743 1213 814 in
1237 741 1327 815 locis
1353 740 1426 814 suis
1460 746 1497 814 et
1518 743 1628 838 prelati

316 879 419 944 extra
433 872 633 946 cancellum
653 870 789 968 capelle
806 877 1024 966 acceperunt
1040 873 1263 967 paramenta.
1286 870 1377 940 Tum
1400 869 1498 963 Papa
1515 867 1628 942 sedens

318 1019 399 1070 cum
413 997 519 1070 mitra
533 996 621 1070 dixit
637 1022 644 1070 :
666 995 812 1068 anraedi
826 1007 910 1084 etc.;
926 994 1056 1068 deinde
1070 993 1234 1090 deposita
1248 993 1355 1066 mitra
1365 993 1485 1066 adhuc
1500 993 1627 1073 sedens.

318 1144 362 1195 ex
377 1144 420 1194 eo
432 1122 527 1217 quod
543 1121 737 1195 scabellum
755 1121 889 1216 pedum
909 1143 1058 1193 suorum
1077 1119 1185 1191 nimis
1205 1105 1319 1192 altum
1342 1125 1435 1208 crat,
1454 1142 1630 1216 superque

318 1250 416 1317 stans
434 1245 707 1320 benedictiones
726 1245 898 1322 dicendas
912 1246 1005 1320 bene
1022 1245 1142 1319 videre
1156 1267 1230 1318 nou
1249 1251 1404 1341 poterat,
1426 1251 1467 1318 ut
1482 1245 1628 1318 dicebat:

316 1377 509 1466 propterea
537 1373 643 1463 sedit,
665 1373 850 1448 benedixit
874 1373 1015 1446 cineres
1046 1395 1135 1468 quas
1156 1370 1201 1442 ad
1221 1370 1301 1466 ejus
1324 1369 1514 1464 dexteram
1533 1393 1632 1465 genu·

317 1493 431 1568 ssexus
446 1500 488 1569 D.
507 1499 687 1572 Mattheus
708 1499 794 1572 ctbo
818 1499 1058 1572 subdiaconus
1075 1496 1111 1568 in
1133 1495 1240 1569 bacili
1263 1493 1421 1568 tenebat.
1443 1494 1632 1566 Benedictis

319 1619 513 1712 cineribus,
538 1623 694 1719 aspersis
710 1629 747 1698 et
764 1623 972 1714 incensatis,
991 1621 1145 1696 accessit
1166 1620 1212 1693 ad
1226 1617 1438 1716 pontificem
1461 1623 1580 1692 Rmus.
1597 1621 1630 1692 ll.

318 1745 508 1820 cardinalis
531 1772 561 1820 s.
588 1749 683 1823 Petri
707 1749 751 1822 ad
777 1748 930 1826 Vincula
950 1748 1068 1844 major
1088 1744 1361 1844 penitentiarius
1383 1744 1629 1830 celebraturus,

318 1869 486 1943 omnibus
514 1873 733 1969 paramentis
761 1873 937 1970 demptis,
979 1871 1201 1946 chirothecis
1231 1877 1267 1944 et
1293 1871 1400 1944 anulo
1434 1871 1629 1967 pontificali,

318 1994 461 2070 detecto
475 1997 591 2094 capite
609 2004 645 2072 et
660 2005 758 2072 stans
777 2021 901 2072 coram
919 1997 1091 2094 pontifice
1111 2024 1117 2068 :
1138 2019 1247 2092 supra
1264 1995 1465 2070 scabellum
1482 1997 1632 2092 imposuit

318 2119 351 2192 ei
365 2121 505 2196 cineres
518 2123 608 2196 nihil
623 2122 758 2196 dicans¹
778 2121 914 2196 Deinde
931 2121 1106 2219 pontifex,
1127 2129 1278 2218 accepta
1296 2120 1403 2194 mitra
1425 2128 1463 2195 et
1485 2122 1630 2218 gremiali

318 2243 489 2341 imposuit
508 2246 625 2343 primo
650 2245 821 2320 cardinali
838 2271 942 2344 aquo
964 2247 1105 2322 cineres
1122 2245 1274 2343 accepit,
1294 2252 1370 2320 tum
1383 2246 1465 2319 aliis
1485 2247 1633 2320 cardina-

317 2369 412 2442 libus
433 2371 579 2467 prelatis
595 2379 631 2444 et
647 2371 724 2446 aliis
747 2395 848 2446 more
869 2372 987 2463 solito,
1017 2371 1224 2446 cantoribus
1248 2371 1393 2444 interim
1420 2371 1633 2444 cantantibus

319 2493 557 2568 Irnmutemur
570 2496 704 2586 bodilo,
724 2508 807 2584 etc.,·
820 2497 893 2592 qui,
910 2497 1019 2570 etiam
1031 2496 1174 2593 incepta
1184 2520 1250 2594 per
1264 2495 1632 2593 pontificemcinarum

320 2618 584 2711 benedictione,
604 2627 639 2693 et
664 2621 770 2711 male,
789 2626 1024 2695 cantaverunt
1050 2621 1285 2718 antiphonam
1307 2621 1461 2694 Exaudi
1483 2645 1557 2711 noo,
1579 2633 1631 2693 etc.

321 2741 437 2816 Finita
449 2743 714 2838 distributione,
737 2749 834 2842 Papa
850 2745 935 2818 lavit
950 2769 1094 2833 manus,
1113 2753 1279 2820 senatore
1298 2738 1402 2820 Urbis
1428 2769 1559 2842 aquam
1582 2745 1634 2818 mi-

319 2866 493 2942 nistrante
513 2877 550 2942 et
570 2874 674 2944 Rmo.
700 2873 742 2943 Ι).
767 2870 1075 2960 vicecancellario‚
1095 2871 1156 2966 qui
1173 2895 1217 2944 ex
1232 2894 1271 2946 se
1286 2893 1360 2944 non
1375 2871 1631 2955 vocatusvenit,

320 2992 524 3090 adjuvante,
541 2993 625 3070 licet
639 2995 796 3070 officium
814 3021 919 3070 suum
932 2995 1041 3070 hodio
1064 3019 1135 3069 non
1156 3003 1253 3070 esset
1270 2996 1334 3070 sed
1350 2996 1482 3092 prioris
1499 2995 1632 3093 presby·

318 3123 478 3190 terarum
494 3119 730 3193 cardinalium
749 3146 756 3194 :
776 3127 911 3202 tamen,
929 3127 1120 3216 postquam
1136 3120 1213 3218 ipse
1226 3126 1445 3210 accesserat,
1464 3143 1537 3194 non
1550 3120 1632 3217 potui

318 3243 471 3316 honeste
488 3243 606 3341 ipsum
618 3245 798 3341 expellere
814 3253 850 3320 et
866 3245 975 3318 alium
992 3268 1137 3334 vocare;
1158 3253 1351 3342 propterea
1371 3245 1536 3342 permisi.
1561 3248 1632 3318 Scr—
1699 3329 1700 3338 ,

318 3389 464 3442 monem
484 3368 569 3442 lecit
588 3372 629 3442 R.
660 3373 699 3442 P.
725 3375 769 3442 D.
798 3371 897 3442 Titus
913 3369 1105 3468 episcopus
1126 3370 1327 3444 Castrensis
1345 3369 1382 3442 in
1397 3370 1628 3467 patrimonio:

318 3494 439 3568 omnia
460 3494 528 3568 alia
550 3497 739 3570 observata
762 3493 846 3571 suut
868 3521 969 3572 more
991 3503 1180 3573 consueto.
1207 3497 1316 3570 Missa
1337 3497 1432 3572 dicta
1459 3505 1515 3570 est
1530 3494 1631 3569 dedic

318 3619 479 3692 cinerum
496 3626 531 3693 et
543 3643 617 3694 non
633 3623 677 3695 de
694 3621 800 3696 testo.
994 3625 997 3631 ’

366 3746 568 3840 Antequam
584 3750 645 3820 SS.
664 3751 705 3820 D.
725 3751 766 3820 N.
788 3748 901 3822 exiret
914 3749 958 3822 de
974 3771 1132 3838 camera,
1157 3746 1301 3822 interim
1327 3749 1412 3822 dum
1437 3753 1631 3846 paramenta

301 3868 509 3964 acciperet,
528 3872 722 3968 supplicari
747 3881 781 3946 et
803 3873 940 3946 obtinui
962 3897 983 3946 a
999 3873 1196 3946 Sanctitate
1213 3897 1278 3948 sua
1295 3897 1360 3970 pro
1382 3874 1488 3948 nobis
1503 3869 1629 3948 clericis

318 3991 619 4084 ceremoniarum,
636 3995 843 4068 cantoribus
855 4002 889 4069 et
906 3995 1073 4068 omnibus
1087 3995 1306 4070 officialibus
1318 3997 1456 4094 capelle
1468 4021 1530 4072 sue
1546 4015 1630 4069 sanc·

317 4113 427 4188 titatis
443 4116 540 4212 quod
563 4118 737 4192 visitando
755 4127 894 4216 septem
916 4119 1039 4195 altaria
1064 4121 1210 4196 basilice
1234 4146 1262 4196 s.
1290 4124 1385 4196 Petri
1411 4127 1628 4219 assequantur
1698 4165 1699 4207 ,

266 4241 267 4244 ’
315 4239 555 4336 indulgentias
569 4243 776 4334 stationum,
796 4252 831 4318 et
847 4248 943 4341 quod
959 4247 1109 4343 quilibet
1119 4253 1283 4320 nostrum
1299 4255 1424 4344 posset
1437 4248 1627 4342 sibialigere

317 4365 568 4438 consessorum
585 4367 645 4462 qui
664 4391 746 4440 eum
762 4369 923 4466 plenarie
943 4371 980 4442 in
1000 4371 1168 4443 omnibus
1184 4372 1327 4445 casibus
1343 4373 1504 4448 absolvat
1524 4379 1555 4446 et
1569 4371 1629 4467 ple·

316 4489 454 4562 nariam
470 4491 724 4566 remissionom
747 4495 908 4566 omnium
930 4502 1165 4591 peccatorum
1184 4520 1332 4570 suorum
1355 4499 1548 4594 impendat.
1571 4493 1626 4568 Sed
1697 4567 1698 4570 ,

317 4615 430 4688 erravi
447 4615 483 4687 in
499 4616 656 4712 petendo
679 4617 885 4714 hujusmodi
907 4620 1170 4716 indulgentiam
1195 4624 1391 4696 stationum
1418 4647 1484 4719 pro
1506 4623 1626 4694 visitan·
1697 4635 1698 4666 t

317 4739 411 4812 tibus
425 4747 565 4837 septem
588 4742 822 4816 altariadicte
841 4744 1002 4836 basilice,
1022 4747 1106 4841 quia
1121 4745 1228 4818 debui
1248 4747 1396 4844 petiisse
1422 4771 1486 4845 pro
1501 4747 1625 4820 risitau-

319 4863 412 4938 tibus
434 4865 546 4940 altare
571 4868 686 4964 majus
702 4873 840 4942 tantum
863 4870 1026 4966 ejusdem
1049 4871 1211 4960 basilice,
1242 4873 1328 4967 quia
1356 4880 1494 4969 septem
1521 4868 1624 4944 altaria

319 4988 435 5064 solent
448 4992 598 5065 concedi
622 4992 702 5064 loco
724 5001 863 5089 septem
887 4995 1121 5068 ecclesiarum
1144 4996 1396 5094 principalium
1425 4998 1526 5070 Urbis
1546 5003 1621 5068 tem·

321 5135 408 5210 pore
422 5115 564 5212 jubilei,
583 5117 639 5192 vel
655 5117 738 5206 alio,
754 5127 862 5216 prout
876 5120 1023 5217 petitur.
