3436 6038
111 473 262 542 [Septembre
277 470 345 533 lt8t]
420 465 546 526 RERUM
566 461 798 524 'URBANARUM
823 465 1087 527 COMMENTARH.
1370 475 1424 532 213

107 625 189 704 cunii
203 621 433 698 cardinalium
449 625 685 696 executurum
700 621 905 694 taslamcnli
927 621 1022 696 bona
1037 623 1214 700 memorie
1232 627 1423 704 cardinalis

104 749 289 848 agriensis,
310 747 497 822 intimetur
528 745 673 820 familiis
698 747 762 820 SS.
786 749 829 818 Ι).
853 749 896 818 N.
923 749 1018 843 Pape
1044 753 1080 822 et
1101 753 1319 828 RRmorum.
1342 757 1418 828 DI).

104 875 325 952 cardinalium
345 872 442 968 quod
462 869 586 962 hodic,
612 869 778 944 videlicet
793 871 900 968 jovis,
924 871 1097 968 vigesima
1118 883 1242 952 octava
1266 887 1423 978 septem-

104 1001 179 1086 bris,
196 1001 286 1072 hora
300 997 565 1088 decimanona,
587 996 708 1070 venire
725 995 834 1071 velint
849 997 896 1071 ad
920 996 1066 1073 domum
1086 1001 1217 1098 prelati
1237 1006 1421 1100 quondam

103 1124 280 1199 cardinalis
306 1122 491 1230 Agriensis
519 1122 564 1196 ad
593 1121 845 1196 associandum
869 1145 1000 1221 corpus
1028 1150 1131 1200 suum
1154 1127 1200 1201 ad
1227 1129 1420 1207 ecclesiam

102 1254 195 1326 beate
207 1249 319 1324 Marte
331 1249 368 1320 in
381 1247 522 1322 Araceli
535 1247 594 1322 ubi
606 1248 814 1345 sepelietur.
832 1253 922 1324 Item
938 1249 1123 1326 intimetur
1135 1253 1304 1326 omnihus
1324 1255 1422 1350 capi-

101 1377 187 1468 tulis,
217 1375 451 1450 conventibus
481 1381 517 1447 et
543 1373 622 1446 aliis
651 1373 886 1472 infrascriptis
913 1399 980 1472 pro
1003 1377 1094 1450 hora
1123 1377 1217 1452 inter
1239 1378 1419 1454 decimam

103 1509 253 1576 octavam
271 1509 308 1576 el
323 1499 500 1574 decimam
516 1522 665 1590 nonam,
686 1499 851 1575 videlicet
866 1526 875 1576 :

145 1627 300 1724 capitulo
317 1625 470 1701 ecclesie
486 1626 591 1700 beate
606 1625 718 1700 Maria
735 1626 897 1724 majoris,

142 1753 295 1850 capitulo
310 1751 465 1827 ecclesie
481 1751 587 1826 beate
600 1751 710 1824 Marie
727 1750 764 1823 in
776 1750 834 1824 via
847 1751 933 1844 lata,

143 1879 340 1954 camerario
356 1878 443 1954 cleri
456 1877 560 1952 Urbis
576 1875 673 1974 quod
687 1877 805 1952 veniat
820 1901 904 1952 cum
919 1879 997 1954 aliis
1012 1881 1245 1981 presbyteris,

143 2004 331 2080 conventui
341 2005 455 2079 'heato
470 2003 582 2078 lttarie
598 2027 707 2100 super
719 2004 927 2097 Minervam,

141 2131 330 2206 conventui
347 2155 377 2204 s.
396 2129 598 2226 Augustini,
818 2225 821 2234 γ

140 2257 329 2332 conventui
344 2280 373 2328 s.
391 2255 502 2328 Mario
518 2255 562 2330 de
579 2255 731 2353 Populo,

138 2381 328 2457 conventui
344 2379 490 2454 basilice
504 2387 710 2454 sanctorum
726 2381 985 2479 apostolorum,

139 2506 328 2582 conventui
343 2507 450 2580 beate
465 2505 577 2580 Maria
592 2505 629 2578 in
639 2507 794 2598 Araceli,

137 2632 328 2708 conventui
346 2657 376 2705 s.
392 2629 575 2704 Francisci
590 2631 627 2703 in
642 2633 913 2728 Transtiberim,

137 2757 328 2834 conventui
345 2781 373 2830 s.
394 2757 505 2846 Petri,

139 2883 327 2959 conventui
341 2907 373 2957 s.
392 2882 575 2956 Fcancisci
588 2885 690 2981 juxta
699 2891 848 2982 pontem
863 2885 1003 2960 Sixtum
1019 2887 1092 2962 sive
1107 2912 1255 2982 novum,

138 3010 328 3085 conventui
346 3032 376 3080 s¹
392 3007 533 3080 Martini
547 3007 584 3080 in
599 3008 783 3083 montibus
799 3009 934 3083 ordinis
950 3015 1232 3107 carmelitarum,

137 3131 327 3210 conventui
344 3156 373 3204 c.
392 3131 553 3204 Marcelli
569 3131 703 3206 ordinis
720 3157 903 3210 servorum
920 3137 1026 3212 beate
1041 3140 1167 3214 Maria.

137 3259 272 3334 Eadem
288 3256 360 3346 die,
385 3256 481 3330 circa
499 3255 627 3330 horam
647 3257 826 3332 decimam
848 3259 1024 3356 quintam,
1047 3266 1208 3362 prelatus
1230 3269 1420 3344 cardinalis

95 3387 280 3461 defunctus
304 3388 451 3481 paratus
475 3381 542 3455 suit
563 3384 730 3458 omnibus
745 3389 966 3483 paramentis
987 3390 1256 3487 pontificalibus
1270 3392 1421 3468 violacei

94 3513 234 3604 eoloris,
261 3515 412 3608 excepta
437 3532 545 3583 cruce
574 3511 747 3605 pectorali
772 3535 880 3608 quam
910 3537 983 3587 non
1005 3515 1150 3608 habuit;
1181 3517 1244 3591 sed
1271 3541 1315 3592 eo
1339 3519 1420 3592 loco

91 3637 201 3734 posita
218 3637 286 3710 tuit
297 3635 365 3708 sibi
379 3633 471 3707 stola
485 3633 522 3708 in
540 3635 686 3708 modum
703 3637 823 3710 crocis
840 3662 948 3736 super
961 3647 1086 3738 pectus
1100 3649 1136 3717 et
1150 3643 1297 3740 planeta
1310 3667 1420 3741 qoam

89 3763 270 3837 lohannes
301 3759 427 3849 Maria,
456 3758 596 3856 collega
622 3785 740 3854 meus,
777 3763 843 3838 sibi
868 3765 1005 3864 imponi
1029 3767 1130 3859 lecit,
1163 3792 1221 3844 me
1254 3769 1418 3863 absente,

92 3891 204 3964 albam
229 3887 505 3985 aurifrigiatam,
530 3895 567 3961 el
588 3888 696 3980 mule,
721 3888 806 3984 quia
828 3889 982 3966 debehat
1005 3915 1086 3968 esse
1109 3893 1254 3968 violata.
1282 3895 1421 3970 Deinde

93 4017 183 4090 circa
203 4015 336 4090 horam
357 4013 536 4088 decimam
557 4019 732 4105 octavam,
759 4015 897 4112 positus
919 4017 986 4091 fuit
999 4017 1036 4090 in
1061 4018 1144 4092 aula
1162 4042 1295 4116 magna
1313 4041 1423 4115 supra

92 4139 221 4215 lectum
242 4140 289 4213 ad
313 4140 384 4214 hoc
402 4144 566 4238 paratum
590 4163 691 4212 more
709 4146 897 4215 consueto.
924 4142 1119 4219 Adiverunl
1138 4143 1269 4218 deinde
1291 4143 1420 4218 tratres

90 4267 229 4340 Araceli
256 4266 317 4362 qui
342 4265 509 4339 dixerunt
535 4263 695 4339 osticium
720 4272 961 4359 mortuorum,
979 4269 1134 4366 legendo
1159 4269 1338 4366 usquead
1362 4269 1422 4342 ad-

94 4399 237 4467 ventum
265 4389 501 4465 cardinalium
527 4395 778 4482 executorum3
808 4399 891 4488 post
914 4417 1069 4489 quorum
1084 4395 1289 4485 adventum,
1312 4392 1421 4468 iidem

93 4515 218 4592 fratres
248 4517 463 4614 inceperunt
484 4539 650 4614 vesperas
683 4521 718 4590 el
743 4517 912 4592 dixerunt
930 4518 1009 4594 illas
1032 4526 1068 4593 et
1091 4519 1246 4616 primum
1273 4525 1420 4594 noctur-

94 4665 176 4715 num
205 4643 407 4740 vigiliarum
430 4641 501 4716 sive
531 4641 745 4716 matutinum
769 4643 806 4716 in
828 4650 950 4718 cantu.
978 4642 1186 4718 Secundum
1205 4648 1421 4717 nocturnum

93 4765 257 4841 dixerunt
286 4767 416 4842 iratres
443 4774 683 4842 conventuum
713 4793 742 4840 s.
767 4769 956 4866 Augustini
977 4773 1012 4842 ct
1040 4793 1069 4840 s.
1096 4767 1256 4844 Marcelli
1283 4769 1344 4866 qui
1372 4769 1421 4844 ibi

92 4901 276 4968 venerant.
302 4895 475 4982 Tertium,
496 4893 625 4968 tratres
642 4899 883 4968 conventuum
903 4893 1009 4967 beate
1030 4893 1141 4968 Maria
1162 4917 1271 4991 supra
1291 4895 1423 4968 Miner-

93 5041 170 5092 vam
186 5025 223 5093 et
239 5045 267 5091 s.
282 5021 425 5095 Martini
441 5023 477 5094 in
491 5020 673 5096 montibus
689 5019 748 5116 qui
765 5017 870 5092 tertio
890 5023 1078 5092 venerunt.
1102 5017 1242 5092 Laudes
1258 5018 1422 5094 dixerunt

94 5145 210 5220 clerus
238 5173 267 5220 s.
296 5146 407 5224 ltlarie
432 5147 581 5244 majoris
608 5152 641 5219 et
673 5171 703 5218 s.
728 5143 841 5220 Marte
870 5143 907 5218 in
935 5143 991 5217 via
1015 5143 1088 5220 lata
1106 5167 1113 5218 :
1133 5143 1263 5240 quibus
1296 5142 1419 5235 finitis,
