3436 6038
326 409 382 464 aaa
777 387 954 461 ionmms
978 403 1200 473 concauam,
1410 405 1570 468 [sepiamus
1584 409 1637 472 ιιιιι

328 563 373 637 de
392 562 547 636 Mellinis
572 563 673 659 juxta
692 561 871 657 hospitale
900 560 1198 650 Alemannorum,
1220 583 1330 657 quam
1357 583 1424 656 pro
1438 559 1637 636 habitatione

328 709 394 760 sua
418 685 653 759 conduxerat.

373 812 477 886 Feria
492 817 603 902 sexta,
622 817 642 886 8
662 812 796 886 mensis
812 812 1041 909 septembris,
1057 813 1188 886 festum
1210 813 1403 887 nativitatis
1423 813 1526 887 beate
1540 815 1634 887 llario

324 935 481 1032 virginis,
508 940 551 1008 b.
582 936 765 1010 lohannes
795 937 987 1035 episcopus
1016 919 1254 1010 Tornocensis
1286 937 1480 1012 celebravit
1508 940 1635 1013 missam

322 1061 578 1158 pontificaliter
592 1061 628 1132 in
641 1063 779 1160 majore
795 1063 934 1160 capella
949 1061 1083 1159 palatii,
1101 1065 1195 1158 Papa
1218 1069 1386 1158 presente
1403 1063 1480 1136 sine
1496 1065 1637 1138 camina-

321 1187 428 1260 libus
444 1190 540 1284 Pape
555 1187 650 1260 venit
660 1189 705 1262 ad
721 1189 896 1286 capellam
907 1189 944 1261 in
959 1195 1082 1263 manto
1096 1194 1132 1262 et
1147 1188 1297 1284 capucio
1308 1211 1417 1284 parvo
1434 1189 1511 1262 sine
1524 1213 1634 1276 cruee;

320 1312 511 1410 episcopus
526 1313 722 1388 Ater-tensis
739 1314 891 1411 portavit
911 1314 1071 1386 fimbrias
1090 1320 1126 1387 et
1141 1313 1177 1386 in
1199 1313 1311 1386 missa
1326 1313 1539 1386 ministravit
1555 1319 1634 1412 Pape

322 1439 519 1512 naviculam
539 1463 605 1534 pro
626 1438 845 1536 imponendo
867 1440 1031 1513 incenso.
1059 1439 1115 1512 Ad
1136 1438 1354 1512 oblationem
1374 1440 1534 1536 porrexit
1556 1444 1635 1537 Pape

321 1562 454 1636 librum
467 1562 734 1658 evangeliorum
749 1563 985 1636 osculandum
998 1567 1078 1660 post
1095 1563 1319 1658 evangelium
1335 1569 1521 1658 etpacem,
1533 1577 1565 1638 et
1577 1591 1636 1638 una

320 1713 404 1762 cnm
415 1685 543 1760 abbate
560 1687 709 1761 sacrista
724 1689 865 1762 servivit
881 1692 976 1786 Pape
992 1665 1190 1761 de'missali
1204 1711 1327 1762 coram
1343 1713 1387 1764 eo
1404 1715 1514 1788 super
1529 1691 1635 1764 faldis-

320 1812 427 1903 torio,
446 1835 554 1910 super
572 1815 662 1887 solio
678 1815 808 1912 posite,
826 1815 910 1910 quia
930 1817 1027 1911 Papa
1046 1813 1193 1888 seditio
1214 1815 1299 1888 sede
1321 1815 1427 1890 bassa
1446 1839 1492 1889 ex
1508 1840 1635 1890 comem

321 1936 389 2009 sibi
423 1945 558 2036 parata.
583 1943 661 2014 Non
688 1939 757 2013 leci
781 1939 962 2013 incensari
990 1939 1102 2014 altare
1131 1946 1213 2014 ante
1245 1940 1432 2014 introitum
1463 1943 1634 2038 nequead

320 2063 545 2160 evangelium
557 2063 692 2161 portari
703 2063 895 2150 luminaria
908 2068 943 2136 et
958 2064 1161 2156 incensum,
1181 2065 1244 2138 sed
1263 2066 1452 2138 honestius
1467 2067 1579 2140 visum
1592 2077 1633 2141 est

320 2189 407 2262 alias
423 2188 460 2262 in
477 2189 652 2262 similibus
673 2188 793 2260 missis
809 2189 918 2261 etiam
934 2189 1002 2260 illis
1019 2189 1082 2262 uti.

368 2313 472 2387 Feria
495 2313 613 2402 tertia,
641 2318 683 2384 tn
699 2313 834 2387 mensis
855 2313 1084 2410 septembris
1103 2313 1384 2388 anniversarium
1404 2319 1633 2392 coronationis

203 2525 208 2533 ,
320 2442 384 2513 SS.
415 2441 458 2510 D.
486 2442 527 2512 N.
559 2439 758 2511 Innocentii
787 2463 878 2536 pape
908 2443 987 2516 Vlll
1023 2439 1113 2530 dies,
1140 2439 1368 2534 pontificatus
1400 2441 1454 2513 sui
1482 2443 1563 2514 anni
1589 2467 1631 2529 ru,

320 2567 444 2641 ninus.
469 2567 511 2636 D.
540 2563 724 2636 lohannes
750 2561 941 2636 cardinalis
965 2563 1245 2636 Mediolanensis
1266 2562 1303 2634 in
1325 2562 1476 2638 basilica
1499 2591 1528 2638 s.
1553 2567 1633 2639 Petri

319 2688 511 2762 celebravit
526 2687 674 2759 missam
686 2686 886 2776 solemnem
898 2687 942 2760 de
957 2687 1083 2784 spiritu
1095 2698 1232 2780 sancto,
1246 2694 1342 2787 Pape
1357 2697 1392 2765 et
1408 2692 1633 2768 cardinalibus

318 2814 547 2912 presentibus
562 2813 599 2886 in
614 2813 834 2910 paramentis
851 2813 966 2886 rubris
982 2837 1083 2887 more
1100 2825 1286 2890 consueto.

367 2937 616 3025 Finitamisse,
636 2941 830 3031 antequam
847 2938 943 3032 Pape
958 2935 1060 3008 daret
1070 2933 1374 3028 benedictionem,
1394 2944 1436 3010 R.
1455 2940 1489 3012 in
1507 2942 1632 3014 Christo

318 3072 359 3149 P„
390 3069 433 3140 D.
461 3064 650 3162 episcopus
672 3061 929 3159 bregonensis,
954 3060 1097 3156 pluviali
1124 3060 1237 3134 rubeo
1260 3061 1407 3136 indutus
1437 3090 1520 3138 cum
1542 3067 1632 3138 mitra

318 3193 496 3290 simplice,
514 3189 697 3264 osculatus
713 3193 768 3260 est
782 3211 891 3284 genu,
910 3191 958 3277 et,
977 3209 1050 3258 non
1066 3184 1177 3281 petita
1192 3184 1460 3281 benedictione,
1484 3191 1632 3266 ascendit

317 3319 362 3392 ad
382 3317 558 3415 pulpitum
578 3320 614 3388 et
632 3313 757 3411 paucis
782 3336 846 3385 seu
867 3311 1033 3384 brevibus
1054 3309 1170 3382 verbis
1190 3311 1528 3412 publicavitpacem
1552 3317 1632 3388 inter

305 3443 381 3515 ·SS.
395 3444 439 3514 D.
459 3443 501 3512 N.
517 3443 696 3536 papamet
712 3434 978 3510 Ferdinandum
994 3457 1118 3530 regem
1135 3440 1222 3524 etc,
1238 3459 1280 3509 ac
1296 3438 1400 3528 alios,
1419 3449 1489 3516 etc.
1507 3441 1564 3540 (t).

365 3570 450 3639 Erat
478 3570 597 3638 eutem
636 3561 841 3635 ordinatum
872 3560 968 3656 qnod
996 3558 1152 3654 capitulo
1182 3562 1281 3656 pacis
1310 3563 1467 3639 debebat
1498 3567 1628 3665 legisse.

318 3699 440 3766 tamen
464 3689 549 3785 quia
572 3685 856 3780 dux,Januensis
881 3685 941 3758 illa
957 3683 1118 3758 nondum
1141 3685 1393 3781 notificaverat,
1423 3693 1489 3766 suit
1507 3700 1629 3766 mutata

318 3814 497 3890 sententia
538 3819 573 3905 et
607 3811 847 3908 capitulorum
887 3809 996 3884 lectio
1041 3809 1188 3882 omissa.
1236 3811 1351 3887 Finito
1384 3815 1625 3911 publicatione.

247 3983 253 3996 ·
317 3947 484 4018 cantores
503 3939 716 4034 inceperunt
737 3942 770 4008 et
793 3934 977 4034 prosecuti
1001 3941 1082 4006 sunt
1104 3959 1216 4030 usque
1240 3936 1441 4012 adfinem:
1467 3938 1510 4012 Te
1532 3937 1626 4013 Deum

317 4067 525 4154 leodonium·
541 4062 650 4136 iidem
667 4069 835 4134 cantores
846 4061 1012 4135 dixerunt
1032 4084 1039 4131 :
1058 4059 1101 4132 K
1096 4061 1175 4157 yrie
1188 4060 1328 4152 eleison,
1351 4063 1489 4139 Christe
1504 4066 1624 4145 eleison,

317 4198 462 4292 etPape
484 4192 596 4264 Pater
619 4199 747 4278 noster,
780 4187 852 4260 alta
873 4209 976 4276 voce,
1005 4185 1103 4282 quod
1125 4186 1302 4261 submissa
1323 4213 1412 4265 voce
1430 4191 1623 4289 complevit:

316 4320 445 4395 deinde
460 4340 548 4390 voce
560 4313 779 4410 competenti
794 4311 1085 4386 dixitversiculos
1104 4319 1297 4408 sequentes
1313 4321 1349 4389 et
1371 4319 1577 4406 orationem,
1595 4321 1625 4388 et

316 4453 482 4522 cantores
498 4441 783 4538 responderunt:

361 4571 416 4644 Et
427 4597 472 4645 ne
486 4596 550 4645 nor
565 4571 712 4644 indueus
728 4571 764 4640 in
781 4565 1018 4652 tornationem,
1036 4564 1074 4656 ll.
1093 4561 1168 4636 Sed
1177 4561 1286 4636 libero
1302 4591 1365 4640 noc
1381 4570 1488 4644 αιιιαί
1509 4627 1515 4640 .

364 4701 403 4790 pl.
419 4699 588 4794 Fiutpcsc
603 4697 639 4768 in
655 4697 780 4767 uirtute
796 4705 869 4766 tric.

353 4925 379 4978 l.
399 4919 469 4993 Voy.
490 4937 538 4975 sur
553 4925 621 4974 cette
636 4917 698 4991 puix
718 4917 743 4972 la
758 4917 851 4972 Lettre
865 4918 900 4970 de
915 4915 1131 4986 t'rlrcbeeesque
1152 4918 1188 4970 de
1208 4917 1344 4972 Vienneo
1360 4919 1397 4974 M.
1412 4921 1447 4972 de
1459 4919 1578 4987 lanpeac
1588 4928 1622 4965 au

316 5015 390 5082 saliet
404 5011 453 5063 des
473 5011 596 5078 affaires
616 5009 650 5062 cle
664 5007 773 5078 Naplec
788 5007 862 5061 etde
877 5007 906 5059 ta
930 5007 1007 5058 Pais
1022 5015 1098 5058 entre
1109 5007 1135 5059 lc
1150 5007 1232 5077 Pape
1246 5014 1273 5062 et
1292 5008 1317 5062 Ie
1336 5024 1390 5078 roy
1406 5007 1542 5075 Ferraad,
1563 5004 1622 5059 dans

321 5097 471 5171 chelroy,
488 5098 567 5152 Hist.
583 5097 748 5156 dechartes
767 5096 851 5165 VIII,
867 5094 952 5152 in-lol.
966 5092 1055 5164 Paris,
1073 5095 1151 5164 tout,
1165 5112 1192 5168 p.
1207 5097 1270 5156 535.
