<?xml version="1.0" encoding="UTF-8"?>
<!DOCTYPE html PUBLIC "-//W3C//DTD XHTML 1.0 Transitional//EN"
    "http://www.w3.org/TR/xhtml1/DTD/xhtml1-transitional.dtd">
<html xmlns="http://www.w3.org/1999/xhtml" xml:lang="en" lang="en">
 <head>
  <title>
</title>
<meta http-equiv="Content-Type" content="text/html;charset=utf-8" />
  <meta name='ocr-system' content='tesseract 3.04.00' />
  <meta name='ocr-capabilities' content='ocr_page ocr_carea ocr_par ocr_line ocrx_word'/>
</head>
<body>
  <div class='ocr_page' id='page_1' title='image "./johannisburchar02burcgoog/johannisburchar02burcgoog_0483.png"; bbox 0 0 3508 6034; ppageno 0'>
   <div class='ocr_carea' id='block_1_1' title="bbox 351 491 1664 583">
    <p class='ocr_par' dir='ltr' id='par_1_1' title="bbox 351 491 1664 583">
     <span class='ocr_line' id='line_1_1' title="bbox 351 491 1664 583; baseline -0.013 -28"><span class='ocrx_word' id='word_1_1' title='bbox 351 503 403 555; x_wconf 77' lang='lat' dir='ltr'>tus</span> <span class='ocrx_word' id='word_1_2' title='bbox 737 577 739 583; x_wconf 27' lang='grc' dir='ltr'>Ι</span> <span class='ocrx_word' id='word_1_3' title='bbox 809 493 984 549; x_wconf 72' lang='lat' dir='ltr'>lunanum</span> <span class='ocrx_word' id='word_1_4' title='bbox 1010 491 1231 560; x_wconf 72' lang='lat' dir='ltr'>cuncutitur,</span> <span class='ocrx_word' id='word_1_5' title='bbox 1512 500 1590 564; x_wconf 58' lang='lat' dir='ltr'>[pern</span> <span class='ocrx_word' id='word_1_6' title='bbox 1605 499 1664 566; x_wconf 43' lang='grc' dir='ltr'>ηυξ]</span> 
     </span>
    </p>
   </div>
   <div class='ocr_carea' id='block_1_2' title="bbox 318 645 1734 5261">
    <p class='ocr_par' dir='ltr' id='par_1_2' title="bbox 318 645 1734 5261">
     <span class='ocr_line' id='line_1_2' title="bbox 351 645 1664 746; baseline -0.004 -21"><span class='ocrx_word' id='word_1_7' title='bbox 351 651 512 725; x_wconf 81' lang='lat' dir='ltr'>Ecclesia</span> <span class='ocrx_word' id='word_1_8' title='bbox 529 673 660 746; x_wconf 89' lang='lat' dir='ltr'>aquam</span> <span class='ocrx_word' id='word_1_9' title='bbox 675 649 900 721; x_wconf 68' lang='lat' dir='ltr'>ministrante</span> <span class='ocrx_word' id='word_1_10' title='bbox 916 671 923 734; x_wconf 89' lang='grc'><strong>;</strong></span> <span class='ocrx_word' id='word_1_11' title='bbox 942 647 987 720; x_wconf 90' lang='lat' dir='ltr'>ad</span> <span class='ocrx_word' id='word_1_12' title='bbox 1002 669 1110 742; x_wconf 90' lang='lat' dir='ltr'>quam</span> <span class='ocrx_word' id='word_1_13' title='bbox 1125 645 1300 719; x_wconf 90' lang='lat' dir='ltr'>lotionem</span> <span class='ocrx_word' id='word_1_14' title='bbox 1317 667 1388 719; x_wconf 91' lang='lat' dir='ltr'>non</span> <span class='ocrx_word' id='word_1_15' title='bbox 1404 645 1524 718; x_wconf 82' lang='lat' dir='ltr'>vocavi</span> <span class='ocrx_word' id='word_1_16' title='bbox 1540 645 1664 741; x_wconf 85' lang='lat' dir='ltr'>episco-</span> 
     </span>
     <span class='ocr_line' id='line_1_3' title="bbox 349 769 1664 874; baseline -0.005 -24"><span class='ocrx_word' id='word_1_17' title='bbox 349 801 435 874; x_wconf 89' lang='lat' dir='ltr'>pum</span> <span class='ocrx_word' id='word_1_18' title='bbox 451 775 672 850; x_wconf 78' lang='lat' dir='ltr'><strong>cardinalem</strong></span> <span class='ocrx_word' id='word_1_19' title='bbox 688 797 753 871; x_wconf 93' lang='lat' dir='ltr'>per</span> <span class='ocrx_word' id='word_1_20' title='bbox 769 773 999 846; x_wconf 88' lang='lat' dir='ltr'>oblivionem.</span> <span class='ocrx_word' id='word_1_21' title='bbox 1019 771 1166 846; x_wconf 90' lang='lat' dir='ltr'>Interim</span> <span class='ocrx_word' id='word_1_22' title='bbox 1188 771 1341 845; x_wconf 89' lang='lat' dir='ltr'>diacono</span> <span class='ocrx_word' id='word_1_23' title='bbox 1362 770 1501 868; x_wconf 89' lang='lat' dir='ltr'>capelle</span> <span class='ocrx_word' id='word_1_24' title='bbox 1516 769 1664 867; x_wconf 85' lang='lat' dir='ltr'>imposita</span> 
     </span>
     <span class='ocr_line' id='line_1_4' title="bbox 349 895 1664 994; baseline -0.003 -20"><span class='ocrx_word' id='word_1_25' title='bbox 349 901 414 975; x_wconf 86' lang='lat' dir='ltr'>luit</span> <span class='ocrx_word' id='word_1_26' title='bbox 431 901 573 975; x_wconf 84' lang='lat' dir='ltr'>tobalea</span> <span class='ocrx_word' id='word_1_27' title='bbox 594 901 691 973; x_wconf 90' lang='lat' dir='ltr'>circa</span> <span class='ocrx_word' id='word_1_28' title='bbox 706 899 838 973; x_wconf 93' lang='lat' dir='ltr'>collum</span> <span class='ocrx_word' id='word_1_29' title='bbox 863 924 870 970; x_wconf 91' lang='lat'>:</span> <span class='ocrx_word' id='word_1_30' title='bbox 895 898 978 972; x_wconf 91' lang='lat' dir='ltr'>lotis</span> <span class='ocrx_word' id='word_1_31' title='bbox 1005 896 1184 983; x_wconf 89' lang='lat' dir='ltr'>manibus,</span> <span class='ocrx_word' id='word_1_32' title='bbox 1207 901 1315 994; x_wconf 89' lang='lat' dir='ltr'>Papa,</span> <span class='ocrx_word' id='word_1_33' title='bbox 1338 895 1486 968; x_wconf 88' lang='lat' dir='ltr'>dimissa</span> <span class='ocrx_word' id='word_1_34' title='bbox 1506 895 1616 987; x_wconf 87' lang='lat' dir='ltr'>mitra,</span> <span class='ocrx_word' id='word_1_35' title='bbox 1633 923 1664 970; x_wconf 88' lang='lat' dir='ltr'>se</span> 
     </span>
     <span class='ocr_line' id='line_1_5' title="bbox 348 1009 1664 1123; baseline -0.004 -24"><span class='ocrx_word' id='word_1_36' title='bbox 348 1027 525 1123; x_wconf 80' lang='lat' dir='ltr'><strong>profunde</strong></span> <span class='ocrx_word' id='word_1_37' title='bbox 544 1026 725 1100; x_wconf 86' lang='lat' dir='ltr'>inelinavit</span> <span class='ocrx_word' id='word_1_38' title='bbox 745 1029 971 1098; x_wconf 89' lang='lat' dir='ltr'>sacramento</span> <span class='ocrx_word' id='word_1_39' title='bbox 988 1023 1083 1121; x_wconf 88' lang='lat' dir='ltr'>quod</span> <span class='ocrx_word' id='word_1_40' title='bbox 1104 1022 1277 1096; x_wconf 91' lang='lat' dir='ltr'>diaconus</span> <span class='ocrx_word' id='word_1_41' title='bbox 1299 1046 1381 1096; x_wconf 91' lang='lat' dir='ltr'>cum</span> <span class='ocrx_word' id='word_1_42' title='bbox 1400 1009 1516 1096; x_wconf 86' lang='lat' dir='ltr'>calice</span> <span class='ocrx_word' id='word_1_43' title='bbox 1532 1023 1664 1118; x_wconf 76' lang='lat' dir='ltr'>crystal-</span> 
     </span>
     <span class='ocr_line' id='line_1_6' title="bbox 347 1147 1664 1249; baseline -0.003 -25"><span class='ocrx_word' id='word_1_44' title='bbox 347 1153 420 1226; x_wconf 90' lang='lat' dir='ltr'>lino</span> <span class='ocrx_word' id='word_1_45' title='bbox 444 1160 577 1249; x_wconf 87' lang='lat' dir='ltr'>patena</span> <span class='ocrx_word' id='word_1_46' title='bbox 603 1157 776 1249; x_wconf 87' lang='lat' dir='ltr'>cooperto</span> <span class='ocrx_word' id='word_1_47' title='bbox 803 1150 920 1248; x_wconf 92' lang='lat' dir='ltr'>primo</span> <span class='ocrx_word' id='word_1_48' title='bbox 954 1148 1115 1224; x_wconf 81' lang='lat' dir='ltr'>circuivit</span> <span class='ocrx_word' id='word_1_49' title='bbox 1143 1171 1244 1223; x_wconf 90' lang='lat' dir='ltr'>more</span> <span class='ocrx_word' id='word_1_50' title='bbox 1274 1147 1397 1238; x_wconf 89' lang='lat' dir='ltr'>solita,</span> <span class='ocrx_word' id='word_1_51' title='bbox 1428 1147 1559 1222; x_wconf 93' lang='lat' dir='ltr'>deinde</span> <span class='ocrx_word' id='word_1_52' title='bbox 1589 1173 1664 1246; x_wconf 92' lang='lat' dir='ltr'>pon-</span> 
     </span>
     <span class='ocr_line' id='line_1_7' title="bbox 349 1273 1664 1375; baseline -0.002 -26"><span class='ocrx_word' id='word_1_53' title='bbox 349 1277 436 1351; x_wconf 88' lang='lat' dir='ltr'>tifici</span> <span class='ocrx_word' id='word_1_54' title='bbox 457 1277 654 1375; x_wconf 78' lang='lat' dir='ltr'>apportavit</span> <span class='ocrx_word' id='word_1_55' title='bbox 677 1283 770 1351; x_wconf 89' lang='lat' dir='ltr'>etse</span> <span class='ocrx_word' id='word_1_56' title='bbox 794 1277 838 1350; x_wconf 89' lang='lat' dir='ltr'>ad</span> <span class='ocrx_word' id='word_1_57' title='bbox 862 1276 1042 1349; x_wconf 83' lang='lat' dir='ltr'>sinistram</span> <span class='ocrx_word' id='word_1_58' title='bbox 1062 1273 1242 1372; x_wconf 88' lang='lat' dir='ltr'>pontificis</span> <span class='ocrx_word' id='word_1_59' title='bbox 1261 1273 1403 1362; x_wconf 85' lang='lat' dir='ltr'>locarit,</span> <span class='ocrx_word' id='word_1_60' title='bbox 1427 1273 1563 1348; x_wconf 82' lang='lat' dir='ltr'>ibidem</span> <span class='ocrx_word' id='word_1_61' title='bbox 1584 1279 1664 1347; x_wconf 88' lang='lat' dir='ltr'>stans</span> 
     </span>
     <span class='ocr_line' id='line_1_8' title="bbox 350 1401 1664 1499; baseline -0.004 -23"><span class='ocrx_word' id='word_1_62' title='bbox 350 1427 461 1499; x_wconf 92' lang='lat' dir='ltr'>usque</span> <span class='ocrx_word' id='word_1_63' title='bbox 478 1403 647 1498; x_wconf 84' lang='lat' dir='ltr'>adfinem</span> <span class='ocrx_word' id='word_1_64' title='bbox 663 1401 948 1490; x_wconf 79' lang='lat' dir='ltr'>conrmunionis3</span> <span class='ocrx_word' id='word_1_65' title='bbox 966 1401 1055 1475; x_wconf 89' lang='lat' dir='ltr'>alias</span> <span class='ocrx_word' id='word_1_66' title='bbox 1071 1401 1276 1490; x_wconf 85' lang='lat' dir='ltr'>diaconum,</span> <span class='ocrx_word' id='word_1_67' title='bbox 1291 1401 1555 1475; x_wconf 83' lang='lat' dir='ltr'>subdiaconum</span> <span class='ocrx_word' id='word_1_68' title='bbox 1568 1401 1664 1474; x_wconf 89' lang='lat' dir='ltr'>secuti</span> 
     </span>
     <span class='ocr_line' id='line_1_9' title="bbox 348 1527 1664 1624; baseline -0.002 -24"><span class='ocrx_word' id='word_1_69' title='bbox 348 1529 491 1602; x_wconf 86' lang='lat' dir='ltr'>luerunt</span> <span class='ocrx_word' id='word_1_70' title='bbox 520 1528 590 1602; x_wconf 95' lang='lat' dir='ltr'>duo</span> <span class='ocrx_word' id='word_1_71' title='bbox 622 1529 804 1604; x_wconf 90' lang='lat' dir='ltr'>auditores</span> <span class='ocrx_word' id='word_1_72' title='bbox 831 1535 908 1602; x_wconf 87' lang='lat' dir='ltr'>rote</span> <span class='ocrx_word' id='word_1_73' title='bbox 942 1527 1237 1624; x_wconf 88' lang='lat' dir='ltr'>cummanipulo.</span> <span class='ocrx_word' id='word_1_74' title='bbox 1269 1529 1360 1600; x_wconf 90' lang='lat' dir='ltr'>Tum</span> <span class='ocrx_word' id='word_1_75' title='bbox 1389 1527 1483 1601; x_wconf 89' lang='lat' dir='ltr'>sedit</span> <span class='ocrx_word' id='word_1_76' title='bbox 1508 1527 1664 1624; x_wconf 75' lang='lat' dir='ltr'>pontifex,</span> 
     </span>
     <span class='ocr_line' id='line_1_10' title="bbox 349 1653 1666 1750; baseline -0.002 -23"><span class='ocrx_word' id='word_1_77' title='bbox 349 1662 497 1750; x_wconf 87' lang='lat' dir='ltr'>accepto</span> <span class='ocrx_word' id='word_1_78' title='bbox 520 1653 635 1727; x_wconf 91' lang='lat' dir='ltr'>bireto</span> <span class='ocrx_word' id='word_1_79' title='bbox 666 1659 816 1743; x_wconf 91' lang='lat' dir='ltr'>tantum,</span> <span class='ocrx_word' id='word_1_80' title='bbox 847 1659 882 1728; x_wconf 91' lang='lat' dir='ltr'>et</span> <span class='ocrx_word' id='word_1_81' title='bbox 906 1655 1185 1728; x_wconf 87' lang='lat' dir='ltr'>communicarit</span> <span class='ocrx_word' id='word_1_82' title='bbox 1208 1653 1326 1750; x_wconf 90' lang='lat' dir='ltr'>primo</span> <span class='ocrx_word' id='word_1_83' title='bbox 1350 1653 1524 1728; x_wconf 91' lang='lat' dir='ltr'>diaconos</span> <span class='ocrx_word' id='word_1_84' title='bbox 1556 1676 1666 1728; x_wconf 84' lang='lat' dir='ltr'>omnes</span> 
     </span>
     <span class='ocr_line' id='line_1_11' title="bbox 348 1761 1665 1878; baseline -0.001 -27"><span class='ocrx_word' id='word_1_85' title='bbox 348 1778 561 1868; x_wconf 76' lang='lat' dir='ltr'>cardinales,</span> <span class='ocrx_word' id='word_1_86' title='bbox 596 1786 671 1852; x_wconf 94' lang='lat' dir='ltr'>tum</span> <span class='ocrx_word' id='word_1_87' title='bbox 707 1779 838 1854; x_wconf 91' lang='lat' dir='ltr'>ducem</span> <span class='ocrx_word' id='word_1_88' title='bbox 867 1780 1048 1872; x_wconf 80' lang='lat' dir='ltr'>Ferraria,</span> <span class='ocrx_word' id='word_1_89' title='bbox 1081 1779 1309 1878; x_wconf 88' lang='lat' dir='ltr'>capitaneum</span> <span class='ocrx_word' id='word_1_90' title='bbox 1345 1779 1523 1870; x_wconf 87' lang='lat' dir='ltr'>Ecclesie,</span> <span class='ocrx_word' id='word_1_91' title='bbox 1552 1761 1665 1853; x_wconf 81' lang='lat' dir='ltr'>duceni</span> 
     </span>
     <span class='ocr_line' id='line_1_12' title="bbox 349 1905 1663 2001; baseline 0.001 -25"><span class='ocrx_word' id='word_1_92' title='bbox 349 1907 452 1992; x_wconf 84' lang='lat' dir='ltr'>Sora,</span> <span class='ocrx_word' id='word_1_93' title='bbox 478 1905 743 2001; x_wconf 89' lang='lat' dir='ltr'>protonotarios</span> <span class='ocrx_word' id='word_1_94' title='bbox 773 1905 982 1980; x_wconf 89' lang='lat' dir='ltr'>assistentes</span> <span class='ocrx_word' id='word_1_95' title='bbox 1010 1905 1140 1980; x_wconf 86' lang='lat' dir='ltr'>deinde</span> <span class='ocrx_word' id='word_1_96' title='bbox 1163 1905 1252 1980; x_wconf 89' lang='lat' dir='ltr'>alios</span> <span class='ocrx_word' id='word_1_97' title='bbox 1279 1929 1380 1980; x_wconf 92' lang='lat' dir='ltr'>more</span> <span class='ocrx_word' id='word_1_98' title='bbox 1405 1906 1527 1980; x_wconf 89' lang='lat' dir='ltr'>solito.</span> <span class='ocrx_word' id='word_1_99' title='bbox 1555 1905 1663 1980; x_wconf 84' lang='lat' dir='ltr'>Cardi-</span> 
     </span>
     <span class='ocr_line' id='line_1_13' title="bbox 349 2029 1666 2127; baseline -0.001 -27"><span class='ocrx_word' id='word_1_100' title='bbox 349 2029 449 2103; x_wconf 88' lang='lat' dir='ltr'>nales</span> <span class='ocrx_word' id='word_1_101' title='bbox 476 2029 626 2104; x_wconf 88' lang='lat' dir='ltr'>osculati</span> <span class='ocrx_word' id='word_1_102' title='bbox 648 2029 795 2105; x_wconf 87' lang='lat' dir='ltr'>luerunt</span> <span class='ocrx_word' id='word_1_103' title='bbox 815 2037 898 2106; x_wconf 90' lang='lat' dir='ltr'>ante</span> <span class='ocrx_word' id='word_1_104' title='bbox 924 2030 1221 2105; x_wconf 90' lang='lat' dir='ltr'>communionem</span> <span class='ocrx_word' id='word_1_105' title='bbox 1243 2053 1391 2104; x_wconf 86' lang='lat' dir='ltr'>manum</span> <span class='ocrx_word' id='word_1_106' title='bbox 1415 2033 1516 2127; x_wconf 88' lang='lat' dir='ltr'>Pape</span> <span class='ocrx_word' id='word_1_107' title='bbox 1541 2035 1666 2126; x_wconf 88' lang='lat' dir='ltr'>etpost</span> 
     </span>
     <span class='ocr_line' id='line_1_14' title="bbox 349 2153 1665 2252; baseline 0.001 -26"><span class='ocrx_word' id='word_1_108' title='bbox 349 2153 645 2229; x_wconf 89' lang='lat' dir='ltr'>communionem</span> <span class='ocrx_word' id='word_1_109' title='bbox 668 2179 729 2247; x_wconf 85' lang='lat' dir='ltr'>os;</span> <span class='ocrx_word' id='word_1_110' title='bbox 753 2155 812 2230; x_wconf 90' lang='lat' dir='ltr'>alii</span> <span class='ocrx_word' id='word_1_111' title='bbox 835 2180 962 2230; x_wconf 90' lang='lat' dir='ltr'>omnes</span> <span class='ocrx_word' id='word_1_112' title='bbox 989 2163 1071 2230; x_wconf 89' lang='lat' dir='ltr'>ante</span> <span class='ocrx_word' id='word_1_113' title='bbox 1091 2155 1388 2230; x_wconf 89' lang='lat' dir='ltr'>communionem</span> <span class='ocrx_word' id='word_1_114' title='bbox 1411 2177 1563 2229; x_wconf 86' lang='lat' dir='ltr'>manum</span> <span class='ocrx_word' id='word_1_115' title='bbox 1585 2157 1665 2252; x_wconf 84' lang='lat' dir='ltr'>Papo</span> 
     </span>
     <span class='ocr_line' id='line_1_15' title="bbox 351 2279 1665 2378; baseline -0.002 -25"><span class='ocrx_word' id='word_1_116' title='bbox 351 2285 386 2354; x_wconf 91' lang='lat' dir='ltr'>et</span> <span class='ocrx_word' id='word_1_117' title='bbox 412 2287 495 2378; x_wconf 94' lang='lat' dir='ltr'>post</span> <span class='ocrx_word' id='word_1_118' title='bbox 527 2279 825 2355; x_wconf 89' lang='lat' dir='ltr'>communionem</span> <span class='ocrx_word' id='word_1_119' title='bbox 851 2282 953 2355; x_wconf 89' lang='lat' dir='ltr'>nibil.</span> <span class='ocrx_word' id='word_1_120' title='bbox 990 2281 1238 2356; x_wconf 81' lang='lat' dir='ltr'>subdiaconus</span> <span class='ocrx_word' id='word_1_121' title='bbox 1274 2280 1411 2378; x_wconf 89' lang='lat' dir='ltr'>capelle</span> <span class='ocrx_word' id='word_1_122' title='bbox 1447 2287 1550 2355; x_wconf 88' lang='lat' dir='ltr'>stans</span> <span class='ocrx_word' id='word_1_123' title='bbox 1577 2281 1665 2378; x_wconf 83' lang='lat' dir='ltr'>juxta</span> 
     </span>
     <span class='ocr_line' id='line_1_16' title="bbox 352 2405 1665 2508; baseline 0.002 -30"><span class='ocrx_word' id='word_1_124' title='bbox 352 2405 559 2480; x_wconf 87' lang='lat' dir='ltr'>columnam</span> <span class='ocrx_word' id='word_1_125' title='bbox 593 2407 629 2480; x_wconf 96' lang='lat' dir='ltr'>in</span> <span class='ocrx_word' id='word_1_126' title='bbox 656 2429 768 2482; x_wconf 90' lang='lat' dir='ltr'>cornu</span> <span class='ocrx_word' id='word_1_127' title='bbox 798 2409 949 2506; x_wconf 91' lang='lat' dir='ltr'>epistole</span> <span class='ocrx_word' id='word_1_128' title='bbox 984 2408 1186 2508; x_wconf 86' lang='lat' dir='ltr'>purificavit</span> <span class='ocrx_word' id='word_1_129' title='bbox 1217 2405 1509 2483; x_wconf 87' lang='lat' dir='ltr'>communicatos</span> <span class='ocrx_word' id='word_1_130' title='bbox 1537 2429 1665 2481; x_wconf 85' lang='lat' dir='ltr'>omncs.</span> 
     </span>
     <span class='ocr_line' id='line_1_17' title="bbox 354 2529 1668 2631; baseline 0.001 -29"><span class='ocrx_word' id='word_1_131' title='bbox 354 2529 464 2603; x_wconf 85' lang='lat' dir='ltr'>etiam</span> <span class='ocrx_word' id='word_1_132' title='bbox 486 2529 701 2620; x_wconf 87' lang='lat' dir='ltr'>cardinales,</span> <span class='ocrx_word' id='word_1_133' title='bbox 723 2531 864 2606; x_wconf 89' lang='lat' dir='ltr'>clericis</span> <span class='ocrx_word' id='word_1_134' title='bbox 885 2531 1022 2631; x_wconf 90' lang='lat' dir='ltr'>capelle</span> <span class='ocrx_word' id='word_1_135' title='bbox 1044 2533 1110 2606; x_wconf 91' lang='lat' dir='ltr'>sibi</span> <span class='ocrx_word' id='word_1_136' title='bbox 1134 2533 1256 2606; x_wconf 88' lang='lat' dir='ltr'>vinum</span> <span class='ocrx_word' id='word_1_137' title='bbox 1276 2533 1311 2605; x_wconf 92' lang='lat' dir='ltr'>in</span> <span class='ocrx_word' id='word_1_138' title='bbox 1328 2531 1483 2606; x_wconf 89' lang='lat' dir='ltr'>calicem</span> <span class='ocrx_word' id='word_1_139' title='bbox 1497 2531 1668 2605; x_wconf 81' lang='lat' dir='ltr'>infunden-</span> 
     </span>
     <span class='ocr_line' id='line_1_18' title="bbox 351 2653 1666 2754; baseline 0.002 -29"><span class='ocrx_word' id='word_1_140' title='bbox 351 2653 458 2728; x_wconf 91' lang='lat' dir='ltr'>tibus.</span> <span class='ocrx_word' id='word_1_141' title='bbox 487 2655 659 2730; x_wconf 90' lang='lat' dir='ltr'>Senensis</span> <span class='ocrx_word' id='word_1_142' title='bbox 680 2657 778 2754; x_wconf 91' lang='lat' dir='ltr'>prior</span> <span class='ocrx_word' id='word_1_143' title='bbox 800 2658 973 2732; x_wconf 86' lang='lat' dir='ltr'>assistens</span> <span class='ocrx_word' id='word_1_144' title='bbox 995 2659 1141 2733; x_wconf 91' lang='lat' dir='ltr'>tenebat</span> <span class='ocrx_word' id='word_1_145' title='bbox 1163 2666 1333 2754; x_wconf 90' lang='lat' dir='ltr'>patenam</span> <span class='ocrx_word' id='word_1_146' title='bbox 1352 2681 1434 2732; x_wconf 90' lang='lat' dir='ltr'>cum</span> <span class='ocrx_word' id='word_1_147' title='bbox 1453 2663 1666 2733; x_wconf 88' lang='lat' dir='ltr'>sacramento</span> 
     </span>
     <span class='ocr_line' id='line_1_19' title="bbox 354 2779 1667 2881; baseline 0.002 -27"><span class='ocrx_word' id='word_1_148' title='bbox 354 2781 511 2879; x_wconf 89' lang='lat' dir='ltr'>desuper</span> <span class='ocrx_word' id='word_1_149' title='bbox 533 2779 666 2879; x_wconf 89' lang='lat' dir='ltr'>posito,</span> <span class='ocrx_word' id='word_1_150' title='bbox 694 2781 852 2857; x_wconf 89' lang='lat' dir='ltr'>sednon</span> <span class='ocrx_word' id='word_1_151' title='bbox 873 2783 1105 2858; x_wconf 88' lang='lat' dir='ltr'>submittebat</span> <span class='ocrx_word' id='word_1_152' title='bbox 1127 2807 1208 2859; x_wconf 89' lang='lat' dir='ltr'>eam</span> <span class='ocrx_word' id='word_1_153' title='bbox 1229 2807 1338 2858; x_wconf 90' lang='lat' dir='ltr'>manu</span> <span class='ocrx_word' id='word_1_154' title='bbox 1358 2785 1455 2881; x_wconf 90' lang='lat' dir='ltr'>Pape</span> <span class='ocrx_word' id='word_1_155' title='bbox 1481 2808 1566 2859; x_wconf 90' lang='lat' dir='ltr'>cum</span> <span class='ocrx_word' id='word_1_156' title='bbox 1585 2805 1667 2858; x_wconf 88' lang='lat' dir='ltr'>com·</span> 
     </span>
     <span class='ocr_line' id='line_1_20' title="bbox 349 2887 1734 3007; baseline -0.004 -27"><span class='ocrx_word' id='word_1_157' title='bbox 349 2905 550 2980; x_wconf 89' lang='lat' dir='ltr'>municaret</span> <span class='ocrx_word' id='word_1_158' title='bbox 575 2935 581 2979; x_wconf 93' lang='lat'>:</span> <span class='ocrx_word' id='word_1_159' title='bbox 609 2905 673 2979; x_wconf 92' lang='lat' dir='ltr'>sed</span> <span class='ocrx_word' id='word_1_160' title='bbox 700 2905 776 2980; x_wconf 92' lang='lat' dir='ltr'>sine</span> <span class='ocrx_word' id='word_1_161' title='bbox 810 2929 943 3007; x_wconf 84' lang='lat' dir='ltr'>magno</span> <span class='ocrx_word' id='word_1_162' title='bbox 969 2908 1131 3006; x_wconf 92' lang='lat' dir='ltr'>periculo</span> <span class='ocrx_word' id='word_1_163' title='bbox 1155 2909 1271 2982; x_wconf 87' lang='lat' dir='ltr'>visum</span> <span class='ocrx_word' id='word_1_164' title='bbox 1294 2913 1349 2982; x_wconf 88' lang='lat' dir='ltr'>est</span> <span class='ocrx_word' id='word_1_165' title='bbox 1375 2916 1571 3005; x_wconf 88' lang='lat' dir='ltr'>propterea</span> <span class='ocrx_word' id='word_1_166' title='bbox 1591 2905 1664 2979; x_wconf 87' lang='lat' dir='ltr'>mibi</span> <span class='ocrx_word' id='word_1_167' title='bbox 1733 2887 1734 2962; x_wconf 67' lang='grc' dir='ltr'><em>ἒ</em></span> 
     </span>
     <span class='ocr_line' id='line_1_21' title="bbox 349 3031 1666 3132; baseline -0.003 -26"><span class='ocrx_word' id='word_1_168' title='bbox 349 3032 538 3108; x_wconf 84' lang='lat' dir='ltr'>convenire</span> <span class='ocrx_word' id='word_1_169' title='bbox 568 3031 597 3105; x_wconf 91' lang='lat' dir='ltr'>si</span> <span class='ocrx_word' id='word_1_170' title='bbox 627 3031 695 3105; x_wconf 90' lang='lat' dir='ltr'>due</span> <span class='ocrx_word' id='word_1_171' title='bbox 727 3039 856 3130; x_wconf 91' lang='lat' dir='ltr'>patene</span> <span class='ocrx_word' id='word_1_172' title='bbox 892 3033 1096 3108; x_wconf 87' lang='lat' dir='ltr'>habeantur</span> <span class='ocrx_word' id='word_1_173' title='bbox 1130 3057 1280 3132; x_wconf 87' lang='lat' dir='ltr'>quarum</span> <span class='ocrx_word' id='word_1_174' title='bbox 1314 3057 1386 3108; x_wconf 89' lang='lat' dir='ltr'>una</span> <span class='ocrx_word' id='word_1_175' title='bbox 1418 3033 1537 3108; x_wconf 90' lang='lat' dir='ltr'>libera</span> <span class='ocrx_word' id='word_1_176' title='bbox 1566 3031 1666 3106; x_wconf 92' lang='lat' dir='ltr'>conti-</span> 
     </span>
     <span class='ocr_line' id='line_1_22' title="bbox 348 3157 1665 3255; baseline -0.004 -25"><span class='ocrx_word' id='word_1_177' title='bbox 348 3179 547 3231; x_wconf 89' lang='lat' dir='ltr'>nuomanu</span> <span class='ocrx_word' id='word_1_178' title='bbox 580 3157 762 3254; x_wconf 90' lang='lat' dir='ltr'>pontilicis</span> <span class='ocrx_word' id='word_1_179' title='bbox 795 3165 1036 3255; x_wconf 89' lang='lat' dir='ltr'>supponatur.</span> <span class='ocrx_word' id='word_1_180' title='bbox 1062 3159 1346 3233; x_wconf 85' lang='lat' dir='ltr'>Communicatis</span> <span class='ocrx_word' id='word_1_181' title='bbox 1381 3157 1620 3232; x_wconf 87' lang='lat' dir='ltr'>cardinalibus</span> <span class='ocrx_word' id='word_1_182' title='bbox 1639 3161 1665 3228; x_wconf 87' lang='lat' dir='ltr'>et</span> 
     </span>
     <span class='ocr_line' id='line_1_23' title="bbox 318 3281 1666 3382; baseline -0.002 -27"><span class='ocrx_word' id='word_1_183' title='bbox 318 3295 322 3303; x_wconf 85' lang='lat'>&#39;</span> <span class='ocrx_word' id='word_1_184' title='bbox 347 3282 439 3356; x_wconf 91' lang='lat' dir='ltr'>duce</span> <span class='ocrx_word' id='word_1_185' title='bbox 455 3282 633 3373; x_wconf 84' lang='lat' dir='ltr'>Ferraria,</span> <span class='ocrx_word' id='word_1_186' title='bbox 657 3291 885 3382; x_wconf 87' lang='lat' dir='ltr'>apportatum</span> <span class='ocrx_word' id='word_1_187' title='bbox 906 3284 1101 3360; x_wconf 89' lang='lat' dir='ltr'>scabellum</span> <span class='ocrx_word' id='word_1_188' title='bbox 1126 3285 1323 3360; x_wconf 87' lang='lat' dir='ltr'>celebranti</span> <span class='ocrx_word' id='word_1_189' title='bbox 1345 3284 1383 3358; x_wconf 91' lang='lat' dir='ltr'>in</span> <span class='ocrx_word' id='word_1_190' title='bbox 1399 3307 1515 3359; x_wconf 90' lang='lat' dir='ltr'>cornu</span> <span class='ocrx_word' id='word_1_191' title='bbox 1533 3281 1666 3381; x_wconf 82' lang='lat' dir='ltr'>epistole</span> 
     </span>
     <span class='ocr_line' id='line_1_24' title="bbox 347 3407 1666 3508; baseline 0 -29"><span class='ocrx_word' id='word_1_192' title='bbox 347 3429 540 3505; x_wconf 88' lang='lat' dir='ltr'>superque</span> <span class='ocrx_word' id='word_1_193' title='bbox 557 3407 648 3481; x_wconf 87' lang='lat' dir='ltr'>sedit</span> <span class='ocrx_word' id='word_1_194' title='bbox 671 3415 707 3481; x_wconf 92' lang='lat' dir='ltr'>et</span> <span class='ocrx_word' id='word_1_195' title='bbox 723 3409 816 3485; x_wconf 89' lang='lat' dir='ltr'>male</span> <span class='ocrx_word' id='word_1_196' title='bbox 835 3435 949 3508; x_wconf 88' lang='lat' dir='ltr'>usque</span> <span class='ocrx_word' id='word_1_197' title='bbox 970 3413 1015 3486; x_wconf 87' lang='lat' dir='ltr'>ad</span> <span class='ocrx_word' id='word_1_198' title='bbox 1038 3411 1149 3486; x_wconf 90' lang='lat' dir='ltr'>tinem</span> <span class='ocrx_word' id='word_1_199' title='bbox 1169 3409 1450 3486; x_wconf 89' lang='lat' dir='ltr'>communionis.</span> <span class='ocrx_word' id='word_1_200' title='bbox 1475 3409 1545 3483; x_wconf 84' lang='lat' dir='ltr'>Alii</span> <span class='ocrx_word' id='word_1_201' title='bbox 1562 3411 1666 3482; x_wconf 85' lang='lat' dir='ltr'>autern</span> 
     </span>
     <span class='ocr_line' id='line_1_25' title="bbox 346 3533 1665 3636; baseline -0.003 -30"><span class='ocrx_word' id='word_1_202' title='bbox 346 3533 546 3607; x_wconf 88' lang='lat' dir='ltr'>cardinales</span> <span class='ocrx_word' id='word_1_203' title='bbox 576 3534 736 3632; x_wconf 90' lang='lat' dir='ltr'>episcopi</span> <span class='ocrx_word' id='word_1_204' title='bbox 771 3537 1036 3635; x_wconf 84' lang='lat' dir='ltr'>etpresbyteri</span> <span class='ocrx_word' id='word_1_205' title='bbox 1070 3537 1349 3636; x_wconf 82' lang='lat' dir='ltr'>genutlexemnt</span> <span class='ocrx_word' id='word_1_206' title='bbox 1376 3535 1481 3633; x_wconf 88' lang='lat' dir='ltr'>quasi</span> <span class='ocrx_word' id='word_1_207' title='bbox 1515 3535 1665 3632; x_wconf 89' lang='lat' dir='ltr'>jacentes</span> 
     </span>
     <span class='ocr_line' id='line_1_26' title="bbox 350 3657 1733 3760; baseline -0.003 -33"><span class='ocrx_word' id='word_1_208' title='bbox 350 3677 423 3728; x_wconf 90' lang='lat' dir='ltr'>non</span> <span class='ocrx_word' id='word_1_209' title='bbox 459 3681 503 3730; x_wconf 86' lang='lat' dir='ltr'>ex</span> <span class='ocrx_word' id='word_1_210' title='bbox 542 3657 730 3732; x_wconf 87' lang='lat' dir='ltr'>devotione</span> <span class='ocrx_word' id='word_1_211' title='bbox 766 3659 832 3734; x_wconf 92' lang='lat' dir='ltr'>sed</span> <span class='ocrx_word' id='word_1_212' title='bbox 863 3661 1120 3737; x_wconf 89' lang='lat' dir='ltr'>commoditate</span> <span class='ocrx_word' id='word_1_213' title='bbox 1155 3687 1163 3736; x_wconf 92' lang='lat'>:</span> <span class='ocrx_word' id='word_1_214' title='bbox 1194 3662 1313 3760; x_wconf 91' lang='lat' dir='ltr'>potius</span> <span class='ocrx_word' id='word_1_215' title='bbox 1354 3659 1452 3734; x_wconf 90' lang='lat' dir='ltr'>enim</span> <span class='ocrx_word' id='word_1_216' title='bbox 1495 3657 1665 3732; x_wconf 81' lang='lat' dir='ltr'>voluerunt</span> <span class='ocrx_word' id='word_1_217' title='bbox 1732 3733 1733 3738; x_wconf 7' lang='grc' dir='ltr'><strong>Ἰ</strong></span> 
     </span>
     <span class='ocr_line' id='line_1_27' title="bbox 349 3779 1733 3891; baseline -0.001 -39"><span class='ocrx_word' id='word_1_218' title='bbox 349 3803 387 3853; x_wconf 93' lang='lat' dir='ltr'>se</span> <span class='ocrx_word' id='word_1_219' title='bbox 404 3781 528 3878; x_wconf 87' lang='lat' dir='ltr'>jacere</span> <span class='ocrx_word' id='word_1_220' title='bbox 555 3805 664 3879; x_wconf 91' lang='lat' dir='ltr'>quam</span> <span class='ocrx_word' id='word_1_221' title='bbox 693 3793 801 3861; x_wconf 88' lang='lat' dir='ltr'>staro.</span> <span class='ocrx_word' id='word_1_222' title='bbox 838 3787 988 3862; x_wconf 88' lang='lat' dir='ltr'>Diaconi</span> <span class='ocrx_word' id='word_1_223' title='bbox 1012 3811 1098 3863; x_wconf 84' lang='lat' dir='ltr'>vero</span> <span class='ocrx_word' id='word_1_224' title='bbox 1128 3789 1271 3863; x_wconf 88' lang='lat' dir='ltr'>stabant</span> <span class='ocrx_word' id='word_1_225' title='bbox 1294 3785 1463 3860; x_wconf 90' lang='lat' dir='ltr'>similiter</span> <span class='ocrx_word' id='word_1_226' title='bbox 1493 3790 1530 3858; x_wconf 90' lang='lat' dir='ltr'>et</span> <span class='ocrx_word' id='word_1_227' title='bbox 1557 3779 1665 3881; x_wconf 90' lang='lat' dir='ltr'>prelati</span> <span class='ocrx_word' id='word_1_228' title='bbox 1732 3815 1733 3891; x_wconf 27' lang='grc' dir='ltr'>ᾗ</span> 
     </span>
     <span class='ocr_line' id='line_1_28' title="bbox 347 3905 1664 4004; baseline 0 -27"><span class='ocrx_word' id='word_1_229' title='bbox 347 3905 523 4001; x_wconf 90' lang='lat' dir='ltr'>capellani</span> <span class='ocrx_word' id='word_1_230' title='bbox 548 3915 699 4004; x_wconf 88' lang='lat' dir='ltr'>quatuor</span> <span class='ocrx_word' id='word_1_231' title='bbox 724 3910 907 3986; x_wconf 87' lang='lat' dir='ltr'>intorticia</span> <span class='ocrx_word' id='word_1_232' title='bbox 930 3919 1097 3988; x_wconf 90' lang='lat' dir='ltr'>tenentes</span> <span class='ocrx_word' id='word_1_233' title='bbox 1123 3913 1184 3988; x_wconf 91' lang='lat' dir='ltr'>illa</span> <span class='ocrx_word' id='word_1_234' title='bbox 1210 3915 1405 3986; x_wconf 90' lang='lat' dir='ltr'>tenuerunt</span> <span class='ocrx_word' id='word_1_235' title='bbox 1428 3910 1517 3984; x_wconf 91' lang='lat' dir='ltr'>hinc</span> <span class='ocrx_word' id='word_1_236' title='bbox 1541 3915 1577 3983; x_wconf 89' lang='lat' dir='ltr'>ct</span> <span class='ocrx_word' id='word_1_237' title='bbox 1595 3905 1664 3980; x_wconf 88' lang='lat' dir='ltr'>inde</span> 
     </span>
     <span class='ocr_line' id='line_1_29' title="bbox 340 4027 1664 4134; baseline 0.001 -31"><span class='ocrx_word' id='word_1_238' title='bbox 340 4030 444 4128; x_wconf 85' lang='lat' dir='ltr'>juxta</span> <span class='ocrx_word' id='word_1_239' title='bbox 462 4027 572 4108; x_wconf 88' lang='lat' dir='ltr'>altare</span> <span class='ocrx_word' id='word_1_240' title='bbox 590 4035 771 4131; x_wconf 81' lang='lat' dir='ltr'>genutlexi</span> <span class='ocrx_word' id='word_1_241' title='bbox 794 4059 908 4134; x_wconf 88' lang='lat' dir='ltr'>usque</span> <span class='ocrx_word' id='word_1_242' title='bbox 932 4039 976 4112; x_wconf 92' lang='lat' dir='ltr'>ad</span> <span class='ocrx_word' id='word_1_243' title='bbox 997 4040 1109 4113; x_wconf 89' lang='lat' dir='ltr'>finem</span> <span class='ocrx_word' id='word_1_244' title='bbox 1135 4035 1416 4113; x_wconf 89' lang='lat' dir='ltr'>communionis.</span> <span class='ocrx_word' id='word_1_245' title='bbox 1441 4035 1560 4109; x_wconf 87' lang='lat' dir='ltr'>Finita</span> <span class='ocrx_word' id='word_1_246' title='bbox 1582 4055 1664 4108; x_wconf 83' lang='lat' dir='ltr'>conr·</span> 
     </span>
     <span class='ocr_line' id='line_1_30' title="bbox 345 4157 1661 4260; baseline -0.001 -31"><span class='ocrx_word' id='word_1_247' title='bbox 345 4157 530 4249; x_wconf 87' lang='lat' dir='ltr'>munione,</span> <span class='ocrx_word' id='word_1_248' title='bbox 544 4159 718 4235; x_wconf 89' lang='lat' dir='ltr'>diaconus</span> <span class='ocrx_word' id='word_1_249' title='bbox 738 4163 934 4260; x_wconf 91' lang='lat' dir='ltr'>reportavit</span> <span class='ocrx_word' id='word_1_250' title='bbox 957 4163 1108 4238; x_wconf 89' lang='lat' dir='ltr'>calicem</span> <span class='ocrx_word' id='word_1_251' title='bbox 1132 4186 1216 4238; x_wconf 90' lang='lat' dir='ltr'>cum</span> <span class='ocrx_word' id='word_1_252' title='bbox 1240 4161 1369 4236; x_wconf 92' lang='lat' dir='ltr'>hostiis</span> <span class='ocrx_word' id='word_1_253' title='bbox 1391 4183 1503 4257; x_wconf 88' lang='lat' dir='ltr'>snper</span> <span class='ocrx_word' id='word_1_254' title='bbox 1518 4157 1661 4234; x_wconf 87' lang='lat' dir='ltr'>altarein</span> 
     </span>
     <span class='ocr_line' id='line_1_31' title="bbox 344 4278 1662 4386; baseline 0.002 -32"><span class='ocrx_word' id='word_1_255' title='bbox 344 4278 464 4357; x_wconf 91' lang='lat' dir='ltr'>locum</span> <span class='ocrx_word' id='word_1_256' title='bbox 476 4283 679 4380; x_wconf 92' lang='lat' dir='ltr'>pristinum.</span> <span class='ocrx_word' id='word_1_257' title='bbox 699 4289 789 4359; x_wconf 89' lang='lat' dir='ltr'>Turn</span> <span class='ocrx_word' id='word_1_258' title='bbox 814 4287 966 4362; x_wconf 90' lang='lat' dir='ltr'>accessit</span> <span class='ocrx_word' id='word_1_259' title='bbox 987 4288 1031 4360; x_wconf 92' lang='lat' dir='ltr'>ad</span> <span class='ocrx_word' id='word_1_260' title='bbox 1053 4287 1265 4386; x_wconf 88' lang='lat' dir='ltr'>pontificem</span> <span class='ocrx_word' id='word_1_261' title='bbox 1283 4287 1475 4362; x_wconf 86' lang='lat' dir='ltr'>cardinalis</span> <span class='ocrx_word' id='word_1_262' title='bbox 1491 4287 1662 4361; x_wconf 83' lang='lat' dir='ltr'>Recbana·</span> 
     </span>
     <span class='ocr_line' id='line_1_32' title="bbox 345 4408 1660 4511; baseline 0.001 -32"><span class='ocrx_word' id='word_1_263' title='bbox 345 4408 456 4482; x_wconf 90' lang='lat' dir='ltr'>tensis</span> <span class='ocrx_word' id='word_1_264' title='bbox 470 4408 571 4507; x_wconf 92' lang='lat' dir='ltr'>prior</span> <span class='ocrx_word' id='word_1_265' title='bbox 588 4411 884 4509; x_wconf 81' lang='lat' dir='ltr'>presbyterorum</span> <span class='ocrx_word' id='word_1_266' title='bbox 905 4413 1156 4504; x_wconf 88' lang='lat' dir='ltr'>cardinalium,</span> <span class='ocrx_word' id='word_1_267' title='bbox 1175 4419 1211 4488; x_wconf 92' lang='lat' dir='ltr'>et</span> <span class='ocrx_word' id='word_1_268' title='bbox 1228 4419 1310 4511; x_wconf 90' lang='lat' dir='ltr'>post</span> <span class='ocrx_word' id='word_1_269' title='bbox 1325 4436 1412 4487; x_wconf 87' lang='lat' dir='ltr'>eum</span> <span class='ocrx_word' id='word_1_270' title='bbox 1427 4412 1577 4486; x_wconf 90' lang='lat' dir='ltr'>sacrista</span> <span class='ocrx_word' id='word_1_271' title='bbox 1591 4429 1660 4484; x_wconf 88' lang='lat' dir='ltr'>cum</span> 
     </span>
     <span class='ocr_line' id='line_1_33' title="bbox 345 4533 1657 4636; baseline 0.008 -33"><span class='ocrx_word' id='word_1_272' title='bbox 345 4535 437 4606; x_wconf 85' lang='lat' dir='ltr'>tazza</span> <span class='ocrx_word' id='word_1_273' title='bbox 450 4539 486 4607; x_wconf 91' lang='lat' dir='ltr'>et</span> <span class='ocrx_word' id='word_1_274' title='bbox 501 4533 579 4607; x_wconf 89' lang='lat' dir='ltr'>aliis</span> <span class='ocrx_word' id='word_1_275' title='bbox 594 4559 660 4632; x_wconf 91' lang='lat' dir='ltr'>pro</span> <span class='ocrx_word' id='word_1_276' title='bbox 673 4536 858 4612; x_wconf 89' lang='lat' dir='ltr'>credentia</span> <span class='ocrx_word' id='word_1_277' title='bbox 874 4563 916 4612; x_wconf 86' lang='lat' dir='ltr'>ac</span> <span class='ocrx_word' id='word_1_278' title='bbox 929 4538 1174 4636; x_wconf 87' lang='lat' dir='ltr'>purificatorio</span> <span class='ocrx_word' id='word_1_279' title='bbox 1191 4545 1226 4612; x_wconf 90' lang='lat' dir='ltr'>et</span> <span class='ocrx_word' id='word_1_280' title='bbox 1240 4561 1308 4636; x_wconf 83' lang='lat' dir='ltr'>ego</span> <span class='ocrx_word' id='word_1_281' title='bbox 1319 4561 1402 4612; x_wconf 89' lang='lat' dir='ltr'>cnm</span> <span class='ocrx_word' id='word_1_282' title='bbox 1416 4533 1657 4636; x_wconf 84' lang='lat' dir='ltr'>ampullarini:</span> 
     </span>
     <span class='ocr_line' id='line_1_34' title="bbox 344 4646 1659 4760; baseline -0.001 -30"><span class='ocrx_word' id='word_1_283' title='bbox 344 4665 393 4749; x_wconf 91' lang='lat' dir='ltr'>et,</span> <span class='ocrx_word' id='word_1_284' title='bbox 411 4658 503 4733; x_wconf 84' lang='lat' dir='ltr'>tacta</span> <span class='ocrx_word' id='word_1_285' title='bbox 516 4646 701 4734; x_wconf 88' lang='lat' dir='ltr'>credentia</span> <span class='ocrx_word' id='word_1_286' title='bbox 715 4683 756 4737; x_wconf 90' lang='lat' dir='ltr'>ac</span> <span class='ocrx_word' id='word_1_287' title='bbox 774 4663 1020 4760; x_wconf 85' lang='lat' dir='ltr'>purificatorio</span> <span class='ocrx_word' id='word_1_288' title='bbox 1037 4687 1103 4760; x_wconf 90' lang='lat' dir='ltr'>per</span> <span class='ocrx_word' id='word_1_289' title='bbox 1124 4662 1312 4737; x_wconf 89' lang='lat' dir='ltr'>sacristam</span> <span class='ocrx_word' id='word_1_290' title='bbox 1333 4664 1394 4760; x_wconf 94' lang='lat' dir='ltr'>qui</span> <span class='ocrx_word' id='word_1_291' title='bbox 1413 4661 1659 4760; x_wconf 89' lang='lat' dir='ltr'>superpelliceo</span> 
     </span>
     <span class='ocr_line' id='line_1_35' title="bbox 342 4780 1658 4887; baseline 0.002 -34"><span class='ocrx_word' id='word_1_292' title='bbox 342 4780 486 4856; x_wconf 86' lang='lat' dir='ltr'>indutus</span> <span class='ocrx_word' id='word_1_293' title='bbox 516 4789 604 4875; x_wconf 89' lang='lat' dir='ltr'>erat,</span> <span class='ocrx_word' id='word_1_294' title='bbox 633 4786 823 4860; x_wconf 89' lang='lat' dir='ltr'>cardinalis</span> <span class='ocrx_word' id='word_1_295' title='bbox 852 4787 1008 4862; x_wconf 80' lang='lat' dir='ltr'>infundit</span> <span class='ocrx_word' id='word_1_296' title='bbox 1037 4789 1157 4862; x_wconf 87' lang='lat' dir='ltr'>rinum</span> <span class='ocrx_word' id='word_1_297' title='bbox 1183 4789 1302 4886; x_wconf 87' lang='lat' dir='ltr'>digitis</span> <span class='ocrx_word' id='word_1_298' title='bbox 1335 4812 1429 4887; x_wconf 88' lang='lat' dir='ltr'>pape</span> <span class='ocrx_word' id='word_1_299' title='bbox 1455 4811 1498 4862; x_wconf 85' lang='lat' dir='ltr'>ex</span> <span class='ocrx_word' id='word_1_300' title='bbox 1518 4785 1658 4884; x_wconf 88' lang='lat' dir='ltr'>ampulla</span> 
     </span>
     <span class='ocr_line' id='line_1_36' title="bbox 342 4907 1656 5012; baseline 0.005 -36"><span class='ocrx_word' id='word_1_301' title='bbox 342 4925 451 5003; x_wconf 91' lang='lat' dir='ltr'>supra</span> <span class='ocrx_word' id='word_1_302' title='bbox 466 4917 632 5002; x_wconf 84' lang='lat' dir='ltr'>tazzeam,</span> <span class='ocrx_word' id='word_1_303' title='bbox 651 4935 758 5008; x_wconf 90' lang='lat' dir='ltr'>quam</span> <span class='ocrx_word' id='word_1_304' title='bbox 774 4913 861 4986; x_wconf 92' lang='lat' dir='ltr'>mihi</span> <span class='ocrx_word' id='word_1_305' title='bbox 883 4913 1013 4988; x_wconf 90' lang='lat' dir='ltr'>deinde</span> <span class='ocrx_word' id='word_1_306' title='bbox 1033 4911 1146 5007; x_wconf 90' lang='lat' dir='ltr'>dedit,</span> <span class='ocrx_word' id='word_1_307' title='bbox 1171 4921 1207 4988; x_wconf 90' lang='lat' dir='ltr'>et</span> <span class='ocrx_word' id='word_1_308' title='bbox 1223 4937 1291 5012; x_wconf 87' lang='lat' dir='ltr'>ego</span> <span class='ocrx_word' id='word_1_309' title='bbox 1307 4915 1405 4989; x_wconf 89' lang='lat' dir='ltr'>circa</span> <span class='ocrx_word' id='word_1_310' title='bbox 1421 4917 1531 4990; x_wconf 91' lang='lat' dir='ltr'>altare</span> <span class='ocrx_word' id='word_1_311' title='bbox 1548 4907 1656 5004; x_wconf 88' lang='lat' dir='ltr'>accepi</span> 
     </span>
     <span class='ocr_line' id='line_1_37' title="bbox 341 5027 1656 5136; baseline 0.007 -34"><span class='ocrx_word' id='word_1_312' title='bbox 341 5027 562 5109; x_wconf 85' lang='lat' dir='ltr'>ablutionem</span> <span class='ocrx_word' id='word_1_313' title='bbox 590 5062 596 5108; x_wconf 95' lang='lat'>:</span> <span class='ocrx_word' id='word_1_314' title='bbox 624 5041 709 5111; x_wconf 93' lang='lat' dir='ltr'>tunc</span> <span class='ocrx_word' id='word_1_315' title='bbox 733 5041 842 5136; x_wconf 89' lang='lat' dir='ltr'>Papa,</span> <span class='ocrx_word' id='word_1_316' title='bbox 867 5045 1016 5135; x_wconf 88' lang='lat' dir='ltr'>accepta</span> <span class='ocrx_word' id='word_1_317' title='bbox 1041 5039 1162 5131; x_wconf 90' lang='lat' dir='ltr'>mitra,</span> <span class='ocrx_word' id='word_1_318' title='bbox 1189 5040 1274 5114; x_wconf 82' lang='lat' dir='ltr'>lauit</span> <span class='ocrx_word' id='word_1_319' title='bbox 1298 5064 1442 5132; x_wconf 78' lang='lat' dir='ltr'>mannS,</span> <span class='ocrx_word' id='word_1_320' title='bbox 1468 5041 1557 5114; x_wconf 89' lang='lat' dir='ltr'>duce</span> <span class='ocrx_word' id='word_1_321' title='bbox 1586 5039 1656 5110; x_wconf 82' lang='lat' dir='ltr'>Fer·</span> 
     </span>
     <span class='ocr_line' id='line_1_38' title="bbox 342 5155 1653 5261; baseline 0.004 -33"><span class='ocrx_word' id='word_1_322' title='bbox 342 5155 433 5232; x_wconf 86' lang='lat' dir='ltr'>rarle</span> <span class='ocrx_word' id='word_1_323' title='bbox 444 5181 574 5256; x_wconf 90' lang='lat' dir='ltr'>aquam</span> <span class='ocrx_word' id='word_1_324' title='bbox 586 5162 825 5256; x_wconf 88' lang='lat' dir='ltr'>ministrante,</span> <span class='ocrx_word' id='word_1_325' title='bbox 844 5189 886 5239; x_wconf 87' lang='lat' dir='ltr'>ac</span> <span class='ocrx_word' id='word_1_326' title='bbox 902 5163 1084 5240; x_wconf 87' lang='lat' dir='ltr'>cardinale</span> <span class='ocrx_word' id='word_1_327' title='bbox 1100 5189 1130 5240; x_wconf 92' lang='lat' dir='ltr'>s.</span> <span class='ocrx_word' id='word_1_328' title='bbox 1150 5165 1246 5240; x_wconf 90' lang='lat' dir='ltr'>Petri</span> <span class='ocrx_word' id='word_1_329' title='bbox 1256 5165 1303 5241; x_wconf 90' lang='lat' dir='ltr'>ad</span> <span class='ocrx_word' id='word_1_330' title='bbox 1316 5166 1468 5244; x_wconf 89' lang='lat' dir='ltr'>Vincula</span> <span class='ocrx_word' id='word_1_331' title='bbox 1480 5159 1653 5261; x_wconf 82' lang='lat' dir='ltr'>suppriorr</span> 
     </span>
    </p>
   </div>
   <div class='ocr_carea' id='block_1_3' title="bbox 0 0 1758 6034">
    <p class='ocr_par' dir='ltr' id='par_1_3' title="bbox 0 0 1758 6034">
     <span class='ocr_line' id='line_1_39' title="bbox 0 0 1758 6034; baseline 0 1"><span class='ocrx_word' id='word_1_332' title='bbox 0 0 1758 6034; x_wconf 95' lang='lat' dir='ltr'> </span> 
     </span>
    </p>
   </div>
  </div>
 </body>
</html>
