3600 6094
128 462 200 528 [tout
214 458 287 522 litt]
457 455 583 512 RERUM
608 455 836 514 URBANARUM
860 453 1125 512 COMMENTAHII.
1422 463 1458 520 65

126 609 345 686 mentionem
362 606 497 680 iaciant
512 629 595 680 cum
615 606 757 680 illorum
775 607 820 680 de
835 607 946 682 verbo
967 609 1012 681 ad
1030 611 1180 684 verbum
1200 610 1396 688 insertione
1413 639 1455 688 ao

127 733 245 831 regula
267 733 312 808 de
328 732 500 806 idiomate
524 755 590 829 per
614 757 682 806 nos
704 733 825 806 lorsan
849 733 1014 808 iacienda
1031 759 1140 831 quarn
1164 737 1273 811 etiarn
1302 739 1347 812 ad
1366 763 1454 814 con-

126 861 288 936 clavistas
300 857 547 955 infrascriptos
561 858 727 932 volumus
742 884 816 934 non
832 859 976 934 extendi
996 887 1003 934 :
1023 861 1117 936 etita
1128 886 1194 959 per
1206 887 1452 964 quoscumque

122 987 273 1084 judieeS,
316 983 519 1073 auditurae,
561 983 716 1082 judicari
757 985 909 1077 debere,
947 986 1185 1062 decernentes
1226 989 1366 1065 irritum
1410 1010 1452 1066 ac

126 1111 440 1186 constitutionibus
453 1115 489 1185 et
506 1109 790 1186 ordinationibus
806 1111 1028 1209 apostolicis,
1042 1114 1276 1190 ecclesiarum
1294 1119 1449 1210 statutis,

122 1241 352 1336 juramento,
384 1236 562 1311 roboratis
602 1237 804 1334 ceterisque
839 1239 1029 1314 contrariis
1061 1240 1347 1339 quibuscumque
1379 1261 1452 1317 non

124 1363 347 1440 obstantibus
370 1387 453 1438 curn
475 1362 642 1436 clausulis
662 1365 886 1462 opportunis.

171 1493 281 1581 ltem,
308 1493 410 1563 motu
435 1494 471 1564 et
495 1487 646 1562 scientia
675 1488 869 1589 similibus,
900 1490 1021 1563 omnia
1050 1498 1086 1564 et
1112 1491 1252 1590 singula
1275 1491 1454 1568 beneficia

127 1615 372 1691 ecclesiastica
396 1638 479 1688 cum
503 1637 589 1688 cura
617 1620 653 1688 et
679 1613 756 1688 sine
777 1638 877 1705 cura,
901 1616 1010 1690 etiam
1026 1615 1055 1690 si
1069 1619 1299 1695 canonicatus
1315 1630 1352 1696 et
1370 1647 1453 1724 pre-

133 1741 248 1815 hende
280 1740 370 1829 sint,
407 1739 617 1837 dignitates,
644 1746 858 1837 personatus
891 1741 1221 1820 administrationes
1250 1751 1286 1818 et
1314 1745 1453 1836 officia,

128 1865 376 1963 prestimonia,
394 1864 685 1962 prestimoniales
704 1865 901 1963 portiones,
930 1867 1116 1944 servitoria
1133 1869 1168 1943 in
1190 1871 1454 1946 cathedralibus

129 1993 235 2066 etiam
259 1990 549 2089 metropolitanis
576 1990 632 2064 vel
663 1989 862 2088 collegiatis
884 1991 1065 2084 ecclesiis,
1095 2001 1130 2068 et
1159 1995 1351 2094 dignitates
1377 1981 1453 2096 ipse

127 2117 160 2190 in
182 2117 322 2192 eisdem
353 2115 618 2192 cathedralibus
653 2115 761 2190 etiarn
784 2117 1094 2216 metropolitanis,
1120 2127 1202 2218 post
1227 2121 1482 2218 pontificales·

124 2243 291 2340 majores,
311 2267 375 2316 seu
391 2240 590 2338 collegiatis
606 2241 770 2315 ecclesiis
790 2241 1009 2341 hujusmodi,
1031 2245 1262 2343 principales
1284 2234 1451 2321 accurate

128 2375 160 2442 et
175 2365 324 2442 elective
341 2391 408 2465 per
421 2365 558 2441 obitum
575 2367 832 2464 cujuscumque
849 2367 885 2442 in
905 2393 1055 2443 romana
1069 2371 1169 2444 curia
1180 2369 1235 2444 vel
1251 2375 1350 2446 extra
1371 2395 1452 2446 earn

125 2513 215 2566 nunc
230 2491 395 2567 vacantia
407 2497 443 2566 et
457 2497 636 2582 vacatura,
654 2497 690 2564 et
705 2515 774 2588 que
790 2515 857 2588 per
863 2494 1130 2590 promotionem
1146 2515 1451 2593 quarumcumque

126 2641 359 2715 personarum
386 2618 431 2691 ad
453 2615 678 2692 cathedrales
721 2617 829 2690 etiam
855 2618 1150 2716 metropolitanas
1180 2619 1454 2724 ecclesiaspas-

126 2748 242 2816 torum
267 2743 404 2817 solatiis
427 2743 614 2818 destitutas
635 2749 762 2817 vacent
789 2749 848 2817 aut
874 2768 998 2818 vacare
1019 2745 1199 2843 ceperint,
1226 2752 1262 2820 et
1286 2752 1452 2844 speretur

124 2891 186 2966 per
206 2869 500 2967 procurationem
526 2869 747 2968 hujusmodi,
769 2874 830 2944 aut
852 2869 1039 2944 electionis
1059 2871 1372 2945 confirmationem
1392 2877 1453 2944 aut

130 2995 287 3072 muneris
304 2995 588 3070 consecrationis
603 2995 868 3094 impensionem
888 3002 947 3070 aut
960 2995 1102 3094 lapsum
1116 2994 1303 3093 temporis,
1331 3001 1366 3068 et
1383 3017 1451 3091 que

126 3121 294 3222 deinceps
321 3122 366 3198 ad
390 3119 663 3196 coronationem
689 3127 850 3196 nostram
888 3119 1063 3194 vacabunt
1096 3143 1333 3209 reservamus,
1365 3119 1451 3192 solis

125 3247 348 3322 conclavistis
388 3245 627 3338 conserenda',
664 3247 810 3322 cuilibet
843 3245 879 3318 in
909 3269 972 3321 sua
1000 3244 1200 3344 provincia,
1232 3243 1366 3318 diecesi
1395 3243 1450 3318 vel

125 3372 307 3464 idiomate,
335 3377 396 3446 aut
419 3373 484 3446 sub
509 3371 638 3447 eodem
662 3372 822 3471 principe
848 3372 902 3446 vel
929 3371 1089 3444 dominio
1119 3369 1325 3459 constituta,
1355 3365 1449 3442 inhi-

124 3494 243 3571 bentes
263 3521 306 3570 ac
331 3497 569 3571 decernentes
599 3497 706 3570 etiarn
734 3495 943 3571 intentionis
971 3501 1094 3569 nostre
1127 3517 1207 3569 esse
1236 3492 1322 3566 nulli
1347 3493 1449 3566 alteri

123 3619 164 3693 de
179 3621 385 3721 hujusmodi
399 3621 588 3697 beneficiis
604 3621 691 3696 velle
712 3622 913 3720 providere,
936 3621 1160 3696 declarantes
1180 3643 1262 3694 cum
1282 3617 1450 3694 clausulis

122 3747 300 3842 predictis,
318 3753 354 3822 et
368 3746 447 3821 aliis
462 3747 685 3846 opportunis.

168 3871 343 3948 Volumus
359 3871 520 3971 insuper,
538 3879 574 3948 et
588 3880 687 3948 motu
704 3871 824 3964 simili,
847 3871 1110 3950 venerabilibus
1130 3871 1297 3947 iratribus
1317 3869 1450 3947 nostris

124 4020 150 4068 s.
172 4019 201 4070 r.
222 4001 264 4072 E.
286 3994 582 4072 vicecancellario
608 3997 860 4071 cancellariam
884 3997 1120 4094 apostolicam
1149 3996 1301 4094 regenti,
1328 4019 1449 4072 secre-

123 4121 214 4196 tariis
243 4121 376 4198 nostris
408 4125 444 4194 et
470 4117 610 4192 dilectis
638 4118 721 4193 filiis
751 4119 1060 4210 rescribendariu,
1096 4120 1351 4218 computatori,
1382 4119 1447 4192 de-

121 4246 245 4341 putatis
272 4252 309 4320 et
327 4245 406 4320 aliis
427 4245 710 4343 quibuscumque
734 4245 949 4320 olticialihus
975 4243 1108 4320 nostris
1130 4243 1239 4320 etiam
1260 4245 1445 4327 literarum

122 4370 395 4466 apostolicarum
422 4369 713 4445 sollicitatoribus
737 4376 773 4446 et
797 4393 945 4444 romane
973 4370 1071 4445 curio
1096 4367 1244 4444 notariis
1266 4391 1331 4465 pro
1356 4372 1445 4440 tem-

123 4515 202 4588 pore
241 4493 477 4568 existentibus
514 4494 579 4567 sub
620 4493 965 4568 excomunicationis
1003 4494 1075 4569 late
1118 4493 1294 4568 sententie
1329 4515 1442 4592 pena,

123 4623 291 4713 quatenus
316 4641 443 4693 omnes
472 4625 508 4694 et
533 4620 692 4717 singulas
715 4619 837 4694 literas
867 4619 1082 4718 apostolicas
1104 4643 1213 4716 super
1234 4617 1445 4714 preinsertis
1489 4634 1494 4642 '

124 4737 383 4835 donationibus,
418 4746 734 4835 reservationibuS,
768 4744 904 4842 gratiis,
928 4743 1254 4841 dispensationibus
1277 4743 1445 4817 etiamad

124 4865 187 4941 duo
201 4869 255 4943 vel
270 4870 338 4944 tria
352 4869 634 4968 incompatibilia
648 4870 841 4958 beneficia,
859 4876 918 4944 aut
935 4869 1092 4960 tertium,
1110 4891 1152 4942 ac
1173 4869 1353 4966 quibusvis
1368 4869 1446 4942 aliis

125 4991 428 5092 impetrationibus
451 5001 486 5069 et
510 4995 651 5094 gratiis,
678 4995 829 5094 gratiam
851 4993 906 5067 vel
928 4993 1102 5093 justitiam
1128 4995 1443 5084 concernentibus,

126 5141 164 5192 ac
187 5120 427 5218 provisionem
447 5121 681 5196 cardinalium
707 5129 743 5196 et
766 5121 1123 5219 metropolitanarum
1149 5119 1385 5194 ecclesiarum
1410 5124 1446 5192 et

253 5281 307 5321 r.r
1280 5263 1298 5317 5
