3578 6032
737 359 949 418 APPENDICE.
1450 365 1504 420 567
1626 405 1633 415 .

177 515 361 592 doloribus,
377 517 538 581 concessit
553 521 701 579 naturae.
722 517 767 578 llo
783 514 948 590 defuneto,
964 515 1042 580 audi
1057 515 1253 579 miraculum
1270 517 1370 580 aliud.
1388 519 1503 582 Petrus

172 618 237 677 Leo
247 631 347 694 quem
360 616 473 680 Veneti
485 615 590 678 nostri
602 614 735 678 biennio
745 618 822 675 ante
834 613 960 674 Patauii
971 612 1198 678 conduxerant
1209 615 1328 678 salario
1344 616 1475 694 publico
1493 635 1501 677 :

172 729 248 774 cum
259 713 378 775 fuisset
394 714 591 792 proecipuus
610 712 643 773 in
658 710 849 773 infirmitate
862 711 1026 773 Laurentii
1042 710 1185 774 Medicus
1200 713 1373 794 ingressus
1389 714 1502 776 cuius-

173 816 249 878 dam
265 817 346 878 ciuis
359 817 398 878 de
410 815 564 877 llartellis
575 815 710 877 domum
723 815 756 876 in
766 818 903 892 puteum
919 815 1074 892 seipsum
1090 813 1323 892 praecipitasse
1336 819 1500 890 narratur,

171 930 211 976 ac
224 931 322 976 mane
337 912 458 975 ibidem
481 913 658 974 suffocatus
680 914 774 992 aqtris
794 919 945 992 repertus
961 917 1022 975 est.
1046 913 1107 974 Per
1126 911 1296 974 biennium
1317 909 1501 973 totumiere

173 1012 419 1074 concionatores
441 1010 576 1091 quidam
600 1015 632 1072 et
651 1027 691 1073 ex
712 1011 763 1072 bis
774 1027 861 1073 unus
875 1010 1050 1092 praecipue
1067 1011 1132 1074 vita
1147 1017 1179 1074 et
1197 1011 1342 1074 doctrina
1360 1010 1501 1090 insignis

173 1111 362 1188 praedicere
380 1125 447 1172 non
470 1110 665 1173 destiterunt
683 1111 787 1171 multa
801 1107 985 1171 Florentiae
1002 1115 1161 1173 euentura
1178 1126 1253 1172 esse
1267 1109 1423 1171 aduersa.
1436 1110 1500 1171 Eos

172 1206 272 1269 audio
287 1207 321 1268 in
336 1205 502 1285 presentia
515 1205 613 1286 louge
628 1207 782 1286 grauiora
793 1207 856 1270 illis
871 1208 1040 1272 vaticinari
1050 1209 1308 1288 comminarique
1322 1224 1408 1287 quae
1418 1206 1499 1270 haec

172 1305 320 1384 proxima
344 1307 470 1368 aestate
492 1304 614 1367 ibidem
642 1306 708 1367 sint
733 1304 853 1368 lutura.
877 1305 1020 1369 Territos
1048 1307 1142 1370 aiunt
1164 1308 1278 1370 iccirco
1301 1305 1461 1384 plurimos
1488 1324 1496 1366 :

172 1417 275 1480 quum
290 1401 432 1464 maxime
444 1401 695 1481 praeteritorum
716 1405 870 1466 exhibitio
891 1420 966 1466 esse
978 1405 1190 1467 consueuerit
1204 1404 1391 1466 futurorum
1402 1403 1498 1466 certi·

170 1499 263 1562 tudo.
276 1500 393 1562 Orabis
408 1499 577 1562 dominum
592 1517 667 1562 cum
680 1499 804 1566 familia
817 1503 906 1566 omni
921 1506 953 1565 et
964 1519 1023 1582 pro
1040 1501 1185 1566 defuncti
1205 1503 1368 1566 Laurentii
1383 1501 1499 1584 requie

171 1603 204 1660 et
221 1615 280 1678 pro
296 1597 478 1662 Florentiae
491 1602 592 1662 statu.
608 1600 697 1662 Vale.
710 1601 843 1663 Romae.

893 1724 905 1754 ‹
931 1700 988 1762 Die
1003 1701 1059 1766 llll
1076 1700 1192 1780 aprilis
1209 1699 1297 1764 llil.
1325 1724 1337 1754 ι

209 1849 293 1925 (ret.
310 1849 425 1930 belph.
439 1851 552 1929 Epist,
566 1850 619 1914 liv.
636 1852 688 1926 ΙΙΙ,
706 1853 786 1913 batt.
802 1851 925 1931 xuvru.)

811 2267 853 2337 ΙΙ

209 2481 312 2546 L'etat
326 2481 370 2544 du
385 2483 472 2562 Pape
487 2488 537 2546 est
553 2481 742 2564 desespere.
765 2485 807 2546 La
830 2481 905 2548 ville
930 2487 981 2546 est
1006 2483 1122 2545 calme.
1147 2487 1206 2547 Les
1223 2483 1408 2564 Cardinaux
1424 2485 1500 2544 sont

170 2583 247 2644 hors
261 2581 302 2644 de
317 2584 430 2658 Rome,
446 2583 530 2644 mais
543 2583 584 2644 ils
598 2581 674 2644 n'en
690 2587 765 2646 sont
775 2599 836 2662 pas
849 2583 877 2644 si
892 2581 1041 2666 e'loigne‘s
1057 2582 1153 2661 qu'ils
1169 2601 1211 2646 ne
1225 2582 1376 2662 puissent
1389 2598 1412 2662 y
1426 2595 1499 2642 ren·

170 2683 238 2742 trer
253 2696 294 2742 en
307 2680 467 2760 quelques
481 2681 613 2743 heures

469 2857 481 2886 ι
506 2830 673 2914 Magnifict
686 2831 817 2895 Domini
831 2835 893 2896 mai
907 2834 1199 2898 observandissimi.

213 2989 225 3018 ι
251 2963 352 3025 Perla
368 2963 432 3026 mia
449 2963 482 3026 di
496 2963 640 3026 biersera
663 2965 779 3044 scripsi
796 2965 861 3028 alte
881 2968 912 3028 S.
935 2968 971 3028 V.
989 2967 1022 3028 in
1039 2967 1098 3028 che
1117 2966 1256 3028 termine
1277 2967 1305 3028 si
1329 2970 1462 3028 trovava
1477 2965 1500 3026 il

169 3063 266 3140 Papa.
284 3063 323 3122 Di
338 3062 393 3140 poi
407 3067 524 3141 questa
540 3064 676 3124 mattina
693 3079 709 3124 s
724 3059 742 3124 e
757 3079 900 3126 messoa
917 3065 949 3124 S.
966 3061 1090 3125 Santita
1107 3080 1152 3126 un
1169 3081 1249 3141 poco
1265 3063 1297 3125 di
1312 3067 1451 3138 catarro,
1468 3060 1500 3122 di

169 3158 228 3220 che
244 3159 272 3220 si
287 3159 402 3222 dubita
417 3157 511 3222 forte.
528 3162 562 3224 li.
580 3161 697 3224 medici
708 3161 818 3222 banno
833 3161 919 3223 delto
934 3177 952 3223 a
968 3162 1195 3240 pereundis.
1212 3158 1353 3222 sanctita
1365 3161 1424 3222 clre
1434 3175 1500 3221 non

169 3253 260 3334 epiri
276 3256 427 3318 d’havere
440 3274 598 3336 speranza
611 3261 728 3322 alcuna
744 3259 831 3321 nella
852 3261 917 3322 vita
936 3276 996 3321 sua
1021 3264 1054 3321 et
1075 3277 1157 3321 sono
1176 3261 1210 3321 in
1229 3257 1331 3321 ferma
1348 3257 1501 3337 opinione
1552 3312 1555 3318 ,

168 3355 228 3416 che
240 3370 300 3416 sua
316 3355 521 3418 beatitudine
535 3357 657 3420 habbia
675 3357 885 3419 amanchare
908 3357 942 3418 in
961 3361 1077 3436 questa
1101 3357 1193 3431 luna,
1212 3353 1331 3435 perche
1350 3355 1502 3434 vegbono

169 3451 251 3514 tucti
265 3452 360 3532 segni
375 3453 505 3516 mortali
520 3455 554 3516 in
570 3454 627 3517 lui,
644 3455 751 3535 Hoggi
766 3471 782 3516 s
795 3452 813 3516 e
824 3453 1010 3517 confessato
1020 3459 1052 3516 et
1063 3454 1285 3534 domattinasi
1300 3453 1502 3516 chommuni-

170 3547 278 3610 cbera.
305 3551 366 3626 Qui
388 3567 447 3628 per
466 3568 586 3614 ancora
606 3569 673 3615 non
699 3553 727 3614 si
746 3551 776 3614 la
799 3553 899 3615 molta
915 3551 1186 3626 dimostrazione3
1207 3555 1240 3612 et
1259 3545 1384 3612 benche
1399 3565 1459 3628 per
1472 3547 1503 3609 la

171 3651 260 3708 terra
276 3645 324 3708 sla
341 3649 428 3710 assai
441 3653 518 3710 nota
532 3650 590 3712 che
605 3651 628 3712 il
643 3652 729 3728 Papa
744 3667 812 3713 non
834 3653 899 3728 pud
920 3651 1010 3714 viver
1030 3650 1144 3724 molto,
1166 3649 1245 3730 ogni
1267 3647 1430 3710 homesta
1446 3663 1504 3709 vo·

170 3744 301 3806 lentieri
316 3747 370 3808 nei
387 3748 518 3809 termini
539 3749 622 3810 suoi.
638 3753 680 3812 La
697 3751 848 3830 maggior
860 3753 954 3827 parte
969 3749 1002 3810 di
1022 3749 1132 3828 questi
1147 3746 1310 3810 cardinali
1330 3761 1412 3807 sono
1430 3741 1504 3806 fuor

171 3841 204 3905 di
223 3845 338 3918 Roma,
352 3861 405 3906 ma
419 3834 487 3908 non
503 3850 593 3908 tanto
608 3846 743 3910 lontano
756 3841 817 3909 'che
832 3847 865 3908 in
880 3847 983 3927 poche
998 3847 1077 3908 hore
1092 3861 1159 3908 non
1175 3845 1301 3908 iussino
1313 3844 1367 3922 qui
1372 3885 1431 3905 .....

215 3965 228 3995 ι
253 3944 367 4018 Rome,
384 3961 424 4004 xv
438 3943 513 4006 lulli
528 3943 617 4007 tter.

703 4069 714 4098 ι
740 4046 829 4107 Serv.
845 4047 983 4106 Prrrtrrr.
999 4046 1161 4118 Vrtoruus,
1175 4042 1302 4104 Orator.
1329 4062 1341 4092 ι

216 4183 323 4264 (Arci.
340 4184 482 4248 Fiorant.
499 4185 618 4248 Lattara
632 4187 700 4264 apii
713 4191 782 4248 Otto
797 4188 828 4246 de
848 4191 986 4248 Proticc.
1004 4187 1107 4248 Class.
1125 4185 1177 4258 X.‚
1196 4183 1276 4244 bist.
1292 4181 1321 4255 6,
1337 4181 1421 4243 Filza
1438 4179 1481 4260 8.)

817 4623 860 4692 45

215 4845 276 4904 Les
293 4839 461 4904 medecins
481 4837 693 4920 desesperent
715 4839 755 4903 de
776 4839 807 4901 la
830 4840 881 4902 rie
906 4838 951 4900 ‹lu
969 4839 1055 4915 Pape
1072 4841 1104 4897 et
1125 4852 1167 4897 ne
1190 4835 1236 4896 lul
1261 4835 1408 4897 donnent
1428 4833 1505 4912 plus

176 4953 285 5000 aucun
300 4937 443 5001 remede.
457 4940 517 5001 Les
530 4939 715 5002 Cardinaux
728 4942 803 5000 sont
817 4937 857 4998 de
872 4941 985 4998 retour
999 4933 1017 4996 a
1034 4937 1145 4998 Rome.
1164 4935 1225 4994 Les
1239 4932 1505 4995 Arnbassadeurs

176 5040 314 5100 mellent
323 5035 343 5098 a
353 5037 384 5100 la
397 5037 593 5117 disposition
604 5037 648 5100 du
662 5033 757 5100 Sacre
772 5032 905 5114 Collega
915 5033 964 5096 les
977 5031 1082 5094 forces
1093 5031 1133 5093 de
1143 5029 1217 5094 leur
1226 5031 1502 5094 Gouvernement.
