3578 6032
910 452 1124 510 APPENDICE.

487 675 499 702 ‹
518 649 629 730 Lepcti
641 647 948 728 Rhodiorum‘licpic
970 652 1055 714 iusso
1070 651 1194 714 Bacasis
1209 651 1361 716 rttondcta
1374 661 1547 734 exponunt.

397 845 409 874 ι
436 821 497 883 Ubi
520 838 598 883 vero
620 819 720 901 legati
747 821 884 900 Regiam
904 821 1115 901 appulerunt,
1142 821 1300 903 Bagyazit
1322 821 1513 884 thurcorum
1530 838 1613 902 rege
1628 839 1685 901 pro

353 935 444 981 more
454 919 608 990 salutato,
627 935 670 980 an
681 918 789 982 valeat
800 919 988 982 rhodiorum
1000 921 1152 1000 princeps
1162 921 1290 1002 legatos
1301 923 1370 984 Rex
1380 925 1496 1000 rogat;
1511 920 1545 982 hi
1556 919 1683 984 saluum

353 1016 533 1096 principem
553 1015 765 1095 respondent.
790 1013 969 1080 committit
988 1017 1163 1098 legationis
1182 1017 1336 1080 mandata
1359 1015 1486 1080 :basiis
1502 1023 1681 1096 exponant.

353 1117 419 1176 Nos
435 1113 656 1194 quippeupud
671 1113 803 1177 thurcos
819 1116 953 1178 inolevit
973 1133 1032 1196 per
1050 1116 1247 1198 interpretes
1262 1132 1300 1178 ac
1319 1103 1558 1178 intercessores
1574 1115 1683 1179 basias

351 1211 480 1292 legatos
499 1212 625 1288 audire,
644 1215 773 1274 veteres
799 1229 972 1291 persarum
995 1230 1092 1293 reges
1113 1213 1270 1288 imitatos,
1296 1211 1529 1276 familiaritatis
1551 1211 1682 1275 vitande

352 1311 461 1390 gracia
483 1327 491 1368 τ
510 1327 575 1389 quo
597 1310 780 1373 secundum
799 1311 966 1390 sapientes
983 1312 1150 1374 fastidium
1172 1311 1322 1390 parturit.
1344 1313 1379 1374 ln
1393 1311 1543 1374 conclaui
1559 1316 1680 1384 autem,

352 1409 544 1472 clarissimis
558 1408 814 1472 consedentibus
827 1409 941 1484 basiis,
957 1411 1094 1474 Acbmat
1108 1409 1241 1490 ydronti
1254 1413 1480 1491 expugnatore
1496 1413 1531 1472 et
1546 1409 1682 1472 llissacb

354 1507 558 1570 libodiorum
573 1511 803 1587 oppugnatore
821 1507 922 1588 legati
943 1508 1068 1571 bonore
1084 1509 1190 1572 allecti
1208 1525 1246 1572 ac
1268 1507 1385 1570 sedere
1408 1508 1503 1586 iussi,
1524 1506 1680 1571 mandata

352 1606 519 1668 nunciant.
539 1630 551 1660 ι

391 1773 496 1856 apres
510 1793 576 1840 uno
588 1747 711 1858 longue
723 1776 921 1856 discussion,
937 1779 987 1842 les
1001 1777 1259 1842 ambassadeurs
1272 1779 1313 1842 de
1321 1776 1453 1843 Rhodes
1464 1781 1498 1840 et
1509 1775 1558 1839 du
1568 1767 1680 1840 Sultan

353 1871 591 1937 s'accorderent
603 1890 662 1936 sur
675 1875 724 1938 les
740 1873 924 1940 conditione
940 1875 981 1940 de
991 1875 1022 1940 la
1038 1877 1124 1956 paix.

617 2134 630 2164 ι
648 2105 797 2172 Foederis
806 2108 999 2172 conditiones
1013 2111 1153 2192 dcliepis
1168 2111 1414 2174 iusiurandum.

393 2305 405 2336 ι
432 2278 588 2344 lteierunt
602 2279 701 2344 Basie
715 2280 758 2344 ad
779 2297 893 2360 regem
910 2279 1096 2360 legatorum
1115 2282 1292 2360 postulata.
1313 2285 1381 2344 ltex
1395 2281 1543 2344 decrevit
1558 2279 1675 2343 foedus

348 2391 422 2443 oum
439 2377 572 2442 Rhodiis
593 2377 845 2456 percuciendum
863 2396 869 2438 :
887 2377 976 2458 pacis
995 2395 1112 2444 norma
1133 2381 1192 2442 bec
1215 2383 1277 2442 est.
1305 2380 1462 2460 Bagyazit
1482 2379 1675 2442 thurcorum

346 2492 404 2537 rex
416 2473 627 2538 iureiurando
640 2493 699 2554 pro
722 2493 812 2539 more
827 2477 1036 2558 mahumetes
1057 2479 1142 2560 legis
1160 2478 1297 2542 adactus
1317 2479 1364 2542 sic
1382 2477 1481 2542 fatur.
1498 2478 1598 2542 lliles
1611 2477 1677 2556 gla-

347 2573 437 2636 dium
451 2590 493 2636 ne
506 2573 658 2654 stringito
673 2593 680 2636 :
698 2573 807 2638 clades
822 2573 942 2640 inferre
954 2581 1082 2654 caueto,
1099 2595 1159 2642 nec
1171 2576 1351 2640 continenti
1365 2593 1427 2640 nec
1440 2577 1564 2656 pelago
1579 2577 1678 2660 armis

345 2671 453 2736 locum
480 2672 569 2736 dato.
600 2673 747 2738 Classem
775 2674 934 2738 oiiensam
962 2675 1104 2740 salutato
1135 2677 1336 2757 negociator,
1369 2681 1439 2740 tuto
1465 2675 1677 2740 mercimonia

345 2775 500 2836 exerceto.
521 2773 745 2835 Commeatum
756 2771 889 2848 sumito,
905 2771 996 2837 litem
1007 2791 1066 2854 pro
1077 2775 1251 2840 tribunalis
1263 2791 1355 2838 more
1371 2773 1525 2850 decidito,
1544 2788 1677 2840 seruum

345 2868 533 2950 profugum,
551 2869 579 2932 si
591 2870 625 2932 in
638 2867 713 2950 lege
727 2875 878 2934 versatur
894 2871 1057 2937 restituito
1070 2889 1077 2946 ;
1095 2873 1123 2936 si
1136 2878 1228 2938 extro
1243 2873 1352 2954 legem
1366 2877 1428 2946 est,
1444 2889 1490 2936 xx
1502 2888 1676 2936 nummum

344 2967 416 3032 auri
431 2967 586 3032 excluito.
603 2971 669 3034 Arx
685 2969 793 3032 Sancti
809 2967 893 3032 Petri
914 2970 1063 3052 profugis
1081 2977 1200 3052 patens
1215 2977 1287 3036 esto
1304 2988 1311 3032 :
1328 2969 1507 3050 superstite
1520 2969 1676 3054 Bagyuzb
1770 3031 1771 3036 ,

344 3067 490 3147 principe
504 3083 618 3146 pacem
631 3071 774 3132 seruato.
1770 3061 1771 3068 ἶ

671 3298 683 3328 ι
702 3273 833 3336 Autome
845 3273 938 3336 uerba
956 3273 992 3336 in
1004 3273 1141 3355 foederis
1151 3277 1348 3354 preconium.

386 3447 612 3511 «Percussum
633 3450 720 3508 certe
731 3450 782 3508 est
793 3445 912 3508 foedus
926 3446 1002 3524 quis
1024 3444 1281 3520 conditionibus,
1306 3443 1532 3524 ignominiosa
1542 3460 1672 3523 quaque

344 3545 494 3622 pactione
513 3559 651 3622 prorsus
670 3541 805 3622 explosa
825 3541 915 3621 quod
934 3542 986 3606 vel
1006 3543 1247 3623 potentioribus
1266 3545 1426 3622 negatum
1438 3542 1670 3621 comperimus.

343 3643 477 3706 Perraro
487 3642 621 3720 quidem
631 3647 698 3706 tam
709 3641 838 3704 celebre
848 3639 967 3704 foedus
978 3642 1063 3706 inter
1076 3641 1218 3720 disparis
1229 3640 1338 3704 cultus
1349 3644 1381 3704 et
1392 3641 1545 3720 potencie
1557 3645 1671 3722 gentes

341 3737 524 3804 coniectum
538 3741 724 3820 gnovimus‚
741 3739 951 3804 Prouidencie
962 3740 1096 3819 quidem
1111 3739 1224 3802 diuine
1238 3737 1371 3802 laudem
1385 3739 1599 3818 ascripserim
1610 3753 1671 3818 que

340 3851 453 3916 regem
469 3841 613 3917 Zyzymy
634 3854 693 3916 per
709 3839 970 3918 contingentium
984 3855 1160 3902 causarum
1175 3837 1345 3901 reuolutus
1362 3837 1588 3900 connexiones
1602 3836 1670 3898 rbo·

340 3934 419 3998 dum
433 3934 599 4020 conduxit,
614 3940 646 3998 et
660 3935 793 3999 victorie
807 3935 1011 4015 triumphum
1030 3936 1155 4000 rhodiis
1175 3937 1297 4000 exalto
1312 3935 1456 4000 demisit.
1474 3937 1541 4000 llec
1551 3933 1669 4016 quippe

341 4033 496 4114 Bagyazit
505 4032 548 4096 ad
559 4050 616 4098 eas
631 4034 800 4114 pactiones
812 4033 1024 4112 compellunt.

405 4281 417 4312 ι
445 4258 637 4321 Tharcorom
653 4255 728 4334 licc,
745 4259 875 4321 scutatis
895 4259 1039 4336 arbitris,
1060 4255 1256 4320 lticdiorum
1278 4257 1396 4340 legatos
1414 4257 1607 4338 alloquitur.

384 4457 397 4486 «
422 4431 565 4496 Foedere
590 4431 710 4510 legatis
731 4445 843 4493 coram
866 4447 1036 4510 percusso,
1062 4447 1121 4494 rex
1141 4431 1299 4512 Bagyazit
1322 4429 1465 4493 exclusis
1487 4428 1620 4492 arbitris
1633 4427 1663 4489 iu

342 4529 521 4608 penetralia
542 4547 578 4594 se
592 4528 765 4594 conferens
778 4527 969 4594 rhodiorum
981 4529 1109 4610 legatos
1122 4530 1274 4592 accersiri
1286 4529 1384 4592 iussit
1407 4546 1416 4590 ε
1435 4527 1498 4592 bos
1512 4527 1662 4590 sedentes

342 4643 401 4706 per
414 4623 627 4708 interpretem
641 4625 795 4710 benignis
810 4629 919 4692 verbis
933 4625 1074 4692 consulit
1082 4627 1124 4691 de
1134 4625 1244 4690 fratris
1257 4625 1421 4708 profugio,
1434 4627 1574 4690 ubinam
1583 4625 1663 4688 loco

341 4739 415 4790 rum
438 4731 600 4804 versetur,
635 4743 678 4790 an
706 4727 749 4789 sit
776 4725 904 4790 saluus.
934 4725 984 4788 nd
1008 4729 1124 4807 rogata
1148 4726 1250 4806 legati
1273 4725 1425 4788 consulto
1450 4723 1659 4804 respondent,

341 4830 508 4903 postremo
523 4825 694 4905 subiungit
708 4841 717 4886 ε
731 4841 845 4903 pacem
857 4841 933 4887 cum
943 4829 1054 4888 vestro
1065 4825 1212 4903 principe
1221 4825 1333 4905 pepigi
1345 4839 1445 4906 quem
1459 4823 1546 4888 bene
1557 4821 1660 4886 valere

341 4923 448 5002 cupio,
464 4925 642 5004 hortorque
652 4929 689 4986 ut
703 4923 802 5005 legati
816 4925 916 4988 verba
926 4937 1025 5004 quem
1036 4923 1069 4986 in
1085 4923 1250 5002 presentia
1265 4924 1359 4986 mitto
1373 4939 1439 4986 nou
1454 4937 1552 4986 secus
1566 4934 1660 5001 quam

341 5035 382 5082 ex
397 5037 469 5084 meo
482 5039 539 5086 ore
551 5023 719 5086 manantia
734 5022 905 5103 intelligat.
920 5023 1061 5086 Mentem
1075 5022 1211 5103 accipiet
1231 5038 1352 5100 meam,
1369 5023 1422 5086 cui
1437 5023 1659 5102 obtemperare

341 5117 475 5184 studeat
489 5137 581 5203 rogo.
599 5123 663 5186 llec
677 5119 777 5197 latus,
790 5120 918 5202 legatos
929 5121 1062 5186 dimisit.
