3422 6034
77 484 182 546 [tuuvter
198 481 267 544 trau]
395 479 521 567 ababli
545 478 774 538 URBANARUM
797 479 1059 538 COMMENTAHH.
1341 483 1395 542 393

75 634 188 708 habita
205 656 288 708 cum
303 656 390 730 rege
407 635 576 722 Granete,
599 634 660 729 qui
676 633 809 708 civitati
826 641 862 709 et
878 641 953 710 toto
976 659 1089 734 regno
1110 641 1265 712 Grenate
1286 640 1395 716 cessit

75 760 141 855 regi
178 759 368 856 Hispania,
406 765 590 833 reservato
622 759 689 831 sibi
724 759 880 856 quodam
917 763 1090 836 comitatu
1122 763 1158 834 in
1197 764 1392 862 Hispania,

76 909 135 982 que
154 907 247 956 nova
269 883 348 958 heri
372 907 522 980 vespere
547 884 691 958 luerunt
707 907 773 981 per
795 893 958 960 oratores
980 887 1077 984 regis
1101 888 1264 963 nuntiata
1284 891 1395 964 Sanc-

76 1011 158 1086 tituti
174 1033 258 1100 sue;
281 1011 346 1086 suit
366 1017 559 1108 propterea
579 1009 714 1083 ibidem
735 1011 771 1082 in
796 1014 1077 1109 congregatione
1094 1013 1280 1088 decretum
1299 1016 1396 1112 quod

76 1137 155 1210 teria
182 1136 344 1210 secunda
371 1135 579 1210 immediate
607 1137 787 1232 sequenti,
814 1161 884 1232 que
910 1139 977 1212 erit
998 1138 1129 1212 festum
1150 1141 1396 1214 conversionis

76 1261 129 1334 SS.
159 1262 259 1336 Pauli
289 1263 455 1360 apostoli,
477 1263 588 1336 missa
606 1263 778 1338 solemnis
794 1263 831 1336 in
851 1263 1001 1338 basilica
1021 1289 1050 1337 s.
1076 1264 1173 1338 Petri
1192 1273 1294 1339 extra
1315 1289 1395 1338 mu-

76 1410 127 1462 ros
139 1385 242 1459 Urbis
260 1385 305 1459 de
322 1387 455 1483 Spiritu
471 1394 610 1476 sanctu,
628 1411 694 1484 per
708 1387 865 1484 aliquem
889 1387 1082 1485 prelatum,
1109 1393 1204 1486 Papa
1221 1397 1256 1464 et
1278 1387 1396 1462 cardi-

76 1510 204 1586 nalibus
225 1511 469 1608 presentibus,
493 1513 530 1586 in
557 1512 735 1586 honorem
752 1514 818 1587 Dei
834 1513 1083 1588 celebraretur
1102 1515 1147 1587 ad
1163 1515 1277 1589 instar
1288 1513 1396 1611 hujus

76 1639 210 1714 ulterius
232 1639 344 1712 misse
366 1663 473 1735 parve
495 1641 531 1712 in
553 1640 708 1714 ecclesia
727 1640 832 1714 beate
854 1642 966 1714 Marie
990 1641 1034 1714 de
1055 1639 1191 1736 Populo
1214 1637 1396 1713 celebrate

76 1788 147 1836 cum
162 1765 302 1838 eisdem
321 1765 508 1838 versiculis
524 1773 559 1839 et
576 1765 655 1838 aliis
678 1766 714 1838 in
736 1767 808 1839 fine
831 1767 941 1841 misse
958 1773 1043 1842 tunc
1059 1765 1164 1840 dictis
1183 1789 1190 1838 :
1210 1765 1275 1839 luit
1289 1787 1397 1861 prop-

76 1897 164 1964 terea
183 1889 282 1964 dicta
300 1890 493 1972 basilicae.
512 1891 612 1964 Pauli
634 1891 799 1965 ordinata
814 1899 849 1966 et
864 1899 1002 1988 parata,
1022 1897 1128 1988 prout
1148 1889 1236 1964 alias
1254 1887 1397 1985 quando

76 2017 128 2090 SS.
144 2019 185 2089 l).
204 2019 248 2088 N.
267 2015 304 2088 in
320 2037 363 2088 ea
377 2014 489 2088 missa
502 2015 646 2112 publice
662 2015 837 2106 interfuit,
856 2023 1008 2113 excepto
1023 2015 1119 2112 quod
1133 2015 1262 2088 solium
1278 2013 1398 2110 ponti-

76 2141 143 2214 ficis
155 2140 319 2237 ampliari
336 2146 371 2214 et
385 2139 516 2212 melius
531 2140 721 2213 reformari
736 2139 805 2212 leci
822 2139 833 2238 (
860 2140 883 2239 ).

117 2266 217 2340 Feria
242 2265 416 2354 secunda,
445 2271 490 2339 25
518 2265 604 2339 dicti
633 2265 770 2338 mensis
789 2265 960 2362 januarii,
991 2265 1122 2340 festum
1151 2266 1398 2338 conversionis

78 2413 101 2460 s.
121 2389 217 2464 Pauli
242 2388 396 2486 apostoli
420 2388 567 2484 quadie
588 2388 653 2464 luit
677 2390 835 2463 maxima
856 2390 974 2486 pluvia
998 2391 1043 2463 ab
1065 2414 1197 2464 aurora
1218 2414 1331 2486 usque
1353 2390 1398 2463 ad

79 2515 258 2590 meridiem
279 2537 320 2588 ac
335 2513 467 2588 nebule
483 2519 518 2587 et
532 2521 661 2588 ventus
675 2513 887 2609 vehemenS,
909 2523 1102 2614 propterea
1123 2517 1185 2590 SS.
1211 2519 1253 2590 D.
1277 2518 1319 2589 N.
1338 2517 1398 2611 qui

80 2639 117 2712 ud
141 2641 328 2714 basilicam
348 2665 377 2712 s.
401 2639 501 2714 Pauli
521 2640 683 2735 equitare
704 2639 928 2730 decreverat,
952 2665 1025 2714 non
1045 2639 1229 2736 equitavit,
1253 2639 1318 2714 sed
1336 2663 1400 2735 pa-

82 2773 150 2838 rata
163 2765 226 2840 luit
245 2765 386 2863 capella
405 2771 612 2840 sanctorum
633 2768 777 2842 Andree
794 2776 830 2843 et
845 2769 1009 2865 Gregorii
1028 2769 1065 2840 in
1079 2766 1229 2840 basilica
1248 2789 1277 2838 s.
1302 2765 1399 2838 Petri

82 2897 111 2962 et
125 2889 199 2966 loca
213 2913 281 2989 pro
300 2889 542 2964 cardinalibus
563 2899 598 2966 et
617 2891 698 2966 loca
717 2917 782 2990 pro
800 2893 879 2966 aliis
904 2892 1119 2966 officialibus
1140 2899 1176 2966 et
1196 2889 1399 2964 oratoribus

80 3015 271 3113 principum
293 3024 328 3090 et
344 3024 446 3090 extra
461 3015 559 3089 illam
582 3018 758 3115 capellam
774 3019 878 3091 banci
894 3042 960 3115 pro
975 3017 1136 3116 prelatis,
1157 3023 1192 3090 et
1212 3015 1282 3090 alia
1297 3037 1398 3086 moro

81 3140 184 3215 solito.
208 3142 347 3228 Quibus
366 3141 514 3238 paratis,
535 3145 596 3216 SS.
621 3148 663 3218 D.
687 3147 729 3218 N.
754 3167 835 3217 cum
857 3143 1100 3218 cardinalibus
1119 3141 1216 3214 venit
1234 3138 1279 3212 ad
1301 3163 1400 3212 eam-

82 3263 153 3338 dem
167 3267 343 3364 capellam
365 3274 401 3341 et
417 3267 578 3342 interluit
598 3269 708 3341 misse
725 3267 887 3363 predicte
903 3274 1049 3364 paratus
1072 3287 1172 3336 more
1194 3269 1367 3336 consueto
1389 3288 1397 3335 :

81 3411 175 3483 quam
194 3391 344 3464 missam
367 3391 563 3464 celebravit
583 3395 623 3462 R.
644 3394 682 3464 P.
703 3393 744 3464 D.
764 3393 891 3464 Petrus
912 3390 1102 3486 episcopus
1118 3386 1339 3484 Urgellensis
1355 3385 1400 3458 de

83 3511 200 3608 Spiritu
222 3523 349 3590 sancto
373 3517 450 3590 sine
474 3515 594 3612 aliqua
613 3517 980 3606 commemoratione3
1000 3521 1132 3612 etpost
1151 3515 1299 3588 missam
1315 3535 1402 3586 oau-

84 3640 168 3712 tores
189 3641 403 3738 inceperunt
426 3640 473 3714 Te
494 3640 611 3716 Deum
634 3639 822 3714 laudamur
844 3647 880 3716 et
902 3639 1085 3738 prosecuti
1109 3645 1191 3712 sunt
1213 3660 1327 3734 usque
1356 3637 1401 3710 ad

84 3760 193 3838 linem.
219 3770 298 3854 Quo
320 3767 436 3856 finitn,
456 3771 553 3864 Papa
575 3765 663 3840 dixit
684 3765 796 3838 Pater
809 3775 926 3837 noster
941 3771 977 3837 et
991 3761 1189 3838 versiculos
1210 3784 1252 3834 ac
1268 3761 1402 3834 oratio-

85 3907 157 3960 nem
179 3891 309 3964 eodem
327 3891 436 3965 modo
452 3899 558 3989 prout
576 3915 684 3988 supra
705 3891 763 3964 die
785 3896 805 3965 3
825 3891 1006 3987 presentis
1021 3889 1157 3962 mensis
1180 3895 1235 3962 est
1251 3893 1403 3960 annota-

87 4015 164 4102 tum,
190 4023 224 4090 et
249 4017 285 4089 in
309 4017 395 4107 line,
422 4015 520 4092 dedit
542 4015 835 4092 benedictionem
863 4016 1065 4090 solemnem
1096 4020 1132 4087 et
1161 4011 1402 4108 indulgentias

87 4137 228 4235 quinque
246 4163 423 4214 annorum
438 4148 473 4215 et
494 4141 644 4216 totidem
664 4141 977 4238 quadragenarum
993 4163 1081 4236 quas
1097 4139 1289 4236 publicavit
1305 4137 1402 4210 cele-

88 4261 199 4356 brans3
216 4267 278 4364 qui
292 4267 451 4355 interim,
463 4266 548 4339 dum
558 4265 950 4363 predictadicerentur,
961 4271 1153 4362 paratusut
1167 4270 1257 4352 erat,
1273 4285 1402 4359 expec-

120 4541 140 4594 t.
153 4539 201 4600 tes
215 4547 312 4600 succes
326 4543 361 4600 da
375 4543 529 4600 Ferdinund
540 4543 675 4600 irritarent
691 4547 718 4599 et
732 4541 915 4615 inquietarent
928 4548 989 4600 tout
1003 4545 1019 4599 a
1033 4543 1058 4598 ta
1073 4541 1123 4598 lois
1138 4541 1176 4597 les
1189 4541 1297 4614 princes
1312 4541 1403 4598 mabo·

90 4629 180 4688 netum
192 4631 224 4688 de
239 4633 368 4707 l'Airique
383 4639 410 4689 ct
424 4633 458 4689 de
469 4633 560 4688 l'Asie.
574 4633 611 4688 Le
626 4631 688 4706 plus
703 4631 830 4706 puissant
843 4631 947 4688 d’entre
957 4649 1021 4702 eux,
1034 4631 1057 4688 le
1068 4629 1181 4687 Soudun
1195 4617 1342 4704 d'Egypte,
1354 4647 1402 4686 en·

91 4730 148 4789 vove
162 4738 193 4776 un
209 4721 433 4779 ambassadeurd
450 4722 605 4778 Ferdinand
622 4739 690 4795 pour
704 4722 728 4777 la
744 4721 869 4794 prevenit·
883 4739 936 4794 que
952 4720 993 4777 s'il
1014 4718 1226 4776 n’abandonnait
1242 4721 1265 4774 le
1280 4719 1355 4792 siege
1370 4718 1404 4774 de

90 4799 199 4866 Grenade
212 4818 238 4869 et
252 4813 278 4868 la
292 4829 390 4886 guerre
404 4812 468 4885 qu'il
484 4812 557 4870 avait
576 4811 727 4885 entreprise
742 4816 836 4866 contre
857 4809 895 4866 les
916 4809 1036 4878 Mauros,
1057 4810 1074 4866 il
1089 4809 1234 4866 donnerait
1256 4807 1353 4864 l’ordre
1371 4809 1405 4865 de

90 4909 225 4956 masscerer
244 4908 307 4958 tous
325 4902 364 4960 les
388 4901 535 4968 obretiens,
558 4901 611 4957 tort
628 4899 791 4966 nombreux,
806 4887 940 4972 d'Egypta
960 4905 989 4954 et
1010 4901 1044 4954 do
1055 4898 1151 4972 Syrie3
1168 4898 1185 4953 il
1203 4897 1284 4954 lerait
1300 4897 1406 4954 abattre

91 4980 124 5038 les
137 4989 241 5063 temples
255 4998 282 5048 et
296 4991 387 5048 ruiner
401 4991 435 5048 de
449 4992 514 5048 lond
528 5010 561 5048 en
573 4988 679 5047 comble
694 4991 718 5046 le
733 4989 956 5062 Sator-sepulcre
970 4989 1006 5044 de
1020 4988 1182 5045 Jerusalem.
1198 4987 1353 5044 Fordinand
1372 5003 1406 5041 nc

91 5075 147 5131 odda
160 5095 206 5150 pas
219 5087 245 5137 ct
258 5081 364 5137 l'annte
381 5081 505 5138 suivante
521 5081 643 5138 Grenada
661 5080 774 5138 tombait
788 5097 821 5134 en
837 5095 887 5134 son
898 5078 1020 5154 pouvoir.
1032 5077 1101 5151 Vov.
1120 5077 1254 5148 Mariana,
1274 5079 1313 5130 De
1324 5076 1407 5130 rebus

95 5163 147 5234 lbp
161 5210 167 5234 ,
182 5169 198 5224 l.
209 5172 293 5237 XXV,
309 5174 352 5229 cb.
369 5191 414 5226 xv.
