3496 6056
78 485 173 552 perne
187 481 251 548 11115]
379 477 506 538 RERUM
530 477 758 542 URBANNRUM
780 479 1044 540 condensatur.
1328 487 1379 544 137

74 637 197 715 loannis
225 637 548 736 hierosolymitani,
563 633 718 738 quorum
733 639 869 737 primus
886 643 962 712 arat
978 637 1266 734 turcopellerius,
1285 638 1376 714 alter

73 764 282 839 cancaNerins
302 763 427 860 prelati
443 764 603 862 magistri
620 792 627 857 ;
653 765 780 862 quibus
800 765 941 840 obviam
955 770 1131 838 venerunt
1147 763 1282 840 familia
1308 769 1371 842 SS.

72 896 106 964 11.
121 895 157 963 N.
168 895 207 963 et
222 894 436 964 RRmorum.
454 889 689 965 cardinalium
704 891 984 988 quamplurium,
1007 895 1216 968 nontamen
1233 891 1261 964 si
1278 896 1375 965 recte
1495 881 1500 890 ’

71 1013 196 1091 nemini
207 1014 382 1104 omnium,
410 1021 448 1090 et
462 1038 524 1090 eos
539 1037 641 1090 more
657 1014 763 1088 solito
778 1037 894 1110 usque
910 1014 955 1088 ed
970 1014 1119 1088 domum
1140 1037 1265 1090 eorum
1276 1014 1377 1090 habi-

72 1139 192 1213 tationis
203 1138 447 1230 associarunt3
465 1140 563 1238 quod
578 1145 699 1214 tamen
713 1146 836 1236 preter
849 1139 1011 1214 debitum
1027 1144 1062 1213 et
1077 1138 1210 1214 bonam
1225 1163 1377 1215 consue-

72 1265 208 1339 tudinem
219 1264 352 1339 iactum
368 1273 436 1357 est,
454 1273 490 1340 et
504 1289 564 1340 me
579 1265 705 1341 inscio.
721 1269 811 1338 Nam
835 1268 899 1341 SS.
919 1269 960 1340 n.
977 1267 1018 1338 N.
1037 1272 1073 1340 et
1088 1265 1287 1341 cardinales
1303 1289 1375 1342 non

70 1394 307 1464 consueverunt
330 1389 550 1487 generaliter
567 1389 712 1488 prelatis
742 1389 997 1466 ecclesiasticis
1024 1397 1060 1465 et
1084 1391 1308 1488 regularibus
1329 1393 1375 1464 ad

70 1537 230 1590 rumenam
254 1513 393 1590 curiam
418 1512 643 1588 venientibus
664 1513 817 1587 familias
840 1537 923 1587 suas
948 1513 1088 1588 obviam
1113 1513 1268 1604 mittere,
1290 1537 1373 1588 cum

68 1639 220 1716 sintmeri
235 1662 385 1713 romane
406 1637 566 1714 Ecclesia
596 1637 727 1712 subditi
757 1644 794 1712 et
813 1638 980 1736 subjecti,
1008 1639 1167 1736 exceptis
1189 1638 1374 1714 dumtaxat

68 1766 267 1864 lloguntino,
301 1764 521 1858 Coloniensi,
550 1764 751 1841 Trevirensi
780 1764 1076 1864 archiepiscopis,
1110 1765 1202 1842 sacri
1231 1765 1371 1840 romani

68 1892 186 1988 inperii
200 1890 429 1966 electoribus.

103 2015 192 2091 Nerio
205 2024 343 2114 quarta,
362 2021 407 2090 26
428 2017 512 2092 dicti
533 2016 668 2094 mensis
690 2015 859 2115 januarii,
883 2015 1012 2114 prelati
1034 2017 1104 2091 duo
1129 2023 1292 2092 oratores
1308 2015 1373 2092 ad·

68 2143 556 2220 nissituerantedsecretum
571 2140 826 2218 consistorium
841 2139 978 2238 inquo,
996 2140 1212 2216 cancellario
1228 2147 1368 2232 orente,

68 2269 274 2364 prestiterunt
288 2267 534 2346 obedientiam
550 2271 614 2342 SS.
633 2270 675 2342 D.
694 2269 737 2340 N.
756 2272 794 2342 ut
809 2272 935 2363 postea
956 2266 1128 2358 intellexi,
1153 2266 1370 2363 quianullus

67 2399 245 2468 nostrorum
265 2395 322 2470 vel
340 2394 445 2484 alins,
466 2399 587 2490 preter
611 2391 811 2466 cardinales
826 2397 862 2466 et
877 2397 1040 2464 oratores
1064 2391 1155 2464 duos
1172 2391 1369 2488 predictos,

68 2518 224 2592 utdictum
238 2519 318 2608 suit,
338 2517 510 2594 interluit.
530 2521 628 2605 Quos
644 2517 790 2613 quidem
806 2522 967 2590 oratores
983 2516 1026 2591 ad
1042 2516 1213 2614 palatium
1227 2517 1372 2592 venien-

69 2648 110 2714 tes
129 2648 159 2716 et
173 2643 250 2718 inde
272 2645 320 2718 ad
341 2645 491 2718 domum
515 2667 618 2719 suam
645 2642 837 2716 redeuntes
860 2641 1083 2716 associarunt
1098 2649 1134 2718 et
1149 2643 1371 2718 honorarunt

68 2773 204 2844 oratores
215 2771 312 2868 regis
329 2769 554 2868 Neapolitani
567 2775 602 2844 et
617 2769 718 2844 ducis
735 2768 910 2859 Ferraria,
928 2791 971 2842 ac
986 2768 1218 2866 quamplures
1234 2768 1370 2848 ordinis

67 2895 172 2993 prelati
186 2897 317 2974 milites
334 2897 395 2997 (t).

105 3024 160 3096 Die
182 3023 375 3116 dominice,
394 3025 441 3098 30
456 3020 541 3098 dicti
561 3021 697 3096 mensis
713 3021 868 3120 januarii
892 3029 1067 3096 venerunt
1089 3021 1135 3096 ad
1150 3022 1284 3097 Urbem
1304 3045 1370 3119 per

66 3156 182 3243 portam
195 3149 353 3224 viridarii
370 3155 509 3246 septem
524 3155 685 3223 oratores
703 3147 754 3221 lll.
771 3147 873 3221 duris
889 3147 1067 3222 Sabaudie
1082 3171 1148 3244 pro
1163 3147 1370 3224 obedientie

67 3271 117 3344 SS.
137 3275 173 3346 n.
198 3276 235 3348 N.
264 3273 472 3373 prestanda.
497 3277 634 3348 Horum
649 3273 786 3370 primus
803 3278 880 3346 eret
895 3276 936 3347 R.
956 3258 1002 3346 in
1015 3272 1155 3347 Christo
1179 3273 1370 3372 presbyter

67 3396 290 3498 bapiscopus
316 3399 539 3491 BeNicensis,
564 3399 744 3474 secundus
768 3398 871 3474 miles
899 3397 1035 3474 ordinis
1059 3397 1174 3472 sancti
1194 3398 1368 3474 lobannis

67 3519 357 3624 Hierosolymiteni
384 3553 390 3598 :
414 3525 473 3599 alii
502 3524 647 3615 horum,
680 3525 827 3620 quidam
863 3530 1056 3622 preceptor
1088 3523 1224 3598 ordinis
1255 3525 1368 3600 sancti

65 3645 198 3740 latonii,
217 3651 287 3725 duo
310 3648 548 3748 protonotarii
575 3649 651 3724 sine
679 3649 805 3724 habitu
829 3655 963 3740 tamen,
981 3650 1041 3724 elii
1056 3649 1239 3748 simplices
1255 3650 1369 3726 eccle·

67 3768 192 3864 siastiei;
209 3782 243 3849 et
257 3775 400 3874 pridem
425 3775 568 3850 intrarit
588 3780 732 3850 octavus
757 3775 922 3874 privatim
949 3775 1026 3850 sine
1050 3799 1184 3874 pompa
1198 3775 1364 3852 solemni.

66 3893 98 3968 lli
112 3904 236 3994 septem
251 3900 389 3998 recepti
405 3899 550 3974 luerunt
567 3900 748 3975 eiamiliis
764 3903 827 3976 SS.
847 3905 888 3976 n.
905 3904 947 3976 N.
966 3907 1002 3975 ct
1016 3901 1252 3976 cardinalium
1268 3910 1369 3977 extra

66 4027 224 4113 portamet
236 4049 348 4123 usque
366 4027 410 4100 ad
421 4026 571 4100 domum
580 4026 813 4102 habitationis
826 4027 955 4125 prelati
967 4026 1126 4124 episcopi
1142 4027 1365 4118 bellicensis,

65 4145 150 4240 primi
168 4151 257 4227 inter
278 4175 355 4242 eos,
382 4151 585 4228 honorilice
615 4152 720 4228 solito
747 4176 848 4228 more
874 4175 1000 4228 omnes
1024 4152 1205 4228 associati.
1234 4155 1274 4227 ln
1297 4174 1369 4248 qua

93 4369 113 4424 1.
131 4394 143 4421 a
157 4371 211 4430 Nic.
231 4373 265 4430 D.
280 4374 420 4432 iohannes
440 4373 556 4448 scriptor
579 4390 634 4429 non
653 4372 723 4429 bene
743 4371 875 4430 intellexit
894 4372 1009 4447 qualiter
1027 4371 1077 4428 init
1097 4371 1206 4430 tactum.
1223 4370 1292 4428 Nam
1314 4388 1367 4444 ego

65 4452 125 4513 Paris
137 4466 197 4516 tunc
210 4461 319 4520 intertui
335 4471 362 4520 et
378 4461 432 4518 ridi
453 4479 506 4518 non
527 4461 612 4517 tuisse
628 4461 727 4518 tactum
742 4461 769 4517 in
785 4461 874 4536 aliquo
888 4461 1060 4527 consistorio,
1077 4461 1126 4518 sed
1141 4462 1206 4517 hora
1221 4478 1268 4531 xx,
1284 4459 1361 4534 Papa

66 4541 85 4596 in
102 4547 156 4604 sede
178 4567 226 4607 sua
241 4551 421 4609 consistoriali
440 4569 502 4608 cum
523 4551 593 4608 stole
614 4558 714 4620 stante,
735 4551 907 4624 presentibus
926 4550 1110 4608 cardinalibus
1132 4550 1160 4607 in
1182 4549 1317 4608 mantellis
1337 4557 1364 4608 et

66 4630 111 4688 eliis
124 4638 225 4709 prelatis
242 4647 270 4699 et
288 4642 389 4699 inmitia
402 4643 494 4716 Pape;
510 4641 571 4715 ipsa
582 4641 735 4700 obedientia
748 4642 861 4716 prestita
874 4641 923 4698 tuit
940 4658 988 4716 per
1002 4647 1135 4697 oratorem
1150 4639 1196 4714 qui
1211 4638 1361 4713 elegantis·

67 4717 117 4778 sine
130 4729 208 4785 orarit
220 4738 300 4803 prout
314 4731 369 4788 ridi
384 4737 412 4788 et
430 4729 532 4800 andivi,
548 4730 613 4804 quia
627 4747 739 4804 presens
755 4731 803 4788 lui.
821 4755 836 4782 a

92 4810 156 4872 Crtte
173 4835 309 4894 tenerque
324 4837 354 4878 se
375 4829 470 4878 trouve
488 4821 557 4877 dans
574 4817 599 4877 te
614 4827 687 4878 texte
705 4823 742 4878 du
762 4837 829 4878 mss.
845 4823 916 4878 5158
931 4821 1012 4894 (Bibl.
1029 4824 1099 4894 net.)
1115 4839 1180 4880 eree
1194 4828 1266 4879 cette
1282 4839 1361 4880 men-

67 4896 137 4990 rbette
152 4921 159 4960 :
172 4928 185 4957 a
199 4909 344 4966 Adnotatio
355 4909 388 4968 D.
403 4909 509 4967 Paridis
524 4910 646 4985 magistri
661 4909 834 4984 postmodum
849 4910 1061 4967 ceremoniarum
1077 4933 1102 4981 »‚
1114 4912 1184 4968 dans
1194 4911 1218 4968 le
1229 4927 1297 4968 mss.
1311 4911 1363 4968 147

67 4985 124 5052 lbibt.
139 4993 169 5048 de
188 4995 324 5070 Florencc)
340 5015 404 5055 arec
424 4997 448 5055 le
467 5017 529 5056 nom
544 5001 578 5056 de
596 5000 712 5056 l'auteur
730 4999 799 5054 dens
815 4999 839 5056 le
861 5006 934 5057 texto
953 5005 1050 5070 meme,
1070 5001 1140 5057 dans
1160 5000 1185 5057 la
1206 5019 1273 5058 mss.
1290 5001 1360 5058 5159

68 5073 131 5172 (dibi.
144 5087 208 5158 nat.)
220 5103 283 5143 sans
298 5087 444 5145 indication
454 5087 587 5146 d'eutanr.
599 5090 654 5146 Elle
666 5107 699 5146 ne
714 5107 744 5146 se
756 5095 849 5147 trouve
864 5089 891 5146 ui
906 5090 976 5146 dans
990 5091 1015 5146 le
1030 5107 1096 5148 mss.
1106 5091 1174 5148 5521
1187 5107 1240 5164 qua
1246 5092 1275 5165 je
1287 5091 1346 5148 suis
1357 5125 1365 5152 2

68 5165 272 5234 ordenatores.
289 5176 323 5235 de
336 5177 363 5235 la
374 5176 440 5236 bibl.
457 5177 536 5252 Cbigi
552 5180 679 5253 (bido).
