3576 6054
337 419 374 474 aa
787 423 962 482 sonamus
988 403 1210 493 concinam,
1425 447 1426 450 κ
1503 423 1582 488 [tom
1599 427 1649 490 run
1757 459 1765 559 p

388 571 512 644 Finitis
546 574 767 648 orationibus
793 583 876 650 ante
899 576 1106 672 epistolam,
1131 575 1229 671 prior
1254 574 1345 670 ipse,
1379 581 1529 670 accepta
1553 575 1652 649 ferula
1758 620 1765 715 Ι

342 719 425 770 cum
440 697 681 790 subdiaconis,
699 701 934 790 auditoribus,
949 700 1150 775 secretariis
1164 707 1199 773 et
1211 699 1404 790 advocatis,
1423 699 1563 772 accedit
1577 700 1655 773 inira
1763 728 1767 738 ·

342 822 388 895 ad
405 823 514 896 altare
536 849 565 896 s.
592 826 686 898 Petri
709 826 803 900 inter
830 826 1031 900 cancellum
1055 833 1157 923 porte
1188 832 1225 899 et
1251 823 1383 920 gradus
1410 847 1452 896 ac
1478 824 1604 916 altare,
1629 835 1656 898 et

342 947 477 1021 ibidem
505 949 644 1022 ordinat
669 951 922 1043 subdiaconos
951 951 1147 1040 auditores,
1177 949 1392 1024 secretarios
1418 954 1454 1022 et
1479 949 1655 1023 advocatos
1760 961 1761 976 t

344 1073 428 1146 hinc
445 1073 573 1147 etinde
585 1075 731 1172 pariter,
749 1076 799 1150 ita
812 1082 933 1150 tamen
949 1075 1251 1174 quoddigniores,
1267 1074 1432 1148 videlicet
1445 1074 1655 1165 subdiaconi,
1762 1050 1767 1158 i

345 1199 415 1270 sint
427 1199 663 1295 proximiores
683 1201 798 1292 altari,
818 1202 898 1275 illos
926 1207 1122 1298 sequantur
1147 1200 1205 1274 alii
1219 1199 1416 1296 digniores.
1446 1203 1523 1286 Quo
1550 1197 1658 1272 ordine

344 1323 441 1412 dato,
458 1323 533 1420 ipse
550 1324 723 1398 diaconus
739 1335 838 1400 stans
854 1327 931 1400 sine
945 1328 1052 1399 mitra
1071 1327 1108 1398 in
1126 1325 1247 1400 medio
1266 1325 1361 1399 inter
1375 1325 1512 1422 primos
1529 1323 1660 1398 subdia-

346 1475 458 1526 conos
470 1455 541 1528 alta
555 1476 653 1543 voce,
671 1453 773 1547 quasi
792 1453 962 1550 legendo,
980 1453 1067 1525 dicit
1085 1478 1093 1526 :
1763 1429 1764 1442 ἵ

392 1579 700 1653 Exponenda
736 1579 741 1674 Ι
784 1585 839 1651 ter
1123 1567 1124 1570 ¹

392 1705 636 1796 Subdiaconi,
653 1703 849 1794 auditores,
868 1703 1051 1778 secretarii
1069 1709 1106 1778 et
1125 1703 1286 1778 advocati
1307 1701 1414 1776 simili
1429 1725 1515 1777 voce
1532 1727 1667 1802 respon·
1764 1665 1767 1758 i

346 1829 458 1904 dent:

391 1956 546 2029 Domino
568 1967 683 2029 nostro
702 1956 908 2028 Innocentio
932 1955 1043 2028 uDeo
1065 1954 1199 2028 denoto
1216 1978 1353 2028 srcmmo
1367 1951 1533 2054 pontifici
1554 1969 1588 2028 et
1605 1957 1669 2028 rini-

346 2082 472 2154 oeraola'
485 2081 587 2178 Pope
602 2083 684 2154 cito.

392 2210 435 2278 Et
452 2207 502 2281 sic
519 2215 573 2282 ter
593 2207 733 2282 dicetur
753 2231 820 2304 per
842 2207 1000 2304 priorem
1025 2206 1260 2280 diaconorum
1284 2205 1501 2304 predictum,
1520 2211 1556 2279 et
1573 2206 1669 2279 toties

346 2354 411 2429 per
424 2333 512 2408 alios
524 2333 704 2431 predictos
719 2331 996 2428 respondebitur
1007 2331 1283 2428 subsequenter.

370 2459 495 2566 ‘idem
523 2459 622 2556 prior
645 2457 730 2531 dicit
758 2485 765 2529 :
793 2456 958 2530 Salvator
979 2457 1121 2548 nzacradr',
1151 2456 1362 2530 subdiaconi
1392 2465 1429 2531 et
1449 2457 1508 2530 alii
1528 2458 1670 2556 predicti

345 2584 642 2682 respondebunt:
666 2583 719 2656 Tu
735 2583 836 2654 illurn
851 2582 998 2678 adjuvo,
1024 2583 1122 2679 quod
1142 2581 1303 2654 similiter
1323 2583 1430 2656 tertio
1452 2582 1529 2674 fiat,
1546 2583 1667 2657 deinde

343 2711 438 2814 dicet
453 2710 549 2784 idem
563 2709 661 2806 prior
673 2734 701 2782 s.
721 2707 844 2780 Maria.
864 2708 1119 2805 Respondeant
1132 2707 1181 2780 illi
1198 2735 1205 2779 :
1225 2705 1278 2779 Tu
1295 2708 1396 2780 illurn
1411 2708 1561 2804 udjaco,
1579 2708 1671 2806 quod

343 2835 551 2908 bisdicitur.

393 2963 524 3034 Postea
536 2960 631 3034 dicet
645 2960 741 3034 idem
755 2959 854 3056 prior
869 2985 876 3030 ε

388 3083 519 3158 Sancte
532 3084 701 3173 Mindon,
720 3081 964 3179 respondeant
982 3082 1031 3156 illi
1051 3107 1059 3156 :
1085 3083 1139 3156 Tn
1159 3083 1259 3155 illum
1279 3081 1432 3178 adjuvo,
1449 3083 1547 3181 quod
1563 3089 1673 3158 semet

340 3213 480 3282 tantum
493 3211 568 3302 fiet,
585 3219 621 3286 et
636 3205 905 3284 continuabitur
931 3213 970 3279 ut
984 3207 1077 3280 inira
1095 3232 1102 3280 :

393 3347 512 3408 soracte
528 3336 682 3427 Gabriel,

390 3460 691 3556 soracteRapdoel,

391 3596 510 3656 sancte
525 3585 700 3680 Baptista,

387 3721 507 3782 sancte
521 3711 640 3798 Petne,

393 3837 653 3924 serretePuule‚

391 3962 678 4050 sanctedndreo,

345 4120 348 4126 ·
388 4097 508 4158 sonate
521 4085 711 4182 Stephane,

388 4223 507 4284 sancte
520 4209 607 4302 Len,
844 4221 883 4311 rt.
904 4221 957 4293 Tu
971 4221 1227 4320 iltumodjnoo.

387 4349 507 4410 sancte
524 4335 686 4434 Grepori,

388 4475 507 4534 sancte
523 4461 720 4550 Berzedicto,

386 4604 508 4664 sancte
524 4582 648 4666 Basili.

386 4729 505 4790 ranan
524 4717 631 4808 Sabo,

387 4853 509 4914 sancta
524 4841 557 4914 Α
562 4869 663 4940 paea,

386 4982 490 5041 santo
506 4970 649 5059 Cecilr'o,

385 5106 508 5166 sancto
523 5093 651 5184 Lucia,
