3496 6056
67 500 245 566 [trnvterllta]
384 499 510 556 RERUM
533 499 761 558 URBANARUM
785 497 1048 558 COlllMENTARll.
1331 501 1382 556 129

64 653 160 726 riulis.
177 657 216 726 U.
234 637 411 728 Antonius
427 653 472 728 de
485 655 869 752 Eugubioprocuretor
880 652 1025 728 fiscalis.
1037 693 1086 706 -
1098 649 1141 725 D.
1161 652 1377 726 Laurentius

62 778 106 852 de
121 777 213 868 llari,
233 781 276 850 U.
308 777 545 877 Hieronymus
570 779 789 878 Calegranus
812 779 1022 854 cubicularii
1050 776 1157 852 sacri.
1181 819 1229 831 —
1250 779 1292 848 Et
1311 800 1379 874 ego

61 903 230 976 lohannes
247 901 476 976 Burchardus
493 904 766 1001 Argentinensis
779 905 932 979 clericus
949 902 1251 980 ceremoniarum.

112 1027 204 1102 leria
230 1029 348 1118 tertia,
378 1033 423 1103 28
458 1028 542 1103 dicti
569 1029 705 1103 mensis
731 1031 948 1121 decembris,
978 1029 1075 1104 venit
1101 1028 1147 1102 ad
1176 1026 1309 1102 Urbem
1333 1031 1376 1100 R.

60 1151 99 1226 in
113 1153 240 1226 Christo
253 1157 359 1231 Pater
373 1158 416 1227 l).
436 1155 649 1228 Franciscus
670 1156 861 1254 episcopus
877 1157 1072 1254 Gajetauus
1092 1159 1127 1229 et
1147 1159 1267 1229 orator
1282 1153 1378 1251 regis

59 1279 271 1376 Neapolitani
286 1303 454 1354 unacum
470 1281 548 1355 aliis
563 1281 767 1356 oratoribus
782 1281 960 1379 ejusdem,
981 1280 1041 1378 qui
1058 1284 1103 1352 22
1118 1280 1227 1377 hujus
1243 1279 1378 1375 recepti

60 1405 189 1479 luerunt
218 1405 263 1478 ed
293 1406 526 1503 praetendam
558 1407 802 1482 obedientiam
831 1405 1049 1482 ordinariam
1081 1405 1179 1502 regio
1210 1405 1376 1495 nomine;

60 1531 117 1603 cui
139 1537 252 1604 lamen
279 1531 398 1605 nullus
427 1531 567 1606 obviam
592 1534 737 1623 missus,
765 1532 829 1606 sed
852 1539 888 1606 ut
913 1531 1048 1630 privata
1068 1550 1225 1628 persona
1245 1529 1378 1604 Urbem

60 1655 203 1729 intravit.

104 1781 348 1877 Feriaquarta,
368 1785 413 1855 29
430 1782 595 1880 ejusdem
608 1782 743 1858 mensis
763 1781 982 1874 decembris,
1002 1780 1166 1854 habitum
1187 1785 1245 1853 est
1258 1777 1381 1876 publi-

59 1927 136 1978 cum
155 1905 407 1980 consistorium
431 1911 544 1981 Rome
565 1908 600 1981 in
622 1908 756 2006 palatio
779 1907 976 2006 apostolico
1001 1906 1097 2004 apud
1111 1929 1145 1978 s.
1168 1909 1326 1995 Petrum,
1344 1903 1381 1976 in

59 2031 209 2128 primaet
221 2033 359 2129 majore
375 2031 457 2106 aula
470 2033 507 2108 in
523 2055 593 2129 qua
606 2040 769 2108 oratores
785 2033 888 2106 lllmi.
904 2030 1119 2106 Ferdinandi
1135 2031 1255 2105 Sicilie
1269 2029 1379 2126 regis,

59 2161 211 2254 utsupra
225 2158 376 2254 recepti,
393 2158 629 2256 prestiterunt
651 2159 793 2232 solitam
817 2157 1060 2233 obedientiam
1083 2157 1146 2229 SS.
1176 2159 1217 2230 D.
1234 2160 1377 2246 nostr03

63 2281 254 2356 orationem
284 2283 370 2358 lecit
403 2283 594 2384 episcopus
626 2285 821 2383 GaJ'etanus
856 2283 916 2382 qui
946 2281 1026 2358 heri
1060 2281 1194 2356 Urbem
1222 2279 1377 2353 intravit.

63 2406 189 2482 Deinde
205 2407 314 2484 iidem
331 2415 506 2501 oratores,
527 2410 650 2508 paucis
665 2410 827 2506 ipsorum
845 2407 1013 2507 demptis,
1033 2407 1091 2481 die
1106 2407 1189 2480 lune
1207 2407 1226 2479 3
1244 2405 1379 2478 mensis

59 2533 219 2628 januarii,
237 2542 465 2610 recesserunt
480 2557 523 2610 ex
541 2533 635 2610 Urbe
650 2534 697 2609 ad
712 2557 836 2634 regem
851 2557 958 2609 suum
973 2533 1134 2608 redituri.

104 2655 205 2731 Feria
219 2657 357 2754 quinta,
373 2660 394 2730 6
410 2657 546 2731 mensis
555 2657 724 2755 januarii,
742 2657 834 2732 lesto
854 2655 1053 2754 Epiphania
1071 2657 1228 2746 Domini,
1248 2659 1312 2732 SS.
1333 2660 1377 2730 D.

61 2789 176 2856 noster
188 2789 335 2882 paratus
353 2805 397 2858 ex
414 2807 516 2862 more
533 2788 680 2878 amictu,
698 2789 791 2876 alba,
810 2785 969 2884 cingula,
988 2783 1092 2874 stola,
1111 2783 1252 2879 pluviali
1268 2783 1380 2856 rubeo

61 2915 91 2980 et
105 2909 207 2984 mitra
219 2909 396 3007 processit
410 2884 728 3008 personaliter'sub
742 2911 973 3001 baldachino,
985 2907 1131 3008 prelatis
1148 2914 1183 2982 et
1193 2904 1380 2980 cardinali-

60 3031 117 3104 bus
137 3033 270 3130 paratis
290 3055 332 3108 ac
355 3037 570 3115 officialibus
591 3043 627 3115 in
644 3039 904 3141 superpelliciis
919 3033 1211 3135 precedentibus,
1231 3038 1267 3105 et
1281 3030 1379 3105 venit

61 3157 99 3230 ad
117 3158 299 3235 basilicam
315 3185 342 3235 s.
365 3165 476 3255 Petri,
495 3165 553 3240 ubi
579 3167 741 3243 ascendit
763 3169 987 3263 suggestum,
1006 3157 1104 3256 quod
1127 3161 1318 3255 propterea
1340 3155 1376 3227 in

63 3283 169 3357 medio
185 3285 333 3364 basilice
349 3289 552 3364 ordinatum
576 3291 653 3366 erat
669 3292 718 3365 ibi
739 3313 782 3366 ea
800 3291 918 3365 lorme
939 3293 975 3361 et
995 3282 1193 3382 quantitate
1205 3285 1320 3378 ‘prout
1339 3279 1376 3352 in

62 3407 141 3485 libro
156 3415 444 3490 ceremoniarum
460 3439 566 3491 manu
581 3441 662 3492 mea
677 3416 882 3513 conscripto
898 3417 952 3488 est
963 3410 1189 3506 designatum
1205 3429 1287 3480 cum
1301 3428 1377 3479 om-

63 3534 153 3610 nibus
167 3537 244 3613 aliis
260 3543 547 3639 preparamentis
569 3544 697 3617 eodem
717 3541 809 3616 libro
835 3539 896 3614 lol.
919 3561 1006 3612 xxvi
1031 3557 1115 3608 cum
1142 3532 1375 3628 sequentibus

6 3675 8 3679 ’
63 3657 257 3760 designatis,
276 3665 453 3765 religiosis
467 3673 503 3742 et
515 3667 613 3742 clero
629 3667 735 3742 Urbis
750 3667 842 3740 intro
860 3666 961 3763 juxta
977 3663 1186 3758 suggestum
1203 3656 1374 3730 circums-

64 3787 214 3880 tantibus,
232 3791 421 3886 quibusda
438 3794 608 3867 mandato
623 3791 745 3866 vicarii
762 3791 867 3865 Urbis
886 3788 966 3863 heri
982 3787 1018 3860 id
1035 3782 1239 3860 laciendum
1256 3783 1376 3857 luerat
1431 3877 1441 3892 ‚

63 3907 259 3988 intimatum.
277 3918 316 3988 ln
332 3917 412 3992 aula
425 3941 556 4015 magna
571 3918 690 4016 palatii
704 3918 806 4016 juxta
817 3915 948 3990 ostium
962 3937 1069 4012 parre
1084 3909 1246 4010 cappella
1257 3905 1375 3982 distri-

63 4028 130 4108 bute
142 4038 284 4113 luerunt
295 4041 444 4118 candele
461 4043 714 4133 cardinalibus,
725 4041 871 4142 prelatis
888 4047 923 4115 et
937 4039 1105 4115 omuibus
1121 4037 1212 4128 aliie,
1226 4034 1372 4130 dempto

61 4161 227 4257 pontifice,
253 4165 310 4240 cui
335 4167 372 4241 in
396 4191 541 4244 camera
562 4167 739 4268 papegnlli
762 4168 843 4242 date
865 4165 1011 4240 luerunt
1033 4165 1102 4238 due
1124 4182 1255 4259 magne
1283 4180 1371 4254 quas

60 4279 116 4356 duo
142 4289 282 4365 nobiles
308 4299 509 4390 portarunt,
540 4301 576 4368 et
598 4319 670 4368 una
691 4317 798 4393 parva
827 4315 934 4389 quam
965 4295 1061 4388 Papa
1088 4311 1198 4363 manu
1224 4282 1370 4384 propria

59 4416 202 4505 portarit,
221 4423 256 4491 et
273 4417 404 4517 singuli
419 4420 546 4518 prelati
564 4421 673 4495 etalii
693 4419 883 4494 interiores
899 4441 982 4492 suas
998 4414 1165 4490 candelas
1177 4407 1369 4508 portabant

62 4529 207 4610 ardentes
223 4543 272 4627 et,
290 4561 356 4636 pro
380 4540 632 4634 cardinalibus,
657 4565 784 4616 eorum
809 4539 981 4616 scutiferi.
1012 4543 1087 4625 Que
1110 4537 1257 4634 quidem
1281 4554 1368 4606 cen-

65 4647 139 4746 dele,
157 4661 192 4734 in
207 4664 317 4736 arctis
333 4666 451 4763 capsis
467 4665 503 4738 in
519 4641 614 4742 dicta
629 4669 792 4766 cappella
807 4673 909 4741 erant
923 4665 1094 4763 reposite.

102 4781 186 4880 Papa
215 4786 252 4858 in
289 4797 458 4886 suggesto
490 4791 707 4866 constitutus
738 4792 824 4866 lecit
856 4793 1057 4867 orationem
1087 4791 1123 4864 in
1152 4787 1365 4865 faldistorio.

65 4899 176 4983 deinde
209 4913 371 4988 ascendit
406 4915 530 4990 sedem
562 4918 796 5016 eminentem,
832 4918 892 4992 ubi
925 4919 1065 5016 accepit
1100 4914 1301 4993 cardinales
1333 4919 1369 4986 et

66 5029 198 5117 prelatos
212 5061 340 5114 omnes
354 5048 499 5138 paratos
516 5041 561 5118 ad
584 5045 822 5120 reverentiam
841 5069 848 5117 :
868 5043 962 5117 lacta
978 5043 1191 5133 reverentia,
1213 5039 1309 5116 venit
1324 5037 1369 5111 ad

68 5151 165 5234 sedem
180 5155 324 5262 parram
339 5191 383 5244 cx
398 5167 575 5254 brochato
590 5169 666 5246 auri
682 5177 764 5248 ante
780 5169 938 5244 medium
958 5168 1081 5244 altaris
1101 5168 1167 5245 sibi
1188 5171 1365 5268 paratam,

173 5321 197 5362 Τ.
219 5325 226 5363 l
1203 5306 1221 5362 9
