3422 6034
242 382 296 437 122
693 375 869 434 Jonnnnls
894 374 1116 448 BURCHARDI,
1366 377 1493 442 [octobre
1509 379 1575 442 1191]
1695 317 1696 336 ¹

244 541 346 608 erant
373 541 409 608 et
431 539 577 607 centum
597 529 702 604 unius
725 529 816 603 libre
839 553 881 602 ao
908 528 1026 602 medie
1051 529 1142 602 libre
1165 552 1208 602 ac
1232 552 1339 626 parve
1362 528 1573 604 candelein

244 683 396 734 numero
425 656 658 755 competenti.
678 658 846 728 Scamma
865 679 931 752 pro
953 655 1100 752 prelatis
1115 655 1233 752 posita
1247 655 1393 728 luerunt
1408 678 1430 727 a
1445 654 1577 728 dextris

244 793 357 858 cornu
372 785 506 873 altaris,
529 782 698 856 videlicet
719 780 908 878 evangelii,
931 779 1026 854 inter
1047 781 1165 876 ipsum
1181 780 1294 852 altare
1312 785 1348 852 et
1363 778 1578 852 memoriam

244 909 339 982 bone
367 908 543 982 memorie
576 905 839 1002 archiepiscopi
868 905 1097 996 Salernitani,
1126 904 1290 1002 predicto
1316 901 1504 977 cardinale
1530 901 1579 975 sic

246 1035 389 1108 volente
406 1033 464 1130 qui
482 1031 574 1106 sedit
588 1031 626 1104 in
642 1029 728 1104 sede
751 1030 858 1104 bassa
873 1030 909 1104 in
924 1031 1057 1128 angulo
1069 1024 1179 1128 juxta
1191 1031 1317 1118 altare,
1334 1028 1381 1102 ad
1395 1028 1579 1102 sinistram

244 1159 409 1233 intramis
439 1157 639 1232 sacristiam
671 1155 766 1229 dicte
794 1155 948 1230 ecclesie
971 1157 1101 1252 posita,
1119 1162 1204 1230 ante
1225 1155 1324 1229 idem
1350 1154 1465 1228 altare
1477 1155 1580 1251 juxta

246 1307 390 1357 murum
413 1282 479 1356 sibi
502 1289 639 1379 parata,
665 1285 748 1354 aute
769 1304 807 1354 se
834 1280 973 1354 habens
994 1280 1172 1377 pulpitum
1201 1279 1347 1353 bassum
1370 1303 1484 1376 super
1508 1301 1577 1376 quo

247 1434 312 1483 suo
340 1417 503 1506 tempore
533 1406 814 1504 genuflecrehat,
849 1429 964 1502 cappa
994 1429 1059 1478 sua
1085 1405 1300 1480 cardinalari
1332 1411 1501 1503 paratus;
1534 1403 1580 1476 ad

247 1532 429 1608 sinistram
460 1555 562 1604 suam
588 1529 705 1604 stabat
739 1529 875 1604 familia
902 1553 979 1602 sua.
1008 1529 1190 1626 Pulpitnm
1215 1555 1281 1628 pro
1310 1528 1579 1632 sermocinante

248 1657 345 1732 stetit
356 1659 460 1754 juxta
474 1657 680 1731 columnam
696 1663 779 1730 ante
795 1679 907 1729 cornu
923 1655 1098 1752 evangelii
1114 1655 1235 1730 altoris
1250 1653 1400 1752 maj0ris
1417 1653 1480 1726 ubi
1491 1653 1578 1726 alias

247 1783 284 1854 in
300 1782 407 1854 simili
423 1781 542 1855 officio
559 1789 653 1856 stare
669 1781 867 1856 consuevit.
887 1780 1003 1855 Finito
1027 1805 1208 1872 sermone,
1227 1787 1269 1855 R.
1288 1785 1328 1855 P.
1347 1787 1391 1856 D.
1408 1780 1578 1855 Nicolaus

248 1905 542 2004 archiepiscopus
578 1906 797 1979 Dosanensis
833 1914 869 1981 et
906 1907 1066 2004 Angelus
1102 1906 1404 1998 Venelranensis,
1448 1909 1576 1979 Petrus
1695 1881 1696 1892 ἵ

249 2029 528 2104 Barchiouensis
545 2037 580 2104 et
615 2030 857 2104 Beruardinus
881 2031 1126 2106 Bestianensis
1143 2031 1188 2132 (1)
1210 2031 1371 2130 episcopi
1400 2055 1474 2105 una
1497 2051 1578 2104 oum

250 2153 456 2228 celebrante
472 2153 636 2228 lecerunt
651 2154 915 2229 absolutionem
931 2154 1056 2231 ordine
1072 2165 1260 2232 consueto,

299 2279 403 2353 Feria
417 2287 532 2370 sexta,
552 2286 570 2352 7
588 2280 723 2352 mensis
739 2281 912 2372 octobris,
933 2289 1109 2356 venerunt
1129 2288 1228 2354 certe
1248 2304 1339 2353 nove
1362 2281 1407 2353 ad
1430 2279 1578 2366 Urbem,

250 2406 344 2482 bone
360 2405 536 2478 memorie
553 2405 763 2502 episcopum
777 2407 1043 2498 Prenestinum,
1060 2417 1184 2483 sancte
1195 2433 1225 2481 r.
1241 2407 1403 2481 Ecclesia
1418 2405 1580 2480 cardina·
1695 2441 1696 2454 ¹

249 2533 322 2606 lem
345 2531 642 2627 Andagavensem
664 2532 859 2629 vulgariter
886 2541 1147 2630 nuncupatum,
1171 2533 1332 2608 marchio
1354 2531 1578 2606 Anconitane

250 2658 424 2752 legatum,
459 2654 556 2730 circa
583 2655 712 2730 horam
742 2657 939 2732 secundam
967 2658 1098 2749 noctis,
1129 2658 1285 2733 intrante
1307 2657 1365 2730 die
1395 2655 1576 2746 mercurii,

252 2788 273 2856 5
297 2780 506 2878 hujusdem,
535 2780 632 2854 diem
657 2783 828 2857 clausisse
857 2779 1074 2874 extremum,
1101 2785 1207 2882 cujus
1226 2783 1348 2858 anima
1377 2783 1578 2879 requiescat
1695 2873 1696 2876 Ἴ

252 2907 289 2980 in
310 2931 412 3005 pace.
448 2909 544 2982 Obiit
573 2917 692 2984 autem
721 2909 904 3005 predictus
935 2909 1126 2982 cardinalis
1150 2909 1318 2984 nlarchie
1337 2909 1574 2996 Anconitaue,
1695 2955 1696 3024 3

250 3034 432 3132 legatione
449 3060 525 3126 sua,
545 3037 581 3108 in
597 3042 715 3110 castro
731 3035 993 3132 Ripetransone
1010 3033 1069 3132 (2).
1695 3031 1696 3038 ’

303 3158 503 3250 Dominica,
534 3157 558 3233 9
584 3160 756 3250 octobris,
789 3159 970 3233 celebrate
999 3166 1082 3233 sunt
1097 3159 1222 3256 nuptie
1246 3164 1288 3234 D.
1309 3160 1406 3233 Petri
1422 3159 1521 3232 Pauli
1535 3159 1578 3232 de
1695 3205 1696 3250 ,

253 3285 432 3360 Cesarinis
460 3284 524 3358 lilii
553 3289 596 3358 D.
631 3268 809 3358 Gabriclis
834 3285 1008 3375 Cesarini,
1038 3285 1099 3380 qui
1119 3284 1220 3360 duxit
1241 3285 1279 3358 in
1299 3307 1450 3358 uxorem
1472 3283 1578 3357 filiam
1695 3251 1696 3294 ἓ

253 3409 436 3506 magnifici
452 3415 495 3484 D.
519 3411 628 3483 Bruni
649 3411 694 3484 de
710 3409 922 3498 ComitibuS,
942 3409 1144 3482 Ballardam
1159 3410 1397 3498 nominatam,
1415 3408 1579 3505 adquam
1695 3419 1696 3506 t

253 3534 502 3608 honorandam
532 3535 670 3609 invitati
700 3544 873 3612 venerunt
902 3541 945 3610 11.
977 3539 1190 3611 Franciscus
1220 3538 1308 3612 Cibo
1341 3537 1437 3612 silius
1473 3541 1576 3634 Pape,
1695 3585 1696 3588 =

255 3665 375 3732 orator
395 3663 631 3750 Venetorum,
663 3661 868 3759 Stephanus
891 3661 935 3736 dc
958 3663 1123 3738 Taberna
1143 3670 1265 3738 orator
1287 3660 1575 3748 Mediolanensis,
1695 3739 1696 3748 .

256 3789 299 3858 D.
319 3786 444 3858 Petrus
459 3783 653 3857 Alemanus
669 3793 789 3859 orator
804 3786 1108 3880 Florentinorum,
1125 3794 1167 3863 D.
1187 3788 1366 3861 Gerardus
1380 3785 1579 3861 Ususmaris
1695 3779 1696 3790 ’

256 3908 508 4004 depositarius,
533 3909 593 4005 qui
620 3909 731 3983 filiam
754 3914 849 4009 Pape
872 3913 908 3985 in
930 3937 1080 3990 uxorem
1110 3915 1273 4004 duxerat,
1305 3917 1348 3986 D.
1374 3911 1579 3986 Dominicus
1695 3951 1696 3956 =

255 4036 374 4107 Aurea
388 4034 574 4130 capitanus
589 4043 692 4132 porte
708 4037 830 4133 palatii
850 4041 960 4136 Pape,
983 4044 1026 4113 D.
1049 4040 1148 4113 Paris
1168 4038 1327 4112 Pinellus
1348 4037 1580 4112 consobrinus

256 4161 351 4254 Papo
368 4165 403 4232 ct
419 4163 462 4232 D.
482 4159 691 4232 Guillelmus
708 4163 795 4236 Cibo
813 4163 1239 4254 cubiculariussecretus‚
1253 4163 1450 4260 quiordine
1467 4185 1581 4260 supra-

292 4346 317 4401 1.
337 4343 431 4414 Viesti‚
448 4344 519 4400 dans
534 4343 560 4400 la
574 4343 734 4419 Capitaoate
750 4350 821 4424 (roy.
837 4349 871 4406 de
886 4349 1007 4424 Naplos).
1026 4347 1135 4423 Ughelli
1155 4347 1279 4424 l'appella
1297 4347 1468 4404 Bernardus.
1484 4347 1516 4406 T.
1527 4343 1580 4412 llll,
1695 4343 1696 4346 ’

255 4435 307 4489 col.
323 4435 387 4503 867.

288 4523 316 4578 2.
336 4523 405 4579 leon
420 4523 454 4578 de
475 4523 501 4579 lc
515 4523 600 4581 Balue
616 4525 657 4583 lut
678 4543 715 4582 un
735 4526 783 4584 des
804 4528 926 4584 hommes
941 4528 981 4586 lec
1002 4529 1064 4603 plns
1085 4527 1262 4601 meprisablas
1277 4527 1311 4583 dc
1326 4543 1378 4582 son
1392 4531 1496 4598 temps.
1516 4522 1581 4596 Voy.

256 4610 534 4685 ontrclosbiograpb.
557 4615 781 4685 dcsCardinoux,
800 4619 887 4672 Gord.
905 4617 1057 4689 Papiansir
1069 4620 1161 4688 Epist.
1181 4628 1207 4672 et
1225 4617 1383 4672 Commeat.
1401 4615 1481 4682 1506,
1499 4611 1582 4678 lir.ll,

257 4701 296 4756 les
304 4702 458 4756 Mdmoires
468 4703 644 4759 de'Comines
654 4704 794 4778 pessimi
807 4707 861 4762 vol.
871 4707 1039 4776 inmemor,
1054 4708 1093 4764 les
1103 4722 1260 4779 remarqocs
1273 4705 1308 4760 dc
1322 4703 1470 4777 Godelroy,
1482 4699 1580 4766 nolae,

257 4787 327 4844 daus
341 4789 380 4844 les
400 4790 519 4846 Prcuvcs
534 4792 567 4848 de
587 4809 633 4849 ces
648 4794 802 4866 Memoires,
820 4803 838 4854 t.
856 4797 891 4865 ll,
907 4813 935 4870 p.
951 4796 1176 4864 62431'llermite
1191 4795 1226 4852 de
1241 4793 1356 4864 Sollers,
1373 4795 1400 4848 te
1413 4793 1531 4848 Gabinos
1543 4791 1581 4844 du

256 4876 319 4946 Ray
332 4878 422 4932 Mais
437 4881 490 4946 XI,
508 4887 593 4938 manre
609 4888 689 4952 tome,
704 4903 733 4957 p.
754 4887 816 4952 231,
835 4893 861 4942 et
880 4887 905 4942 la
924 4887 1035 4944 relation
1051 4887 1085 4943 de
1101 4885 1283 4944 l'ambassade
1299 4884 1332 4940 de
1348 4883 1500 4941 Guillaume
1514 4879 1580 4936 Cou-

258 4963 329 5019 sinot
357 4981 390 5019 ao
415 4965 489 5040 Papo
512 4970 581 5026 Paul
599 4971 633 5037 ll,
654 4975 785 5029 touchant
804 4975 828 5030 le
846 4979 942 5048 proces
963 4977 997 5031 de
1015 4977 1042 5034 t.
1065 4976 1161 5045 Balce,
1187 4991 1236 5049 par
1257 4972 1389 5031 Gaillard.
1416 4973 1532 5028 Noticss
1555 4974 1579 5020 et

260 5053 396 5110 narrans
410 5056 459 5110 der
473 5064 650 5118 manuscrits
662 5065 705 5118 du
720 5065 782 5134 noi,
797 5071 817 5120 t.
832 5065 878 5134 lV,
894 5083 965 5139 paga
978 5067 1006 5120 9.
