3496 6056
365 400 401 454 96
821 395 997 453 lOHANNlS
1017 395 1239 466 BURCHARDI,
1448 399 1595 465 [Septembre
1606 407 1655 470 rur]

363 553 537 622 consueto
570 571 579 620 :
611 549 776 620 Oramus.
807 547 902 621 Deus
928 549 990 646 qui
1013 549 1132 622 edesse
1155 573 1227 624 non
1255 549 1459 648 dedipnoris
1483 553 1657 654 ubicumque
1731 480 1737 563 Ι

363 673 485 746 devoto
498 683 613 745 mente
625 671 809 762 invocaris,
828 672 957 762 adeste,
982 699 1185 771 quesumus,
1203 675 1478 751 invocationibus
1499 683 1621 770 nostru,
1635 695 1658 755 u
1730 650 1736 726 ¹

364 797 447 872 huic
460 797 599 896 sumulo
615 807 673 869 tuo
697 794 916 886 Innocentis,
939 822 1043 894 quem
1063 798 1112 872 od
1122 799 1260 872 culmen
1280 801 1505 897 apostolicum
1513 802 1659 898 judicium

365 947 548 997 commune
564 933 621 994 trie
626 921 737 1018 plebis
751 921 866 1016 elepit,
885 921 1076 995 ubertatem
1094 946 1244 1020 superne
1264 923 1508 998 benedictionis
1522 927 1658 1025 infunde,
1726 776 1736 1027 ¹

366 1039 595 1124 assentasse
608 1060 667 1122 tuo
689 1067 834 1117 munere
856 1043 905 1116 od
920 1043 1014 1116 dunc
1029 1046 1162 1142 opioom
1169 1047 1371 1142 peruenisse
1395 1074 1409 1120 .·
1425 1073 1495 1146 per
1515 1047 1661 1123 Christum
1729 1032 1733 1118 i

365 1175 561 1249 Dominum
576 1184 747 1247 nostrum.
765 1168 972 1245 cardinales
986 1171 1250 1268 responderunt
1268 1200 1275 1244 :
1299 1173 1428 1248 Amen.
1445 1217 1493 1229 -
1508 1176 1577 1272 Ego
1589 1175 1662 1248 tenui
1731 1178 1732 1216 ³

365 1301 497 1376 librum
525 1298 666 1399 prelato
700 1295 872 1371 cardinali
905 1295 1105 1370 orationem
1135 1296 1269 1371 dicenti
1298 1304 1397 1372 stans
1418 1299 1464 1373 ad
1487 1301 1561 1397 ejus
1583 1299 1663 1372 sinis·
1730 1359 1731 1376 .

365 1431 471 1502 tram.

412 1555 524 1628 Lecta
545 1551 708 1628 oratione
732 1548 895 1648 predicta
924 1571 991 1646 per
1014 1547 1067 1623 lll.
1093 1553 1137 1623 D.
1160 1574 1189 1624 s.
1217 1549 1342 1640 Marci,
1370 1551 1415 1622 D.
1440 1547 1665 1646 Neapolitanus
1725 1605 1730 1664 Ι,

363 1679 462 1754 venit
476 1678 521 1752 ad
535 1678 671 1768 locum,
688 1677 726 1750 in
740 1699 811 1772 quo
832 1675 928 1748 stetit
946 1678 989 1750 I).
1009 1673 1054 1774 (1)
1079 1700 1108 1749 s.
1130 1675 1258 1766 Marci,
1275 1674 1334 1772 qui
1350 1674 1504 1749 accessit
1518 1675 1561 1748 ad
1573 1675 1666 1748 locun

364 1803 403 1878 in
423 1827 494 1901 quo
515 1807 663 1878 steterat
681 1799 948 1898 Neapolitanus,
972 1804 1067 1898 Papa
1082 1808 1119 1875 et
1137 1801 1215 1878 aliis
1236 1800 1414 1893 omnibus,
1432 1805 1471 1874 ut
1484 1799 1580 1899 prius
1593 1806 1667 1874 stan·

363 1927 472 2020 tibus,
486 1927 568 2022 ¹sine
583 1927 699 2002 mitris
718 1926 946 2000 manentibus
967 1925 1032 2024 (2);
1052 1932 1088 2000 et
1106 1925 1182 2024 ipse
1202 1925 1470 2023 Neapolitanus
1493 1949 1552 1998 me
1564 1923 1667 1998 librum

360 2054 462 2152 juxta
485 2054 562 2152 ejus
580 2053 761 2128 sinistram
783 2056 944 2140 tenente,
966 2049 1130 2124 similiter
1150 2049 1313 2124 absolute
1333 2048 1526 2147 incipienS,
1550 2049 1625 2122 dixit
1642 2049 1667 2121 iu

363 2184 448 2253 tono
472 2179 635 2278 predicto
665 2204 674 2253 :
712 2180 877 2253 Oramus.
899 2179 994 2253 Deus
1013 2178 1075 2276 qui
1094 2177 1287 2274 apostolum
1312 2189 1413 2250 tuum
1436 2176 1582 2251 Petrum
1600 2177 1669 2248 inter

362 2317 490 2379 ceteros
505 2303 714 2402 coapostolos
724 2304 1050 2402 primatumtenere
1072 2301 1223 2392 uoluisti,
1242 2302 1342 2400 eique
1359 2301 1522 2375 universe
1541 2299 1670 2374 cicutic-

361 2431 482 2504 nitotis
509 2431 635 2504 molem
662 2430 976 2528 superimposuisti,
1004 2430 1134 2526 respice
1153 2429 1343 2527 propitius,
1369 2451 1574 2525 quesumus,
1598 2427 1670 2499 lunc
1725 2504 1730 2522 ,

361 2555 543 2654 famulum
574 2566 674 2628 tuum
695 2553 956 2643 Innocentium,
989 2579 1092 2652 quem
1123 2577 1167 2626 ec
1189 2553 1317 2627 humili
1338 2552 1503 2626 cathedre
1530 2553 1670 2626 uiolenter
1724 2524 1731 2660 l

360 2679 539 2754 sublatum
562 2680 600 2752 in
627 2703 756 2752 nouum
784 2678 945 2774 ejusdem
977 2680 1211 2776 apostolorum
1236 2678 1407 2776 principis
1435 2678 1553 2752 iocum
1583 2677 1671 2750 subli-
1725 2660 1731 2757 l

360 2803 466 2877 musti
485 2801 530 2902 (3)
550 2814 594 2877 ut
607 2804 701 2877 sicut
708 2803 930 2902 profectibus
950 2813 1045 2876 tonte
1065 2802 1249 2900 dipnitotis
1272 2817 1437 2903 cupetur,
1461 2807 1512 2880 ito
1526 2805 1672 2879 uirtutum
1729 2841 1730 2844 π

359 2927 491 3002 meritis
506 2926 715 3020 cumuletur,
734 2939 906 3026 quotenus
921 2927 1079 3001 Ecclesia
1090 2928 1325 3002 uniuersitatis
1344 2955 1433 3003 onus
1449 2943 1482 3005 te
1495 2931 1672 3028 adjuvante

357 3053 466 3150 serat,
483 3067 520 3126 et
531 3078 556 3126 o.
572 3065 604 3127 te
620 3053 682 3152 qui
699 3077 733 3127 es
752 3053 925 3153 lentitudo
950 3064 1104 3144 tuorum,
1128 3053 1289 3128 meritone
1310 3055 1417 3128 uicem
1435 3055 1584 3153 recipiet
1601 3080 1612 3125 :
1626 3050 1674 3149 qui
1726 3106 1729 3117 .

357 3179 443 3252 uiuis
466 3189 501 3252 et
522 3204 651 3277 repnos
673 3204 753 3253 cum
770 3179 847 3252 Deo
856 3191 962 3276 petre
976 3179 1014 3250 in
1038 3179 1173 3252 unitate
1186 3179 1342 3276 Spiritus
1364 3181 1479 3255 sancti
1492 3180 1610 3270 Deus,
1622 3200 1673 3274 pu
1727 3175 1732 3258 ἐ

358 3305 488 3397 omnio,
504 3316 566 3378 etc.
582 3308 753 3380 Cantores
769 3305 1033 3402 responderunt
1051 3332 1058 3377 :
1077 3304 1210 3378 Amen.
1726 3302 1731 3351 ¹

406 3430 568 3521 Interim,
586 3454 671 3504 cum
686 3430 867 3504 orationes
877 3433 1038 3530 predicte
1049 3431 1270 3523 dicerentur,
1289 3434 1333 3504 D.
1346 3434 1449 3530 Hugo
1467 3429 1634 3524 Benzius(
1652 3426 1671 3525 ),

355 3558 437 3631 loco
456 3555 585 3655 prioris
602 3555 655 3630 sui
671 3555 987 3648 subdiaconorum,
1010 3557 1128 3655 posuit
1152 3557 1299 3654 pallium
1319 3556 1483 3656 pontifici
1504 3556 1674 3655 imponen·
1732 3581 1733 3584 ¹

355 3683 440 3754 dum
453 3707 561 3780 super
575 3683 700 3773 altare,
718 3689 754 3756 et
768 3681 854 3755 illud
868 3682 1002 3756 ibidem
1017 3682 1148 3780 aptavit
1163 3704 1265 3757 more
1281 3688 1469 3762 consuetu.

398 3807 523 3881 Finitis
544 3808 764 3882 orationibus
784 3808 1011 3906 supradictis,
1034 3814 1155 3882 amota
1176 3809 1241 3882 luit
1260 3808 1366 3882 sedes
1383 3812 1492 3907 Pape,
1511 3807 1671 3906 inplens,

354 3939 513 4032 utsupra
528 3919 661 4008 dictum
677 3939 744 4025 est,
762 3933 892 4032 posita,
910 3939 947 4006 et
965 3955 1092 4008 ornnes
1114 3931 1328 4023 cardinales,
1347 3933 1502 4030 demptis
1518 3931 1675 4006 assisten-

353 4056 460 4149 tibus,
478 4058 523 4131 ad
539 4081 603 4132 sua
615 4059 697 4133 loca
712 4064 794 4132 suut
809 4057 956 4132 reversi.
980 4061 1076 4155 Papa
1095 4080 1179 4131 vero
1199 4081 1283 4131 cum
1306 4057 1450 4147 birett0,
1471 4057 1551 4132 sine
1566 4056 1672 4138 mitra,

353 4183 506 4257 accessit
522 4183 566 4257 ad
582 4183 790 4259 inferiorem
807 4184 958 4281 gradum
971 4183 1105 4257 altaris.
1125 4187 1202 4268 Quo
1219 4183 1352 4256 ibidem
1375 4182 1590 4272 constituto,
1608 4181 1673 4253 DI).
1737 4187 1738 4216 l

352 4307 538 4400 Senensis,
556 4316 593 4383 et
608 4333 635 4383 s.
656 4309 800 4406 Georgii
822 4308 983 4383 seniores
1003 4307 1146 4382 diaconi
1167 4308 1368 4382 cardinales
1384 4299 1676 4382 ascenderuntad

352 4435 477 4525 altare,
494 4441 531 4509 et
544 4433 692 4533 pallium
711 4434 755 4508 de
776 4435 887 4508 altare
904 4433 949 4533 (5)
971 4433 1188 4532 recipientes
1208 4433 1294 4506 illud
1311 4433 1482 4515 Senensis
1499 4431 1545 4506 ad
1561 4429 1675 4506 derle-

352 4584 441 4652 ram,
461 4565 497 4634 et
512 4583 540 4634 s.
559 4558 703 4657 Georgii
719 4559 765 4634 ad
779 4559 961 4634 sinistram
970 4563 1197 4656 Papecoram
1214 4583 1257 4632 eo
1274 4558 1451 4634 elevatum
1468 4558 1673 4640 tenuerunt,

389 4767 415 4824 1.
436 4761 573 4823 Omission
586 4766 620 4823 de
634 4763 733 4835 ninas,
748 4782 775 4839 p.
791 4763 835 4823 73.

385 4858 413 4912 2.
433 4856 510 4930 Papa
523 4855 607 4913 etalii
620 4873 726 4924 omnes,
741 4861 772 4912 ut
789 4857 865 4930 prius
880 4855 1000 4924 stabant,
1017 4854 1075 4912 sine
1088 4853 1195 4913 mithris
1209 4855 1395 4913 manentibus.
1412 4884 1447 4898 -·
1461 4852 1555 4913 Riual.

387 4945 414 5001 3.
432 4945 626 5002 Sublimamus.
638 4976 673 4987 -
688 4943 778 5005 Rinal.

386 5034 412 5091 t.
433 5033 494 5108 Ugo
509 5033 634 5092 Bencius.
648 5067 684 5079 -
696 5033 786 5093 uisu.

382 5123 411 5182 5.
432 5123 472 5181 De
486 5123 579 5182 altura.
592 5155 628 5168 -
644 5125 763 5198 Manque
777 5124 847 5181 dans
861 5124 953 5182 Rinul.
