3508 6034
328 521 382 577 iro
786 517 961 574 sonamus
986 513 1208 584 euacuaaoi,
1419 514 1572 576 [assensa
1588 516 1648 576 ria]
1733 483 1734 552 3

332 675 495 748 ascendit
515 674 560 746 ad
581 675 723 768 solium,
742 673 968 787 ubiaccepit
987 695 1141 768 regnum
1165 671 1238 746 sive
1260 673 1433 763 thiaram3
1459 679 1495 745 et
1514 671 1551 742 in
1571 668 1649 742 sede
1733 683 1734 756 ᾗ

333 799 476 886 sedens,
508 807 719 896 apportante
750 798 817 872 sibi
847 803 888 872 Ι).
914 799 1071 893 Gaspare
1110 795 1249 868 Blondo
1286 820 1431 870 camere
1461 795 1649 893 apostolice
1733 809 1734 856 l

334 925 467 997 clerico
493 948 617 998 ensem
647 948 729 997 cum
752 923 892 1020 capello
922 921 1078 1018 desuper
1105 922 1223 1017 posito
1252 929 1288 996 et
1311 921 1491 996 conducto
1514 944 1579 1018 per
1598 943 1650 992 me

335 1072 457 1122 coram
474 1050 670 1123 Sanctitate
687 1073 764 1138 sua,
780 1048 824 1121 de
841 1049 953 1144 ipsius
969 1045 1139 1120 mandato
1154 1045 1649 1144 lantgraviopredictocoram

336 1199 379 1248 eo
395 1175 587 1272 genuflexo
604 1153 782 1248 Sanctitas
807 1197 872 1246 sua
894 1173 982 1268 legit
1008 1195 1052 1246 ex
1076 1171 1168 1244 libro
1195 1171 1315 1262 verba,
1346 1203 1362 1237 a
1390 1172 1506 1244 solent
1524 1173 1652 1244 romoni

331 1300 514 1397 pontifices
533 1329 549 1365 a
558 1326 573 1387 ,·
589 1299 718 1395 quibus
735 1299 859 1388 linitis,
878 1303 1028 1394 accepto
1045 1321 1132 1370 ense
1149 1319 1232 1370 cum
1248 1296 1401 1393 capello,
1419 1296 1569 1369 tradidit
1581 1293 1650 1368 illos

335 1424 498 1522 predicto
522 1425 738 1520 lantgravio,
763 1423 943 1520 capellum
967 1422 1011 1495 ab
1034 1445 1120 1496 ense
1144 1445 1217 1496 non
1240 1421 1440 1509 movendo;
1461 1443 1552 1518 quos
1566 1419 1651 1509 laut-

338 1551 479 1646 gravius
505 1549 699 1645 accipiere,
734 1571 881 1622 manum
918 1547 1049 1622 deinde
1085 1546 1216 1644 pedem
1246 1551 1342 1643 Papo
1379 1545 1561 1619 osculatus
1590 1553 1650 1626 ast,

336 1675 504 1770 brevibus
530 1673 647 1747 verbis
688 1674 875 1748 sanctitati
910 1696 973 1747 sue
1010 1673 1143 1769 gratias
1180 1694 1303 1768 agens.
1345 1671 1540 1745 Descendit
1573 1669 1653 1742 solio

336 1799 556 1896 lantgravius
573 1807 608 1873 et
622 1823 665 1871 ea
679 1799 827 1872 tradidit
843 1803 886 1872 D.
904 1797 1132 1872 Theoderico
1152 1797 1258 1870 militi
1279 1819 1344 1869 suo
1361 1795 1525 1870 servitori
1542 1817 1653 1867 coram

339 1947 377 1996 se
394 1923 608 2013 deserenda;
626 1928 723 2020 Papa
744 1924 888 2015 deinde,
914 1923 1193 2020 precedentibus
1214 1921 1457 1995 cardinalibus
1481 1921 1517 1992 in
1538 1943 1653 1993 eorum

339 2050 474 2145 cappis,
495 2049 592 2122 venit
614 2073 680 2146 per
707 2072 835 2122 navem
861 2049 988 2124 Vultus
1011 2049 1139 2136 sancti,
1163 2048 1222 2143 qui
1244 2071 1288 2121 ex
1303 2046 1474 2120 mandato
1491 2049 1584 2142 Papa
1598 2068 1655 2141 per

339 2174 549 2270 episcopum
571 2199 600 2246 s.
619 2175 759 2271 Agathe
783 2175 957 2247 vicarium
979 2173 1127 2246 basilice
1152 2171 1314 2270 predicte
1339 2170 1484 2268 publice
1500 2177 1654 2243 ostensus

340 2306 414 2386 cst;
446 2299 649 2373 ascendens
679 2298 810 2371 deinde
847 2298 891 2372 ad
926 2298 1113 2394 palatium,
1149 2295 1392 2371 cardinalibus
1430 2295 1497 2369 sub
1527 2295 1655 2392 porticu
1733 2289 1734 2308 ¹

339 2423 484 2496 basilice
503 2423 707 2510 licentiatis,
735 2423 932 2520 lantgravio
956 2424 1128 2497 continuo
1151 2424 1269 2519 ipsum
1287 2421 1323 2493 in
1345 2443 1411 2493 suo
1434 2419 1517 2494 loco
1541 2443 1655 2517 prece-

339 2548 446 2620 dente
461 2553 496 2620 et
511 2547 622 2620 milite
640 2570 704 2620 suo
718 2554 800 2621 ante
817 2549 934 2644 ipsum
949 2570 1074 2621 ensem
1093 2547 1279 2622 deferente
1296 2567 1408 2642 usque
1425 2545 1470 2618 ad
1486 2567 1654 2618 cameram

339 2671 534 2768 papagalli;
554 2670 680 2744 exinde
696 2669 793 2744 idem
805 2670 1022 2766 lantgravius
1037 2669 1236 2743 associatus
1252 2668 1317 2741 luit
1332 2691 1352 2741 a
1366 2667 1515 2765 prelatis
1530 2665 1652 2764 palatii,

340 2794 568 2869 cubiculariis
584 2801 619 2868 et
635 2794 813 2868 scutiferis
837 2799 946 2890 Pape,
972 2793 1182 2866 marchione
1210 2793 1365 2866 Badensi
1387 2801 1531 2866 oratore
1555 2793 1656 2888 imps-
1733 2783 1734 2786 '

341 2919 416 2992 riali
433 2918 762 3015 coarchiepiscopo
777 2917 975 3014 Argentino
992 2923 1028 2991 et
1045 2917 1145 2990 ducis
1159 2917 1313 2990 Saxonie
1335 2916 1654 3010 oratoribususque

340 3043 593 3139 adhopistium
609 3066 638 3113 s.
659 3041 785 3138 Angeli
808 3064 922 3138 prope
947 3065 1115 3138 campum
1140 3042 1257 3130 Flore,
1280 3040 1374 3114 inter
1389 3040 1654 3136 gubernatorem

343 3167 446 3240 Urbis
463 3172 499 3240 et
514 3167 827 3263 archiepiscopum
843 3165 1093 3240 arelatensem
1105 3166 1282 3261 equitans,
1297 3163 1358 3236 ubi
1373 3163 1524 3260 singulis
1535 3163 1654 3259 gratias

341 3291 414 3388 egit
430 3314 529 3365 more
547 3291 651 3363 solito
668 3289 820 3364 aliorum
836 3299 1038 3363 oratorum.
1061 3293 1112 3363 Ex
1128 3289 1272 3363 familiis
1293 3287 1529 3362 cardinalium
1548 3285 1654 3359 nullus

341 3415 516 3506 interluit,
532 3415 617 3489 licet
638 3441 667 3488 s.
692 3419 734 3488 l).
759 3421 883 3489 noster
905 3415 1147 3489 cardinalibus
1166 3438 1232 3512 per
1246 3437 1305 3489 me
1326 3415 1395 3488 dici
1415 3411 1652 3508 fecissetquod

341 3541 470 3614 vellent
493 3547 633 3637 partem
657 3539 790 3613 lamilie
819 3563 882 3613 sue
912 3541 959 3613 ad
982 3540 1237 3613 honorandum
1266 3539 1402 3614 dictum
1431 3537 1650 3634 lantgravium

340 3665 481 3737 mittere
498 3671 534 3738 et
548 3665 585 3737 id
598 3689 636 3737 se
652 3665 811 3739 lecturos
828 3665 977 3761 polliciti
991 3664 1137 3738 luerint.

367 3769 368 3772 ¹
393 3788 497 3861 Feria
512 3788 683 3878 secunda,
702 3791 747 3860 26
769 3788 987 3876 decembris,
1012 3787 1105 3861 lesto
1125 3814 1156 3862 s.
1182 3789 1355 3886 Stephani
1376 3785 1649 3886 protomartyris,

344 3919 468 3986 limus.
485 3916 528 3986 D.
551 3912 791 3986 cardinalias.
814 3913 1003 3989 Anastasio
1026 3913 1218 3987 celebravit
1243 3913 1391 3986 missam
1416 3913 1610 3985 solemnem
1622 3910 1652 3980 iu

343 4038 482 4135 capella
495 4038 711 4134 supradicta,
730 4041 826 4134 Papa
845 4045 1029 4134 presente.
1056 4041 1271 4112 Sermonem
1291 4037 1377 4110 lecit
1389 4037 1502 4110 lrater
1517 4035 1653 4108 Bartho-

314 4211 316 4216 -
342 4164 483 4238 lomeus
508 4165 552 4238 de
576 4163 738 4239 viterbio
759 4162 894 4237 ordinis
918 4163 1187 4259 predicatorum
1214 4169 1250 4238 et
1276 4162 1346 4236 alia
1376 4162 1563 4248 observata
1585 4163 1652 4231 sunt

267 4373 272 4380 g
342 4314 444 4365 more
465 4291 584 4364 solito.

391 4417 494 4491 Faria
507 4418 625 4508 tertia,
641 4423 684 4490 27
702 4415 920 4507 decembris,
937 4417 1030 4490 sesto
1049 4441 1079 4489 s.
1097 4416 1280 4513 {iohannis
1293 4415 1527 4512 evangeliste,
1546 4420 1652 4487 amus.

343 4545 385 4615 D.
403 4543 594 4616 cardinalis
608 4547 882 4616 Beneventanus
898 4541 1089 4615 celebravit
1103 4541 1252 4615 missam
1267 4541 1470 4615 solemnem
1484 4541 1522 4612 in
1533 4539 1652 4634 majore

342 4669 479 4766 capella
497 4669 669 4767 predicta,
693 4673 789 4766 Papa
809 4675 990 4766 presente.
1021 4672 1100 4741 Non
1125 4667 1192 4741 luit
1221 4690 1356 4756 sermo,
1385 4665 1469 4762 quia
1491 4665 1548 4738 cui
1571 4683 1653 4734 com-

341 4797 472 4870 missus
494 4805 571 4870 erat
587 4795 765 4869 infirmus.
784 4795 863 4869 Alia
879 4796 1000 4868 omnia
1014 4819 1116 4868 more
1130 4795 1235 4868 solito
1252 4801 1334 4867 sunt
1348 4791 1548 4865 observata.

392 4922 547 4994 Sabbato
576 4925 616 4994 31
642 4921 858 5012 decembris,
885 4921 1001 5017 vigilia
1031 4919 1317 4993 circumcisionis
1344 4915 1502 5006 Domini,
1525 4915 1650 4987 luerunt

340 5068 488 5140 vespere
519 5045 665 5142 papales
694 5045 732 5118 in
760 5046 898 5143 capella
932 5047 1085 5142 majore,
1116 5051 1286 5140 presente
1319 5047 1421 5139 Papa
1447 5049 1484 5113 et
1509 5037 1649 5112 osticium

342 5167 509 5243 iaciente.
528 5169 594 5244 Die
608 5171 771 5268 sequenti
783 5169 850 5243 luit
867 5169 980 5244 missa
997 5170 1170 5245 solemnis
1190 5171 1226 5242 in
1243 5169 1371 5243 eadem
1391 5165 1540 5264 capella,
1557 5181 1648 5262 quun
