3496 6056
311 439 347 494 78
767 430 944 490 lobnb'ltls
970 430 1191 504 abacelam,
1481 436 1560 502 [aaut
1576 443 1649 508 (666]

363 588 477 664 Panni
489 588 619 666 virides
637 612 702 688 pro
717 588 857 686 capella
879 614 909 664 6.
928 588 1085 666 Silvestn'
1107 585 1204 684 apud
1220 585 1405 666 basilicam
1425 618 1454 668 6.
1470 594 1654 670 lobannis

313 715 529 815 predictam
546 735 708 788 caune...

365 845 585 940 suggestum
599 838 759 914 11616616
776 847 918 936 portam
937 841 1098 938 porticus
1120 842 1155 916 in
1174 841 1283 940 plano
1304 844 1483 920 scalarum
1499 845 1651 922 basilice

314 993 344 1042 s.
366 967 460 1044 Petri
475 965 675 1065 predictam
688 963 954 1062 largitudinis...

363 1095 547 1170 Baltresca
575 1092 638 1169 1161
658 1092 705 1168 16
725 1099 831 1190 66616
851 1091 1038 1190 6616616611
1067 1093 1213 1169 basilice
1240 1121 1271 1169 6.
1292 1096 1468 1172 lobannis
1495 1101 1651 1174 Latera-

314 1223 436 1302 nensis
450 1243 564 1320 nsque
581 1219 628 1294 61
644 1219 757 1294 altare
775 1219 894 1318 majus
909 1227 945 1293 61
964 1219 1009 1294 16
1032 1220 1162 1294 eodem
1186 1221 1287 1294 altari
1305 1245 1420 1319 usquc
1437 1222 1484 1296 ad
1500 1231 1651 1322 portam

313 1347 523 1450 quaitnrad
538 1349 900 1422 sanctasanctorum
915 1344 1105 1443 capellam,
1123 1345 1320 1420 altitudinis
1335 1346 1590 1444 palmorum...
1611 1355 1649 1424 et
1744 1347 1745 1422 ζ

312 1472 547 1574 longitudinis
562 1496 806 1547 cannarum...

360 1598 629 1678 6166666666
645 1598 709 1674 luit
723 1598 760 1672 in
773 1597 890 1696 prima
904 1597 987 1674 aula
1000 1598 1122 1698 palatii
1143 1625 1178 1674 s.
1199 1600 1374 1676 lobannis
1390 1602 1648 1703 Lateranensis

314 1727 359 1804 de
390 1751 463 1802 nno
490 1750 594 1802 muro
621 1724 846 1800 transversali
868 1724 917 1799 ad·
941 1725 1050 1800 alium
1080 1749 1225 1801 murum
1247 1727 1537 1818 transversalcm,
1563 1729 1648 1804 alti-

317 1853 451 1930 tudinis
466 1854 619 1928 duorum
639 1851 774 1950 pedum
795 1859 831 1928 61
846 1850 1043 1926 latitudinis
1065 1852 1199 1950 pedum
1221 1852 1426 1951 quindecim
1447 1857 1504 1931 vel
1532 1857 1644 1934 circa.

363 1981 415 2054 De
427 1977 549 2054 6111616
560 1977 711 2053 66661616
730 2001 738 2050 :

362 2105 522 2180 Sacrista
555 2103 677 2201 palatii
708 2102 896 2202 apostolici
922 2103 1107 2202 provideat
1139 2103 1184 2178 de
1211 2104 1382 2180 omnibus
1422 2106 1646 2201 paramentis
1745 2075 1746 2078 ¹

312 2229 577 2332 pontificalibus
602 2229 725 2306 6111616
745 2230 854 2306 misse
877 2230 1121 2305 coronationis
1152 2230 1304 2306 1166616
1331 2228 1645 2322 convenientibus,

315 2357 372 2433 cni
388 2355 416 2431 61
432 2355 666 2432 convenirent
677 2354 747 2430 alia
761 2355 944 2453 provideat
956 2355 1063 2430 etiam
1084 2356 1128 2430 de
1139 2355 1361 2454 paramentis
1373 2353 1518 2452 quibus,
1532 2359 1645 2454 Papa,

313 2483 425 2558 missa
441 2481 554 2574 finita,
578 2505 616 2556 sc
642 2489 757 2580 66661,
778 2481 863 2579 qnia
881 2482 918 2555 in
938 2481 1027 2556 albis
1048 2481 1267 2580 paramentis
1287 2479 1461 2556 duntaxat
1475 2482 1649 2557 convenit

315 2606 630 2707 processionaliter
642 2606 688 2681 ad
703 2611 983 2684 Lateranensem
997 2607 1159 2704 equitare
1173 2632 1181 2700 ;

360 2733 405 2810 de
421 2757 530 2833 66666
544 2755 610 2831 666
625 2757 776 2832 6666666
793 2733 924 2810 Christi
938 2742 975 2809 ct
985 2733 1136 2809 ductore
1150 2733 1248 2831 eqni,

360 2859 404 2936 16
422 2849 562 2934 duabus
574 2857 748 2934 lanternis
764 2866 800 2934 61
815 2857 975 2934 66616116
989 2866 1025 2934 61
1040 2859 1287 2957 portitoribus,

362 2985 406 3062 16
420 2985 587 3062 omnibus
603 3009 673 3082 que
689 2984 898 3064 admissam
913 2983 1080 3083 papalem
1096 2984 1289 3083 pertinent.

359 3112 412 3188 [te
425 3109 577 3188 diacono
591 3119 627 3186 et
642 3110 863 3188 subdiacono
879 3111 995 3209 grecis
1012 3135 1020 3185 :

357 3239 477 3314 Aviset
492 3261 620 3314 omncs
638 3237 767 3335 quibus
782 3261 902 3312 sacras
912 3247 1030 3314 vestes
1045 3245 1185 3314 mutuat
1199 3236 1258 3312 ubi
1285 3238 1322 3311 in
1337 3235 1485 3311 basilica
1498 3241 1648 3312 Latera-

321 3363 424 3438 nensi
447 3360 524 3437 illas
548 3363 729 3462 deponere
761 3364 917 3440 debeant
946 3373 982 3440 et
1008 3367 1075 3440 sibi
1095 3367 1300 3458 restituere,
1322 3366 1376 3440 vel
1400 3365 1498 3464 quod
1516 3365 1577 3440 ille
1599 3366 1646 3438 ad

315 3485 485 3585 palatium
500 3488 566 3564 sibi
581 3489 810 3565 remittantur
824 3499 859 3565 61
877 3491 1101 3589 singulorum
1114 3493 1262 3567 nomina
1273 3499 1385 3569 notet.

357 3615 409 3688 De
426 3613 546 3688 officio
563 3598 866 3690 subdiaconorum
883 3617 1166 3714 apostolicorum
1183 3643 1191 3692 :

359 3741 493 3813 Omnes
507 3739 717 3816 subdiaconi
739 3741 927 3838 apostolici
950 3742 1065 3816 induti
1088 3752 1196 3819 66661
1216 3741 1395 3818 tunicellis
1417 3741 1507 3816 albis
1532 3765 1644 3839 66666

313 3865 509 3956 6661161166,
537 3888 609 3940 666
633 3865 781 3965 dempto
803 3867 864 3962 qui
887 3867 1075 3964 epistolam
1099 3870 1261 3944 dicturus
1283 3876 1338 3943 est
1362 3869 1399 3942 in
1422 3868 1558 3942 missa:
1581 3866 1642 3940 ille

313 3997 452 4066 tantum
478 3990 625 4068 habebit
654 3991 838 4081 amictum,
868 3991 1001 4084 albam,
1037 3994 1222 4092 cingulum
1255 4003 1292 4068 61
1324 3993 1550 4091 manipulum
1575 3991 1644 4064 snb

314 4116 497 4210 tunicella,
515 4125 551 4193 et
564 4115 599 4192 in
613 4117 781 4194 omnibns
794 4116 924 4192 officiis
936 4120 1095 4216 portabit
1117 4145 1264 4196 crucem
1280 4127 1364 4196 ante
1379 4123 1512 4217 Papam
1530 4117 1643 4192 etiam

311 4243 348 4316 in
372 4243 604 4342 processione
625 4244 671 4318 61
692 4247 924 4336 Lateranum,
944 4255 981 4321 et
1004 4246 1074 4322 alia
1098 4247 1205 4322 laciet
1219 4254 1326 4346 prout
1347 4245 1523 4336 inmissa,
1544 4247 1645 4339 Papa

310 4368 530 4462 celebrante,
546 4378 601 4446 cst
615 4369 833 4446 ordinatum.

356 4495 657 4574 Dicentlaudem.

358 4623 460 4698 Prior
483 4623 737 4722 episcoporum
762 4621 920 4716 interim,
952 4625 1037 4698 dnm
1065 4626 1170 4700 tertia
1202 4621 1316 4700 oratio
1342 4644 1407 4721 per
1429 4622 1644 4720 episcopum

305 4747 524 4824 cardinalem
554 4771 662 4848 super
683 4753 817 4848 Papam
831 4749 977 4841 dicitur,
1004 4750 1159 4848 portabit
1179 4751 1327 4848 pallium
1349 4749 1394 4824 ad
1414 4748 1524 4822 altare
1544 4756 1583 4821 et
1604 4747 1644 4819 in

308 4863 402 4945 illius
416 4869 536 4950 medlo
549 4871 637 4952 illud
650 4877 844 4952 ordinabit.

355 4999 408 5072 lle
423 4995 556 5095 palatio
572 5023 599 5072 6.
619 4999 794 5074 lobannis
808 4999 1064 5076 Lateranensis
1083 5024 1091 5073 :

301 5147 305 5154 ·
353 5121 530 5200 Palatlnm
555 5147 584 5200 6.
611 5125 787 5202 iohannis
809 5125 1063 5204 Lateranensis
1085 5133 1267 5226 reaptetnr
1287 5137 1323 5204 61
1345 5127 1563 5205 reformetur
1578 5119 1644 5199 obl
