3508 6034
338 489 391 542 482
794 475 968 534 JOHANNIS
993 475 1215 544 abacelam,
1526 477 1591 546 [nai
1606 477 1668 548 rior]

340 637 601 736 sequebantur;
621 640 656 708 et
671 632 742 706 hoc
757 631 882 706 ordine
900 655 1012 728 usque
1029 631 1074 706 ad
1090 637 1252 706 sanctam
1267 629 1418 704 Mariam
1429 629 1465 702 in
1480 629 1554 704 Via
1570 633 1665 720 Lata,

339 770 375 838 et
389 763 472 836 inde
485 763 588 859 juxta
602 759 750 834 domum
771 758 815 832 de
836 757 999 832 Maximis
1016 758 1063 832 ad
1081 781 1251 856 campum
1266 757 1370 832 Flore
1387 763 1424 830 et
1437 756 1495 830 via
1511 763 1613 832 recta
1626 759 1667 830 ad

338 889 493 986 plateam
508 873 619 961 sancti
641 885 750 974 Petri,
767 884 850 958 inde
866 883 1039 980 perviam
1051 885 1154 982 juxta
1170 883 1350 959 stabulum
1366 883 1459 958 Rmi.
1475 882 1666 958 cardinalis

338 1013 581 1088 sancteblarie
597 1011 634 1084 in
649 1011 795 1086 Porticu
811 1008 856 1082 ad
872 1008 1020 1082 domum
1037 1013 1079 1084 Ι).
1099 1007 1344 1082 Bartholomei
1360 1007 1513 1082 blentini
1528 1006 1590 1105 (l),
1608 1011 1664 1082 SS.

339 1143 381 1212 D.
398 1141 439 1212 N.
455 1160 548 1234 pape
564 1135 650 1210 olim
665 1133 876 1208 cubicularii
893 1133 1037 1225 secreti,
1055 1157 1126 1230 que
1143 1133 1229 1208 olim
1244 1134 1311 1206 fuit
1326 1132 1487 1230 episcopi
1506 1134 1667 1207 Cervian-

338 1264 399 1354 siS,
414 1287 479 1360 pro
494 1261 652 1360 hospitio
674 1259 759 1334 dicti
775 1258 926 1334 oratoris
944 1257 1128 1356 deputata,
1145 1258 1388 1356 pervenimus,
1406 1256 1481 1346 ubi,
1502 1259 1594 1332 actis
1609 1281 1668 1354 per

337 1394 517 1464 oratorem
533 1386 737 1484 predictum
755 1409 800 1459 ex
814 1408 916 1458 more
932 1384 1101 1458 omnibus
1123 1384 1261 1481 gratiis,
1280 1389 1513 1458 recesserunt
1529 1404 1664 1458 omnes.

385 1511 566 1586 Schedula
589 1535 655 1608 per
677 1534 735 1584 me
756 1509 851 1584 lacta
870 1508 991 1584 abbati
1014 1508 1129 1583 sancti
1146 1508 1361 1600 Sebastiani,
1385 1507 1537 1584 sacriste
1562 1512 1662 1605 Pape,

337 1659 445 1732 super
467 1633 694 1709 intimatione
715 1632 859 1706 RRmis.
884 1635 959 1706 Ι)Ι).
982 1631 1225 1706 cardinalibus
1253 1631 1433 1726 iacienda,
1468 1633 1514 1708 de
1545 1655 1665 1730 recep

336 1761 434 1836 tione
447 1760 532 1836 lorri
544 1760 683 1833 lancee.

385 1917 403 1954 a
428 1885 617 1960 intimetur
638 1883 807 1958 omnibus
835 1882 979 1955 RRmis.
1003 1887 1079 1958 Ι)Ι).
1110 1883 1351 1956 cardinalibus
1375 1885 1474 1980 quod
1494 1885 1532 1958 in
1553 1885 1664 1983 uigilia

335 2011 567 2086 Ascensionis
589 2014 694 2084 erunt
714 2030 864 2104 vespere
882 2007 919 2080 in
939 2007 1079 2105 capella
1097 2009 1236 2106 majore
1253 2009 1375 2106 palatii
1390 2037 1398 2096 ;
1416 2011 1450 2082 in
1475 2011 1535 2086 die
1551 2017 1661 2084 autem

335 2139 399 2212 SS.
421 2141 462 2210 D.
483 2139 526 2210 N.
546 2135 643 2209 bono
663 2157 769 2208 mane
791 2132 966 2228 equitabit
986 2133 1032 2206 ad
1052 2141 1195 2231 portam
1214 2134 1332 2225 Urbis,
1350 2137 1455 2234 juxta
1476 2137 1661 2212 ecclesiam

334 2261 440 2336 beate
461 2261 572 2334 Marie
597 2259 642 2334 de
665 2257 801 2356 Populo
828 2281 1023 2355 perquam
1049 2258 1196 2334 intrabit
1221 2260 1508 2336 sacratissimum
1534 2263 1660 2337 serrum

334 2386 474 2477 lancee,
497 2411 568 2482 quo
589 2386 682 2461 latus
703 2389 745 2460 Ι).
771 2387 814 2458 Ν.
842 2386 927 2456 Jesu
948 2383 1093 2475 Christi,
1121 2383 1158 2456 in
1185 2407 1293 2458 cruce
1316 2407 1382 2482 pro
1409 2385 1529 2461 salute
1549 2393 1660 2460 nostra

335 2511 528 2607 pendentis
548 2519 714 2608 apertum
734 2515 802 2598 est,
826 2514 861 2582 et
879 2506 1014 2580 ibidem
1034 2508 1150 2605 ipsam
1168 2507 1335 2582 lanceam
1350 2533 1371 2583 e
1386 2511 1558 2585 manibus
1572 2511 1659 2607 lega-

335 2643 454 2710 torum
477 2636 629 2733 accipiet
650 2642 684 2709 et
699 2631 1017 2732 processionaliter
1035 2633 1212 2730 portabit;
1239 2633 1337 2724 inde,
1361 2635 1418 2710 via
1435 2645 1549 2724 recta,
1567 2637 1657 2734 juxta

335 2761 472 2834 llumen
490 2760 535 2834 od
550 2767 709 2834 castrum
731 2784 760 2832 s.
778 2759 921 2855 Angeli,
940 2765 975 2832 et
990 2758 1164 2855 perviam
1180 2767 1337 2835 stantem
1353 2761 1533 2858 usquead
1550 2760 1658 2834 basili·
1725 2831 1726 2846 ,

335 2909 414 2958 cam
437 2913 466 2958 s.
491 2887 601 2975 Petri,
625 2885 685 2959 ubi
713 2883 845 2958 deinde
869 2883 1010 2958 dicetur
1033 2884 1145 2958 missa
1168 2886 1342 2960 solemnis
1363 2887 1408 2962 de
1431 2889 1540 2978 leste,
1559 2909 1655 2984 quam
1725 2885 1726 2908 ¹

334 3011 532 3086 celebrabit
547 3017 671 3086 Rmus.
696 3017 738 3087 D.
764 3010 958 3084 cardinalis
977 3035 1006 3084 s.
1031 3012 1248 3101 Clementis3
1272 3037 1343 3110 qua
1363 3014 1466 3088 linita
1482 3017 1544 3088 SS.
1563 3015 1602 3085 Ι).
1617 3014 1653 3084 N.

239 3177 247 3198 ·
333 3136 431 3212 dabit
446 3138 628 3236 publicam
641 3145 677 3213 et
693 3138 895 3212 solemnem
910 3135 1205 3212 benedictionem
1222 3137 1258 3210 in
1276 3138 1358 3211 loco
1373 3147 1563 3214 consueto.
1581 3140 1655 3210 Pro

333 3262 450 3336 cessio
465 3263 528 3338 liet
543 3263 580 3336 in
593 3265 814 3360 paramentis
830 3262 934 3353 albis,
953 3269 989 3336 et
1004 3285 1087 3336 cum
1103 3262 1529 3352 intorticiiS,benedietio
1544 3269 1652 3336 autem

333 3387 410 3462 sine
430 3387 664 3485 paramentis,
680 3394 716 3462 et
731 3412 804 3461 non
824 3385 893 3461 erit
914 3409 1085 3458 sermo».

379 3512 518 3586 Avisavi
538 3509 731 3614 propterea
752 3515 939 3587 sacristam
960 3515 1069 3606 Pape,
1095 3511 1247 3586 clericos
1268 3515 1534 3610 campanarios,
1553 3515 1651 3588 sorre-

332 3634 405 3707 rios
419 3639 528 3732 Pape,
546 3634 643 3734 quod
658 3637 703 3710 ad
719 3637 912 3711 ecclesiam
932 3635 1039 3711 beate
1055 3636 1169 3710 Marie
1183 3637 1227 3710 de
1244 3637 1382 3735 Populo
1398 3631 1581 3716 mitterent
1594 3659 1651 3736 pro

332 3755 428 3832 dicta
451 3758 508 3833 die
533 3760 687 3857 pluviale
718 3760 840 3834 album
869 3767 905 3834 et
925 3760 1070 3833 mitram
1095 3761 1300 3857 preciosam
1326 3769 1362 3838 et
1386 3764 1547 3860 planam,
1574 3765 1650 3838 duas

331 3884 518 3981 mappulas
539 3884 722 3982 pulchras,
747 3910 856 3960 unam
878 3910 943 3983 pro
967 3886 1062 3960 collo
1082 3893 1118 3961 et
1139 3887 1248 3960 aliam
1269 3911 1336 3985 pro
1360 3890 1529 3964 manibus
1553 3894 1647 3986 Pape,

331 4008 548 4086 candelabra
570 4011 654 4100 duo,
693 4010 918 4085 thuribulum
942 4034 1026 4084 eum
1054 4011 1220 4086 navicula
1243 4017 1279 4086 et
1307 4011 1457 4086 incenso
1482 4021 1519 4089 et
1540 4011 1649 4086 balda-

332 4133 493 4210 chinum.

379 4259 632 4357 Superioribus
646 4261 772 4336 diebus
788 4267 935 4335 vocatus
947 4261 1029 4335 veni
1045 4261 1091 4338 ad
1106 4266 1261 4338 RRmos.
1276 4267 1352 4340 Ι)Ι).
1367 4268 1645 4342 Beneventanum

329 4394 364 4461 ct
391 4413 419 4458 s.
444 4388 632 4462 Anastasio
656 4387 857 4460 cardinales
884 4411 950 4484 pro
980 4388 1206 4464 ordinatione
1227 4389 1447 4488 receptionis
1472 4391 1556 4466 terri
1573 4411 1644 4486 pre·
1724 4395 1725 4410 ¹

329 4511 415 4586 dicti
430 4511 608 4602 iacienda,
626 4537 709 4586 cum
725 4513 853 4609 quibus
876 4513 986 4587 etiam
1010 4517 1086 4586 erat
1105 4515 1146 4586 R.
1165 4513 1203 4586 in
1219 4512 1362 4588 Christo
1377 4517 1417 4588 P.
1442 4518 1485 4589 Ι).
1502 4519 1643 4588 loannes

328 4642 455 4714 Petrus
483 4640 674 4736 episcopus
704 4639 973 4727 Urbinatensis;
996 4643 1033 4712 et
1060 4637 1196 4712 ibidem
1226 4639 1340 4713 multa
1368 4638 1464 4714 dicta
1492 4644 1571 4714 sunt
1597 4631 1640 4706 rei

328 4763 592 4853 convenientia,
608 4769 644 4838 et
660 4764 754 4838 inter
772 4764 855 4853 alia,
874 4762 970 4861 quod
989 4769 1138 4860 propter
1153 4765 1215 4838 SS.
1235 4767 1276 4838 D.
1296 4768 1338 4838 N.
1358 4766 1488 4862 atejus
1505 4759 1638 4838 infirmi·

329 4891 453 4979 tatem,
473 4889 608 4963 serrum
629 4889 746 4986 ipsum
769 4898 893 4987 posset
914 4913 980 4987 per
998 4896 1101 4987 prata
1122 4890 1167 4964 ad
1192 4890 1402 4987 palatiolum
1422 4891 1468 4966 de
1488 4883 1636 4988 Spinettis

326 5067 591 5213 ssllzss·ssnh⁰l⁰mel
607 5073 712 5147 Antini,
730 5091 797 5132 mss.
819 5075 935 5139 5158-9.
961 5072 1065 5144 Oxtini,
1083 5075 1147 5142 149;
1164 5073 1234 5132 dans
1253 5073 1372 5146 Vialard,
1387 5091 1454 5133 our.
1478 5075 1538 5144 cite,
1556 5089 1580 5146 p·
1597 5069 1633 5132 48,

353 5198 362 5217 .
405 5165 485 5218 rtrno.
