3508 6034
362 499 415 554 rso
813 491 986 550 Jousuurs
1010 489 1230 560 succusani,
1449 493 1599 561 [savem
1614 495 1671 567 usq

364 651 457 725 testo
478 675 508 724 s.
530 650 674 726 Martini
696 647 869 746 episcopi.
893 644 1094 719 Celebravit
1114 645 1263 718 missam
1283 644 1466 743 publicam
1487 653 1523 720 et
1541 646 1673 723 absoluit

363 782 447 872 post
468 799 548 850 eam
567 780 611 848 R.
634 776 671 848 in
691 774 833 850 Christo
853 775 893 846 P.
912 775 955 846 D.
978 775 1086 844 Josne
1112 771 1303 869 episcopus
1323 772 1536 846 Esculanus.
1558 773 1675 860 Quibus

363 898 493 972 diebus
513 898 755 974 interfuerunt
775 903 922 971 centnm
942 902 1004 971 aut
1019 902 1166 969 centum
1182 901 1219 970 et
1234 895 1363 970 decem
1379 897 1527 972 circiter
1544 896 1674 988 sonesti,
1729 977 1730 996 ,

364 1050 405 1100 ac
421 1027 541 1100 nullus
556 1025 715 1123 prelatus
731 1023 907 1098 interfuit.

414 1152 520 1225 Faria
544 1157 657 1240 sexta,
685 1154 724 1222 ll
750 1148 969 1238 novembrio,
987 1145 1079 1220 festo
1107 1169 1136 1218 s.
1160 1145 1305 1246 Martini
1327 1145 1503 1244 episcopi,
1526 1147 1606 1220 licet
1624 1171 1677 1243 per

291 1275 293 1280 ’
365 1300 533 1350 cursores
549 1275 754 1350 intimatum
770 1273 896 1347 luisset
915 1295 981 1370 pro
999 1272 1091 1344 hora
1109 1271 1297 1368 vigesima,
1319 1275 1448 1344 tamen
1462 1277 1545 1367 post
1563 1270 1676 1366 vigesi-

364 1401 475 1475 marni
502 1408 667 1500 quartam
691 1405 901 1476 ntraverunt
929 1398 1064 1472 Urbem
1092 1419 1160 1493 per
1183 1403 1326 1494 portam
1351 1395 1536 1485 Viridarii,
1567 1395 1676 1468 decen

365 1533 529 1602 oratores
545 1527 642 1624 regis
658 1527 822 1616 Francia,
839 1523 1008 1599 videlicet
1028 1527 1070 1596 R.
1094 1525 1133 1594 P.
1153 1526 1195 1596 D.
1220 1521 1410 1618 episcopus
1426 1519 1676 1594 lomban'ensis

364 1651 475 1725 abbas
498 1651 709 1725 monasterii
733 1675 762 1724 a.
786 1649 938 1724 Dionisii
958 1648 1186 1734 Parisiensis,
1213 1646 1391 1720 Antonius
1417 1645 1529 1720 abbas
1549 1669 1678 1720 monas·

365 1777 450 1850 terii
467 1801 496 1848 s.
514 1776 661 1850 Antonii
677 1776 722 1850 de
737 1777 891 1865 Vienna,
910 1778 1038 1850 Petrus
1052 1773 1152 1871 prior
1166 1771 1349 1862 Alvernie,
1368 1771 1518 1846 Carolus
1533 1771 1577 1845 de
1591 1771 1678 1845 tlo-

365 1901 476 1974 basce
493 1901 537 1973 de
553 1901 779 1998 parlamento
794 1899 998 1998 parisiensi,
1017 1897 1235 1972 Benedictus
1255 1897 1370 1972 Adam
1387 1896 1432 1970 de
1453 1895 1676 1995 parlamento‚

364 2028 541 2101 Antonius
564 2025 608 2099 de
632 2026 757 2100 Floras
785 2023 1061 2100 archidiaconus
1077 2022 1367 2114 MatisconensiS,
1388 2022 1573 2096 Johannes
1593 2023 1677 2096 Bris-

367 2159 484 2242 sonet,
502 2152 687 2226 lohannes
702 2153 747 2226 de
764 2150 936 2239 Candida,
952 2151 1136 2223 lohannes
1157 2147 1202 2222 de
1218 2149 1374 2221 Lienans
1390 2146 1550 2221 decanus
1565 2149 1676 2222 Pison-

367 2279 463 2352 tinus
480 2285 516 2353 et
530 2279 741 2352 Guillelmus
756 2276 914 2373 Buugier
931 2275 1065 2372 regalis
1080 2273 1298 2348 secretarius
1313 2297 1396 2346 cum
1412 2275 1578 2370 personis
1593 2273 1675 2346 circa

366 2427 420 2495 cu,
440 2403 499 2499 qui
516 2403 697 2478 aiamiliis
713 2405 777 2477 SS.
796 2407 839 2478 D.
858 2405 900 2476 N.
912 2423 1003 2500 pape
1013 2408 1049 2476 et
1057 2401 1295 2476 cardinalium
1308 2401 1345 2474 in
1355 2399 1450 2474 Urbe
1460 2399 1674 2474 existentium

366 2549 468 2600 more
484 2528 590 2602 solito
605 2527 743 2624 recepti
759 2526 905 2602 luerunt
921 2534 957 2602 et
972 2550 1086 2624 usque
1107 2525 1153 2629 ad
1172 2525 1321 2598 domum
1341 2524 1386 2598 de
1409 2525 1540 2615 Flisco,
1562 2524 1598 2596 in
1618 2547 1677 2620 qua

366 2650 504 2747 primus
536 2659 671 2742 orator,
701 2651 870 2726 videlicet
906 2651 1110 2748 episcopuS,
1140 2650 1316 2747 hospitari
1351 2649 1475 2738 voluit,
1508 2648 1673 2722 associati.

366 2777 515 2849 Familia
529 2777 721 2850 cardinalis
744 2801 773 2850 s.
799 2776 895 2851 Petri
918 2777 963 2850 ad
984 2776 1139 2852 Vincula
1160 2783 1197 2850 et
1218 2776 1465 2851 Beneventani
1487 2777 1675 2872 equitarunt
1729 2751 1730 2796 l

365 2901 473 2998 longe
488 2903 583 2978 ultra
601 2909 763 2976 montem
783 2903 950 2992 Marium,
974 2903 1034 2976 elii
1055 2925 1168 2998 usqne
1189 2901 1235 2976 ad
1257 2901 1363 2976 solita
1380 2901 1472 2976 loca.
1494 2903 1675 2998 Episcopus
1729 2959 1730 2982 ,

365 3027 646 3119 Lombariensis,
678 3028 816 3125 primns
845 3032 980 3116 orator,
1018 3027 1189 3124 equitavit
1218 3026 1313 3100 inter
1341 3027 1572 3100 Franciscum
1599 3025 1674 3100 Cibo

364 3151 478 3225 tilium
510 3155 620 3250 Pape,
645 3153 704 3250 qui
728 3154 780 3226 sic
801 3153 926 3242 voluit,
951 3178 972 3226 a
993 3153 1130 3226 dextris
1159 3157 1195 3226 et
1224 3151 1508 3248 gubernatorem
1537 3151 1634 3225 Urbis
1658 3171 1674 3221 a

362 3277 537 3366 sinistris;
555 3279 666 3352 abbas
683 3303 711 3350 s.
730 3279 875 3352 Antonii
893 3278 988 3377 (cum
1004 3300 1076 3374 quo
1090 3275 1441 3374 superprecedentia
1449 3275 1673 3352 contendebat

363 3401 463 3497 prior
482 3401 662 3494 Alveruie,
687 3427 753 3500 pro
783 3427 826 3476 eo
856 3403 954 3500 quod
982 3410 1018 3477 et
1046 3403 1123 3500 ipse
1146 3402 1246 3498 prior
1277 3402 1414 3477 lecerat
1448 3427 1487 3476 se
1517 3403 1553 3475 in
1575 3399 1674 3476 literis

365 3526 546 3621 regalibus
576 3527 644 3624 ipsi
673 3527 793 3602 abbati
823 3528 987 3627 proponi)
1018 3527 1190 3623 equitavit
1218 3527 1313 3601 inter
1341 3527 1459 3624 ipsum
1488 3526 1673 3623 priorema

364 3633 500 3724 dextris
517 3659 552 3726 et
566 3653 882 3750 archiepiscopum
898 3654 1149 3728 Arelatensem
1172 3677 1194 3725 a
1213 3651 1387 3739 sinistris;
1405 3659 1554 3747 quartus
1569 3657 1673 3724 orator

364 3775 459 3848 inter
474 3776 629 3851 electum
645 3777 856 3851 Thebanum
873 3785 909 3852 et
925 3779 1223 3873 Andegavensem
1245 3801 1265 3850 a
1285 3776 1422 3850 dextris
1438 3783 1477 3850 et
1491 3753 1673 3870 archiepis-

364 3921 494 3996 copum
511 3903 839 3992 constantiensem,
854 3911 1035 3978 oratorem
1053 3903 1293 4000 imperialem,
1313 3901 1498 3974 asinistris
1510 3925 1518 3974 :
1530 3901 1670 3996 quintus.
1729 3961 1730 4004 ,

363 4023 458 4098 inter
478 4025 790 4124 archiepiscopum
814 4029 1034 4124 Ragusinum
1060 4051 1081 4100 a
1102 4027 1238 4101 dextris
1261 4033 1297 4100 et
1319 4026 1531 4122 episcopum
1554 4029 1672 4098 Pacen-

364 4173 455 4238 sem,
474 4159 656 4225 oratorem
672 4153 768 4249 regis
790 4154 974 4250 Hispania,
994 4177 1016 4226 a
1034 4153 1207 4240 sinistris;
1231 4157 1354 4224 sextus
1370 4151 1466 4224 inter
1480 4151 1670 4246 episcopum
1729 4205 1730 4220 ,

362 4275 633 4348 Astoricensem
658 4301 679 4349 a
701 4277 836 4351 dextris
865 4285 901 4352 et
930 4285 1113 4352 oratorem
1137 4279 1234 4374 regis
1264 4275 1436 4372 Hispania
1466 4297 1489 4347 a
1518 4272 1669 4352 sinistris;
1729 4289 1730 4374 ,

363 4391 552 4486 septimus,
583 4392 678 4466 inter
707 4394 916 4490 episcopum
946 4397 1209 4468 Cortonensem
1238 4417 1260 4466 a
1287 4393 1424 4468 dextris
1447 4405 1484 4469 et
1507 4405 1669 4469 oratorem
1729 4391 1730 4474 ἶ

361 4515 598 4588 Venetiarum
615 4541 636 4589 a
652 4517 826 4606 sinistris;
844 4525 989 4592 octavus
1005 4519 1100 4592 inter
1119 4520 1330 4616 episcopum
1344 4520 1669 4595 volaterranensem
1729 4501 1730 4590 l

362 4665 384 4714 a
398 4639 532 4714 dextris
548 4647 584 4714 et
601 4639 811 4736 episcopum
827 4641 1112 4732 Terdonensem,
1131 4648 1315 4716 oratorem
1332 4641 1671 4724 ducisbtediolani‚a
1729 4619 1730 4662 l

336 4851 338 4857 k
362 4765 516 4838 sinistris
535 4792 541 4836 :
560 4789 677 4838 nonus
690 4765 785 4839 inter
799 4766 1010 4862 episcopum
1025 4766 1288 4840 Serviensema
1303 4766 1439 4840 dextris
1455 4775 1491 4842 et
1507 4775 1669 4842 oratorem

363 4887 611 4962 Florentinum
626 4913 648 4962 a
663 4889 831 4962 sinistris.
857 4893 931 4962 Hos
951 4891 1196 4986 sequebantur
1215 4891 1275 4964 alii
1297 4891 1427 4988 prelati
1448 4891 1524 4964 bini
1545 4899 1580 4964 et
1593 4889 1667 4966 bini.

363 5010 493 5084 deinde
516 5013 727 5086 cubicularii
749 4997 793 5088 wet
821 5013 881 5086 alii
910 5039 1012 5089 more
1042 5015 1170 5104 solito;
1201 5021 1238 5090 et
1266 5039 1350 5090 cum
1379 5016 1518 5091 ultimis
1539 5013 1669 5112 prelatis

360 5136 484 5235 palatii
500 5140 707 5233 equitarunt
723 5143 766 5212 Ι).
777 5141 957 5214 Mattheus
969 5140 1069 5232 Cibo,
1081 5141 1323 5217 subdiaconus
1331 5141 1561 5239 apostolicus,
1572 5161 1667 5235 nepos
