3508 6034
109 504 173 573 [llai
189 503 260 574 1492]
448 501 578 558 RERUM
602 500 828 558 URBANARUM
851 501 1112 561 COMMENTARII.
1392 513 1444 567 483

3 653 14 690 ³·
107 663 214 730 extra
236 661 379 752 portam
405 656 573 730 Viridarii
597 657 751 730 conduci
774 662 811 729 et
830 656 913 730 inde
940 681 1022 730 cum
1048 659 1283 755 processione
1309 665 1442 758 portari

104 805 174 877 per
198 781 397 878 predictam
427 783 483 856 vel
509 803 575 880 per
602 787 779 870 castrum,
816 781 913 878 quod
942 787 978 854 et
1006 789 1155 880 propter
1182 790 1325 883 tempus
1347 812 1442 860 nunc

104 909 382 996 calidissimum,
400 907 458 982 vel
473 908 502 980 si
527 908 619 980 lorte
641 907 780 1004 plueret
801 929 844 979 ea
861 906 933 994 die,
956 913 1063 1003 prout
1079 907 1155 1003 jam
1176 909 1299 984 multis
1315 911 1442 986 diebus

12 1035 22 1050 “’
107 1035 211 1122 lecit,
231 1039 379 1131 propter
396 1033 526 1122 lutum,
555 1025 779 1128 processioni
800 1031 995 1128 plurimum
1015 1034 1247 1124 conveniret;
1269 1035 1326 1110 vel
1348 1037 1444 1132 quod

3 1163 4 1166 ’
105 1160 295 1256 processio
318 1159 423 1231 luerit
451 1157 494 1230 de
518 1157 655 1253 Populo
682 1181 796 1252 usquo
822 1155 868 1228 ad
893 1155 1078 1228 basilicam
1109 1180 1138 1227 s.
1163 1159 1260 1231 Petri
1283 1159 1320 1230 in
1341 1183 1443 1256 para-

5 1302 8 1312 ·
104 1287 254 1374 mentis,
272 1309 339 1382 per
356 1285 493 1358 clerum
523 1283 628 1355 Urbis
653 1281 778 1378 pedeS,
805 1287 841 1355 et
867 1304 933 1377 per
952 1305 1079 1355 omnes
1107 1281 1152 1356 de
1180 1283 1320 1380 capella
1346 1289 1441 1383 Pape

3 1453 4 1456 ¹
106 1435 237 1509 equos,
254 1418 362 1510 prout
376 1412 412 1483 in
429 1409 664 1483 coronatione
684 1408 896 1505 pontificum
916 1408 996 1482 lieri
1012 1406 1116 1495 solet,
1142 1409 1322 1505 coopertis
1338 1409 1442 1484 dum-

3 1521 6 1526 *
107 1541 209 1610 taxat
228 1534 389 1631 exceptis
410 1533 539 1629 quibus
566 1539 755 1606 uterentur
780 1532 1052 1622 communibus,
1079 1531 1220 1606 nonde
1244 1532 1440 1608 boccacino

3 1687 4 1690 ¹
105 1661 205 1750 albo,
222 1659 439 1734 convenire:
458 1664 494 1732 et
508 1657 621 1731 videri
637 1657 734 1753 quod
754 1656 900 1752 sanguis
916 1657 1047 1730 Christi
1069 1657 1106 1728 in
1121 1657 1277 1731 ecclesia
1294 1661 1440 1732 Latera-

103 1810 237 1874 nense,
264 1791 300 1860 et
329 1784 452 1856 titulus
479 1785 516 1856 in
542 1783 698 1856 ecclesia
721 1807 751 1854 s.
781 1782 899 1854 crucis
928 1782 965 1854 in
990 1783 1216 1857 Hierusalem
1243 1785 1440 1861 existentes

12 1960 15 1970 ·
103 1911 252 1986 obviam
268 1909 472 1984 dictolerro
487 1907 808 2005 processionaliter
822 1913 1063 2004 portarentur.
1078 1911 1153 2006 Ego
1168 1912 1277 1984 etiam
1292 1913 1379 2010 ipsis
1395 1912 1440 1986 ad

103 2038 323 2111 memoriam
339 2034 466 2108 reduxi
482 2055 526 2108 ea
545 2058 615 2130 que
638 2057 767 2130 nuper,
791 2033 958 2106 videlicet
979 2039 1105 2129 quarta
1123 2035 1242 2132 hujus,
1265 2037 1302 2108 in
1322 2037 1440 2111 cardi-

3 2197 12 2204 s
101 2163 244 2236 nulium
261 2160 389 2234 adhoc
410 2159 663 2258 deputatorum
684 2159 978 2255 congregatione,
997 2158 1258 2250 dictaiuerant,
1271 2162 1440 2237 videlicet

103 2287 368 2384 quodpropter
388 2286 521 2358 lamam
544 2308 614 2380 que
633 2283 669 2356 iu
693 2283 906 2356 Alemannis
927 2283 1089 2380 partibus
1107 2284 1273 2360 videlicet
1295 2288 1440 2362 Nurim-

103 2413 222 2509 berga
241 2419 275 2486 et
291 2413 404 2486 Gallia
420 2417 516 2484 esset
534 2409 578 2482 de
596 2410 692 2481 ferro
707 2407 914 2505 hujusmodi
931 2409 1025 2505 apud
1040 2431 1102 2482 eos
1123 2409 1315 2502 existente,
1336 2417 1372 2486 et
1392 2413 1437 2487 ob

105 2537 354 2610 infirmitatem
371 2539 433 2611 SS.
453 2539 495 2608 D.
510 2539 569 2624 N.,
589 2535 724 2607 serrum
741 2534 811 2606 hoc
829 2533 864 2604 in
882 2535 1014 2607 Narnia
1033 2534 1089 2606 vel
1108 2535 1144 2606 in
1164 2535 1320 2610 ecclesia
1332 2537 1437 2612 beate

103 2663 219 2735 llario
235 2663 280 2735 de
296 2662 431 2758 Populo
443 2661 574 2734 dimitti
588 2665 649 2733 aut
660 2665 801 2731 secreto
813 2659 992 2732 sanctitati
1009 2682 1073 2733 sue
1084 2661 1259 2757 reportari
1272 2661 1434 2752 deberet,

102 2796 140 2859 et
156 2809 271 2884 penes
287 2809 369 2860 eum
384 2785 532 2860 retineri
546 2808 553 2872 ;
572 2784 716 2857 interim
733 2781 921 2878 diligentia
936 2784 1014 2856 lieri
1031 2793 1069 2857 ut
1088 2786 1221 2860 veritas
1241 2787 1437 2863 baberetur

103 2911 213 3007 quale
241 2935 365 2985 verum
400 2918 497 2986 esset
520 2908 658 2984 ferrum
684 2918 718 2983 et
744 2911 805 2984 ubi
826 2911 1019 3006 quesitum,
1044 2912 1074 2983 si
1095 2911 1167 2985 hoc
1189 2937 1268 2986 csse
1291 2923 1433 3010 posset;

104 3045 193 3110 tunc
210 3037 297 3111 illud
317 3039 416 3110 omni
432 3036 664 3110 veneratione
683 3043 719 3109 et
734 3027 876 3108 bonore
887 3035 1023 3130 absque
1041 3037 1241 3134 cujuspiam
1256 3037 1435 3112 detrecta-

103 3163 205 3235 tione
231 3161 341 3258 recipi
364 3167 400 3235 et
422 3161 629 3235 conservari
656 3159 802 3233 debere.
835 3161 960 3232 RRmi.
993 3163 1066 3233 bu.
1093 3163 1258 3257 predicti,
1283 3163 1433 3259 singulis

104 3286 317 3374 intellectis,
350 3287 516 3359 dixerunt
543 3287 665 3358 omnia
693 3289 755 3358 SS.
784 3289 826 3357 D.
856 3288 897 3358 N.
934 3286 1178 3381 exposituros,
1213 3287 1273 3382 qui
1300 3285 1431 3360 deinde

104 3411 272 3484 statuerit
292 3410 387 3506 quod
412 3410 479 3483 sibi
502 3411 693 3484 videretur.
718 3411 893 3483 Dixerunt
916 3411 1024 3483 etiam
1047 3413 1110 3484 SS.
1134 3417 1177 3484 D.
1202 3417 1327 3484 nostro
1346 3433 1434 3485 con-

103 3535 228 3607 venire
249 3533 345 3630 quod
365 3535 401 3606 in
420 3535 542 3630 vigilia
558 3534 781 3606 ascensionis
802 3532 964 3630 proxime
989 3539 1086 3607 totus
1110 3535 1265 3632 populus
1287 3543 1435 3634 propter

102 3661 352 3758 receptionem
382 3660 592 3757 hujusmodi
615 3658 701 3732 lerri
718 3658 883 3756 jejunare
913 3657 1080 3750 deberet;
1114 3661 1284 3757 respondi
1310 3685 1437 3760 recep·

103 3788 241 3860 tionem
266 3786 464 3884 predictam
493 3809 575 3858 curn
599 3784 715 3858 letitia
744 3783 868 3880 populi
894 3781 974 3854 fieri
999 3783 1147 3877 debere,
1171 3791 1312 3859 etcum
1340 3787 1434 3860 inter

101 3909 243 3984 Pascha
261 3917 297 3983 et
325 3911 463 3983 Pascha
492 3931 566 3983 non
588 3909 659 3982 sint
682 3907 833 4005 jejunia,
857 3914 1006 4004 possent
1030 3911 1122 3985 sorte
1144 3911 1265 4009 plures
1285 3919 1434 4011 propter

98 4035 279 4132 jejunium
298 4034 508 4133 hujusmodi
534 4033 756 4107 commoveri
776 4039 811 4105 et
831 4032 913 4105 loco
938 4033 1140 4108 devotionis
1159 4037 1434 4134 blasphemare;

103 4161 281 4257 majorem
290 4159 442 4234 letitiam
464 4159 593 4236 afferre
612 4158 834 4257 judicabam,
858 4159 901 4248 si,
924 4159 1005 4232 loco
1021 4161 1166 4257 jejunii,
1193 4164 1256 4235 SS.
1276 4167 1319 4236 D.
1337 4165 1381 4234 N.
1400 4163 1436 4234 in

103 4284 284 4381 aliquibus
300 4285 431 4382 plateis
447 4283 507 4357 ubi
521 4283 706 4381 processio
725 4283 917 4356 transitura
929 4291 1038 4374 esset,
1055 4285 1174 4359 sontes
1187 4286 1260 4359 vini
1275 4293 1439 4383 pertran-

74 4408 286 4510 seuntium
317 4407 533 4482 recreationi
565 4412 643 4486 lieri
673 4415 880 4502 mandaret,
908 4437 1016 4510 quarn
1044 4413 1073 4485 si
1101 4411 1283 4509 Jejunium
1306 4437 1350 4485 eo
1376 4413 1434 4486 die

104 4531 305 4624 induceret,
344 4531 442 4629 quod
468 4540 505 4606 et
534 4537 714 4612 sanctitati
744 4561 808 4613 sue
834 4563 873 4612 se
903 4538 1129 4635 exposituros
1158 4537 1345 4624 dixerunt,
1373 4537 1432 4632 qui

105 4655 251 4748 deinde,
273 4657 441 4730 omnibus
461 4657 666 4754 intellectis,
685 4663 820 4736 omisso
835 4661 1024 4763 jejunandi
1050 4659 1234 4751 mandato,
1254 4659 1436 4733 mandavit

104 4781 228 4853 omnia
257 4781 350 4871 fieri,
379 4805 449 4878 que
483 4807 526 4856 ex
565 4792 691 4863 tenore
721 4789 931 4864 cedularnm
965 4785 1127 4884 superius
1163 4786 1436 4880 registratarum

104 4905 283 4980 videntur.

153 5031 258 5104 Faria
273 5039 415 5128 quarta,
439 5039 484 5109 30
504 5035 590 5110 dicti
612 5037 748 5111 mensis
770 5037 869 5127 maii,
892 5037 1035 5110 luerunt
1059 5058 1209 5133 vespere
1231 5035 1379 5134 papales
1400 5037 1434 5109 in

106 5155 245 5252 capella
272 5159 411 5256 majore
431 5159 553 5257 palatii
575 5163 762 5259 apostolici
788 5161 882 5259 apud
909 5187 938 5235 s.
969 5165 1127 5254 Petrum,
1153 5165 1250 5259 Papa
1269 5162 1432 5237 absente.
