3436 6038
315 484 368 540 ara
654 518 658 527 -
774 483 950 542 vowuarnns
975 481 1198 552 auacusaov,
1443 475 1640 542 [cessans]

314 636 491 712 memorie
508 633 699 712 cardinalis
713 637 912 737 Agriensis.
937 642 1006 712 Pro
1027 635 1234 736 primodie,
1258 637 1383 708 limus.
1409 635 1449 706 P.
1474 635 1519 707 Ι).
1538 633 1641 708 cardi·
1705 637 1706 640 ’

315 763 406 837 nelis
437 787 467 836 s.
498 763 693 838 Clementis
722 763 915 839 celebravit
951 763 1114 838 missam.
1143 761 1387 836 interfuerunt
1416 759 1543 832 RRmi.
1571 762 1637 832 bu.

314 890 643 981 vicecancellarius
661 890 933 987 Neapolitanus,
953 914 982 962 s.
1001 889 1096 964 Petri
1114 889 1160 963 ad
1168 887 1337 976 Vincula,
1352 885 1637 973 Mediolanensis,

210 991 215 1002 ’
316 1015 613 1106 Rechanatensis,
649 1017 694 1091 de
728 1015 944 1108 Comitibus,
984 1016 1169 1106 Senensis,
1206 1013 1370 1106 Sabellis,
1408 1011 1581 1088 Columna
1609 1020 1638 1085 ct

316 1141 515 1216 Ascanius:
535 1141 740 1216 intimatum
768 1142 832 1216 luit
864 1167 930 1241 pro
963 1143 1055 1216 hora
1080 1141 1223 1216 decima
1250 1144 1396 1236 quarta3
1425 1137 1492 1211 sed
1521 1137 1636 1235 prima.
1705 1167 1706 1224 v

315 1267 412 1341 circa
427 1266 605 1342 decimam
622 1267 796 1364 quintam,
816 1267 884 1342 luit
898 1269 1085 1366 inceptum
1102 1266 1277 1342 officium.
1301 1267 1533 1355 Sermonem,
1549 1263 1640 1336 linita
1705 1229 1706 1324 l

314 1392 436 1484 missa,
472 1393 558 1466 lecit
598 1397 642 1466 D.
675 1393 962 1468 Archidinconus
997 1398 1187 1483 Cremona,
1219 1391 1426 1490 capellanus
1455 1389 1638 1508 cardinalis

312 1517 483 1601 defuncti,
501 1523 538 1591 et
550 1539 719 1592 sermone
735 1519 851 1612 linito,
871 1521 1102 1596 absolverunt
1114 1543 1184 1593 uua
1196 1541 1279 1592 oum
1295 1515 1507 1591 celebrante
1520 1517 1636 1591 RRmi.

312 1647 388 1717 Db.
413 1642 729 1718 vicecancellarius
759 1651 795 1718 et
819 1647 1073 1744 Neapolitanus
1096 1643 1271 1743 episcopi,
1301 1641 1582 1718 Mediolanensis
1608 1651 1637 1715 st

312 1767 595 1842 Rechanatensis
608 1768 810 1867 presbyteri
823 1771 1025 1847 cardinales
1044 1797 1051 1846 :
1068 1771 1200 1845 banchi
1220 1795 1285 1870 pro
1305 1765 1450 1844 Rumis.
1475 1771 1549 1842 DD.
1565 1789 1636 1840 car-

312 1893 489 1967 dinalibus
510 1894 625 1990 parali
647 1889 789 1969 luerunt
812 1919 857 1968 ex
876 1897 1009 1995 palatio
1027 1895 1239 1994 apostolico,
1258 1895 1307 1970 illi
1328 1894 1497 1969 videlicet
1518 1892 1637 1990 quibus

232 2073 237 2082 .
311 2025 459 2092 utuntur
477 2018 514 2090 in
534 2015 686 2116 publicis
705 2020 942 2114 consistoriis,
966 2031 1000 2096 et
1020 2023 1127 2121 positi
1147 2022 1233 2096 binc
1254 2027 1288 2096 ot
1309 2019 1392 2096 inde
1409 2021 1515 2118 juxta
1533 2018 1634 2092 altare

312 2146 428 2242 majus
449 2143 495 2220 ad
520 2167 643 2217 muros
671 2173 678 2217 :
704 2153 866 2220 oratores
891 2154 927 2222 et
949 2147 1076 2246 prelati
1102 2147 1223 2222 locum
1247 2147 1451 2221 habuerunt
1475 2145 1512 2218 in
1533 2145 1635 2220 choro

311 2270 476 2344 iratrum.
495 2273 667 2345 (lautores
683 2271 829 2346 luerunt
842 2279 938 2347 retro
950 2271 1061 2378 altare
1076 2273 1212 2370 majus3
1228 2271 1405 2369 pulpitum
1416 2293 1483 2368 pro
1500 2274 1635 2344 oraturo

311 2381 468 2493 positum
483 2395 549 2468 luit
564 2403 666 2470 extra
676 2398 827 2471 chorum
842 2397 1077 2473 cardinalium
1093 2398 1191 2472 circa
1201 2397 1374 2494 angulum
1386 2398 1493 2494 juxta
1505 2395 1636 2469 caucel-

310 2520 385 2592 lum
400 2520 503 2615 juxta
519 2527 659 2618 gratam
683 2520 837 2596 ferream
857 2523 900 2596 ad
922 2523 1085 2599 dextram
1106 2521 1285 2596 intrantis.
1307 2520 1384 2594 Alia
1404 2517 1634 2592 omniamore

311 2645 417 2718 solito
430 2651 514 2719 sunt
532 2646 731 2720 observata.
865 2706 867 2712 .

359 2771 540 2846 Schedula
562 2795 645 2847 cere
670 2773 832 2850 ordinate
858 2801 924 2874 pro
947 2776 1065 2876 prima
1088 2781 1125 2850 et
1143 2799 1245 2850 nona
1263 2773 1320 2847 die
1344 2801 1351 2846 :

359 2895 538 2970 intorticia
557 2921 620 2970 sex
639 2897 811 2975 librarum
838 2903 1022 2998 quodlibet
1040 2926 1105 3000 pro
1127 2897 1365 2976 cardinalibus
1387 2903 1423 2970 et
1444 2893 1547 2970 altari
1569 2893 1632 2970 sive

309 3019 507 3095 elevatione
525 3023 756 3116 sacramenti,
782 3047 933 3100 numero
977 3079 1501 3099 .........
1553 3045 1632 3096 xxiv

357 3143 537 3220 intorticia
560 3153 716 3242 quatuor
751 3149 923 3224 librarum
949 3153 1133 3249 quodlibet
1159 3173 1224 3249 pro
1258 3149 1413 3226 ecclesia
1445 3159 1483 3224 et
1506 3157 1628 3235 castro,

308 3293 461 3345 numero
483 3325 1509 3352 .................
1581 3297 1630 3347 cvi

358 3397 475 3472 iacula
492 3398 597 3472 unius
612 3399 702 3474 libre
718 3423 784 3497 pro
799 3401 1041 3495 cubiculariis,
1063 3426 1255 3477 numero.
1313 3457 1321 3472 .
1372 3459 1379 3472 .
1435 3459 1442 3474 .
1501 3457 1509 3474 .
1578 3421 1632 3474 ccc

353 3523 470 3598 laculo
504 3504 666 3598 duarum
691 3525 864 3601 librarum
893 3552 959 3626 pro
984 3529 1200 3621 oratoribus,
1233 3527 1379 3626 prelatis
1409 3533 1446 3602 et
1474 3525 1628 3611 lunestis,

308 3671 461 3722 numero
483 3705 1313 3730 ..............
1366 3709 1378 3752 ι.
1436 3709 1443 3727 .
1500 3711 1509 3727 .
1595 3673 1630 3725 oc

357 3773 474 3848 facule
490 3774 607 3849 medie
624 3776 716 3851 libre
728 3801 794 3874 pro
811 3778 989 3853 scutiferis
1007 3781 1254 3872 cardinalium,
1272 3801 1439 3856 numero.
1499 3839 1508 3856 .
1576 3803 1630 3854 ccc

359 3899 476 3972 lacule
488 3905 640 3996 quatuor
650 3902 838 3977 unciarum
851 3929 917 4002 pro
933 3911 1051 3979 castro
1068 3911 1103 3980 et
1114 3905 1262 4004 populo,
1278 3929 1446 3980 numero.
1497 3961 1506 3980 .
1588 3927 1628 3976 uv

356 4028 574 4100 Executores
599 4030 801 4102 testamenti
821 4030 949 4128 prelati
968 4030 1158 4104 cardinalis
1179 4030 1338 4104 defuncti
1359 4030 1508 4106 fuerunt
1526 4037 1628 4105 Reve-

229 4149 234 4162 '
307 4152 512 4226 rendissimi
529 4157 604 4226 DI).
622 4153 935 4229 vicecancellarius
956 4163 993 4230 et
1012 4155 1187 4230 Antonius
1207 4155 1399 4230 cardinalis
1416 4163 1451 4230 et
1469 4160 1514 4230 D.
1533 4157 1627 4255 Alov-

306 4277 378 4349 sius
394 4277 439 4350 de
452 4277 605 4368 Malloia,
624 4277 778 4376 scriptor
792 4281 1026 4377 apostolicus.

355 4407 443 4478 Cum
462 4402 533 4478 hoc
554 4427 660 4477 mane
679 4408 802 4477 Rmns.
826 4406 868 4476 [t.
885 4403 1076 4479 cardinalis
1088 4403 1404 4482 vicecancellarius
1418 4409 1573 4485 venisset
1586 4407 1625 4480 ad

304 4528 495 4604 ecclesiam
517 4529 668 4626 primus,
691 4529 776 4626 quia
799 4537 972 4604 executor
994 4530 1078 4605 vidit
1102 4555 1204 4606 arma
1220 4531 1258 4606 in
1284 4533 1365 4606 ielis
1387 4534 1531 4609 modica
1553 4555 1623 4610 esse

303 4653 467 4728 similiter
486 4659 523 4729 et
541 4653 724 4730 intorticia
737 4677 852 4754 pauca
871 4655 1029 4752 desuper
1042 4657 1174 4754 posita,
1190 4658 1302 4732 voluit
1317 4659 1414 4756 quod
1431 4659 1559 4734 lierent
1571 4659 1622 4732 ad-

299 4776 370 4851 huc
387 4777 456 4851 alia
470 4801 570 4852 arma
583 4777 621 4851 in
635 4779 714 4854 telis
728 4804 841 4877 usque
859 4780 904 4854 ad
918 4780 1071 4854 chorum
1086 4783 1304 4858 altarishinc
1316 4789 1351 4860 el
1364 4785 1463 4875 inde,
1479 4794 1514 4861 et
1525 4805 1620 4882 super

300 4901 503 4975 cancellum
519 4903 676 4979 ferreum
692 4928 799 5002 super
813 4906 923 4980 altare
940 4908 1057 5005 majus
1068 4907 1358 4985 intransversum
1368 4934 1435 5008 per
1444 4911 1616 4996 chordam,

300 5025 350 5099 ita
365 5031 404 5099 ut
428 5030 543 5102 totum
557 5030 733 5124 quadrum
745 5030 899 5107 ecclesie
915 5039 1098 5124 ornarent,
1117 5035 1215 5130 quod
1229 5035 1365 5111 lactum
1384 5043 1439 5110 est
1455 5058 1519 5134 pro
1534 5054 1616 5108 nona

300 5149 358 5224 die
374 5151 625 5248 exequiarum3
645 5161 681 5230 et
694 5155 779 5252 poni
795 5155 880 5231 iecit
902 5181 1009 5255 super
1019 5157 1080 5233 illa
1095 5182 1197 5235 arma
1211 5160 1296 5236 hinc
1321 5165 1358 5235 et
1369 5159 1453 5234 inde
1467 5161 1554 5234 ultra
1567 5156 1617 5230 illa
