3600 6094
154 479 242 547 [dvrtl
258 479 329 544 1181]
469 529 473 538 ,
504 471 630 530 RERUM
650 469 878 529 URBANAHUM
898 472 1160 532 COMMENTAllll.
1483 486 1500 538 7

150 633 332 722 bonensis
362 628 557 728 vulgariter
587 633 836 722 nuncupatus,
873 627 972 700 ltalie
1013 635 1049 700 et
1078 630 1312 705 Veuetiarum
1342 615 1495 730 legatus,

151 785 200 836 ex
224 763 367 835 secreto
385 753 601 833 consistorio
622 777 687 850 per
712 753 905 850 collegium
927 757 1144 828 Rllmorum.
1170 759 1245 830 Do.
1272 759 1495 836 cardinulum

152 907 276 982 usque
300 891 401 959 extra
419 887 564 980 portam
590 881 696 954 beate
716 877 828 953 Mario
856 877 901 953 de
926 880 1062 978 Populo
1089 882 1299 976 associatus,
1321 893 1359 960 ut
1384 889 1495 962 moris

151 1017 227 1102 est,
242 1010 312 1086 iter
327 1007 491 1108 arripuit,
508 1003 681 1082 Venutius
696 1003 824 1078 iturus.

205 1111 313 1211 Faria
331 1135 449 1226 tertia,
474 1138 520 1208 30
541 1129 678 1205 mensis
698 1128 829 1220 martii,
853 1129 890 1204 in
914 1130 1054 1227 capella
1075 1135 1214 1230 majore
1234 1137 1369 1233 palatii,
1391 1143 1432 1213 R.
1454 1144 1492 1214 P.

152 1267 198 1337 l).
221 1261 406 1358 Philippus
429 1257 621 1358 episcopus
649 1253 809 1328 briensis
834 1252 1027 1328 celebravit
1051 1257 1200 1331 missam
1223 1259 1405 1356 publicam
1429 1264 1492 1338 de-

152 1389 365 1464 tunctorum
395 1386 501 1483 juxta
532 1403 673 1456 morem
712 1378 850 1476 capelle
887 1385 1010 1454 nostre
1039 1404 1104 1479 pro
1140 1383 1262 1458 anima
1290 1384 1383 1460 bone
1413 1410 1491 1462 me-

150 1513 270 1588 morie
292 1509 473 1586 Tbeodori
503 1508 559 1608 (1)
583 1505 778 1582 cardinalis
796 1505 1055 1582 Montisierrati
1074 1508 1271 1605 vulgariter
1294 1518 1490 1609 nuncupati

151 1639 215 1736 qui
243 1661 371 1736 nuper,
399 1642 499 1711 extra
527 1657 716 1710 romanam
741 1633 880 1707 curiam
908 1631 1006 1706 etin
1033 1634 1208 1730 partibus,
1237 1636 1333 1710 diem
1360 1639 1489 1718 clausit

151 1771 372 1852 extremum,
390 1769 426 1838 et
447 1767 528 1860 post
544 1761 706 1852 missam,
731 1758 894 1850 absolvit,
921 1765 959 1834 ut
979 1759 1090 1832 moris
1114 1767 1181 1852 est,
1203 1764 1299 1860 Papa
1318 1773 1487 1861 presente

150 1897 189 1964 et
202 1889 327 1988 paucis
340 1887 583 1963 cardinalibus
598 1886 840 1983 presentibus.
1459 1883 1462 1888 '

189 2017 380 2092 Dominica
396 2015 612 2113 palmarum,
626 2017 750 2086 Rmus.
762 2015 806 2087 D.
817 2013 1001 2089 lohannes
1013 2013 1102 2088 tituli
1114 2041 1143 2106 s.
1157 2015 1288 2090 Cerilie
1299 2018 1488 2118 presbyter

149 2141 341 2216 cardinalis
359 2138 598 2213 Amalfitauus
615 2136 808 2232 vulgariter
827 2145 1070 2234 nuncupatus,
1087 2149 1232 2237 paratus
1246 2165 1347 2217 more
1362 2144 1482 2236 solito,

149 2266 333 2341 benedixit
347 2265 484 2364 palmus
506 2263 571 2363 (l);
592 2260 723 2337 deinde
744 2267 842 2335 stans
862 2262 940 2336 sino
959 2263 1066 2338 mitra
1085 2273 1169 2340 ante
1188 2267 1347 2341 medium
1363 2268 1483 2342 altaris

149 2391 250 2466 dedit
267 2392 418 2490 palmas,
437 2390 555 2486 primo
574 2387 816 2463 cardinalibus
838 2389 916 2463 sine
932 2391 1168 2487 paramentis,
1189 2392 1249 2488 qui
1266 2393 1481 2491 recipientes

147 2519 287 2614 palmas
307 2517 351 2590 de
372 2515 538 2590 manibus
555 2515 664 2606 illius,
686 2513 868 2589 iaciebant
888 2538 930 2590 ac
953 2515 983 2589 si
1008 2539 1156 2590 manum
1181 2517 1383 2593 deosculari
1406 2521 1481 2596 vel-

147 2641 237 2732 lent,
263 2641 323 2716 ille
341 2663 440 2731 vero,
458 2663 608 2715 manum
630 2639 819 2714 retrahens
841 2645 878 2714 et
904 2640 1107 2732 subridens,
1134 2663 1207 2715 non
1230 2644 1393 2740 permisit
1413 2645 1479 2720 sibi

148 2791 296 2843 manum
313 2767 516 2844 exosculari
535 2791 543 2839 :
560 2763 651 2839 datis
667 2763 795 2862 palmis
814 2762 1069 2858 cardinalibus,
1091 2768 1184 2842 sedit
1199 2767 1233 2840 in
1253 2769 1383 2844 eodem
1397 2769 1478 2844 loco

148 2895 185 2966 in
201 2893 413 3001 faldistorio,
431 2901 582 2992 accepta
601 2893 719 2983 mitra,
741 2897 777 2966 et
796 2892 975 2968 distribuit
989 2896 1127 2992 palmas
1147 2894 1294 2992 prelatis
1319 2923 1325 2967 :
1349 2903 1385 2969 et
1409 2896 1478 2971 alia

146 3043 249 3097 more
275 3023 394 3097 solitu.
422 3027 513 3098 Tum
532 3021 876 3122 processionaliter,
914 3021 1082 3096 omnibus
1108 3023 1254 3120 paratis,
1285 3025 1382 3098 venit
1412 3047 1477 3121 per

146 3146 264 3222 aulam
283 3171 453 3246 magnam
477 3149 523 3223 ad
545 3149 667 3224 locum
688 3149 894 3224 ordinatum
914 3146 975 3222 ubi
993 3147 1147 3244 projecit
1165 3148 1303 3244 palmas
1323 3149 1470 3246 populo.

146 3271 263 3346 Rediit
277 3274 407 3350 deiude
425 3276 471 3350 ad
486 3275 676 3375 capellam,
694 3275 782 3349 dixit
794 3273 943 3348 missam
958 3279 1065 3370 prout
1084 3275 1119 3346 in
1139 3273 1332 3362 ordinario,
1351 3280 1386 3347 et
1399 3296 1471 3348 non

145 3394 211 3468 suit
225 3420 357 3472 sermo.
377 3402 474 3498 Papa
485 3425 559 3476 non
572 3400 744 3475 interluit.

193 3525 296 3600 Feria
315 3533 445 3622 quarta
463 3527 612 3625 maj0ris
630 3524 859 3602 hebdomade
877 3526 1025 3600 luerunt
1041 3525 1217 3601 matutine
1239 3525 1470 3601 tenebrarum

143 3647 179 3720 in
195 3651 333 3748 capella
347 3654 487 3750 majore
503 3653 637 3751 palatii,
663 3656 760 3751 Papa
777 3653 943 3744 absente,
965 3651 1206 3726 cardinalibus
1223 3650 1466 3750 presentibus,

141 3771 177 3845 in
193 3775 322 3872 quibus
338 3779 460 3852 omnia
473 3785 612 3853 servata
627 3786 709 3852 sunt
722 3786 829 3876 prout
845 3779 881 3851 in
895 3778 1141 3853 ceremoniali.

190 3903 293 3976 Feria
316 3903 498 4012 quintatin
515 3908 614 3980 Cena
635 3905 792 3994 Domini,
820 3909 942 3978 Rmus.
971 3907 1011 3977 D.
1042 3905 1358 3979 vicecancellarius
1381 3904 1467 3980 iecit

138 4025 299 4101 officium
314 4027 350 4101 in
366 4030 504 4128 capella
518 4031 657 4128 majore
672 4031 847 4128 predicta,
866 4033 961 4127 Papa
976 4033 1138 4121 absente,
1157 4037 1206 4116 el,
1225 4031 1325 4105 finita.
1340 4029 1463 4120 missa,

136 4153 286 4247 portavit
301 4161 566 4228 sacramentum
586 4157 630 4229 de
651 4157 787 4253 majore
809 4157 852 4230 ud
872 4157 1049 4230 minorem
1071 4157 1245 4255 capellam
1266 4158 1331 4230 sub
1346 4155 1465 4229 balda-

136 4277 260 4364 chino,
284 4279 524 4352 cardinalibus
545 4287 580 4356 et
599 4282 745 4379 prelatis
765 4282 918 4378 paratis,
940 4282 1057 4379 ipsum
1082 4283 1358 4379 precedentibus
1382 4306 1463 4378 pro-

134 4401 395 4493 cessionaliter,
411 4429 476 4502 pro
491 4406 549 4479 die
565 4407 721 4480 crastina
736 4407 1033 4496 conservandum,
1051 4432 1121 4504 quo
1137 4408 1271 4482 ibidem
1287 4407 1459 4503 reposito,

166 4642 192 4697 1.
214 4639 355 4698 Theodore
374 4640 552 4717 Paleologue,
567 4643 611 4702 fils
627 4645 664 4702 du
679 4647 800 4719 marquis
822 4647 855 4702 de
874 4647 1042 4716 Montlerrat,
1059 4651 1118 4704 oret
1138 4645 1259 4702 cardinal
1275 4662 1324 4719 par
1338 4644 1408 4702 Paul
1423 4645 1457 4715 ll,

130 4726 153 4785 le
169 4733 202 4786 18
218 4731 371 4804 septembre
386 4733 465 4802 1467,
481 4739 590 4790 mourut
610 4735 634 4790 le
649 4737 679 4791 21
695 4736 802 4808 janvier
820 4741 895 4794 1484.
911 4737 981 4811 Voy.
998 4737 1140 4793 Cucovu's
1157 4754 1163 4791 ε
1185 4735 1255 4792 Vitce
1269 4743 1296 4793 et
1314 4753 1360 4790 rer
1373 4745 1459 4806 qcstoe

131 4820 218 4876 Poat.
238 4821 323 4878 Rom.
340 4829 367 4874 et
379 4823 504 4890 card.,t.
522 4823 570 4892 lll,
586 4822 638 4880 col.
655 4827 699 4881 90.
716 4825 855 4882 Creusam
872 4845 878 4882 ι
895 4827 1024 4883 Memoria
1044 4826 1162 4883 storicbe
1177 4826 1218 4882 de'
1235 4825 1378 4895 cardinali,
1392 4831 1455 4896 etc,

128 4909 146 4961 t.
159 4907 206 4975 lll,
222 4925 251 4980 p.
269 4911 330 4978 175,
344 4916 394 4967 etc.

159 4999 187 5052 2.
209 4997 284 5054 Tcus
307 4997 349 5056 les
373 5003 538 5060 manuscrits
558 5004 680 5061 donnent
705 5007 826 5061 candela
846 5024 880 5062 au
906 5005 961 5062 lieu
985 5007 1018 5062 de
1033 5007 1147 5079 patrna.
1170 5007 1245 5064 Dans
1260 5005 1285 5063 le
1305 5005 1456 5064 manuscrit

127 5085 158 5140 de
173 5085 193 5139 F
195 5085 302 5145 lorence
318 5090 402 5162 (147),
418 5089 465 5149 iol.
480 5094 508 5163 5,
524 5100 597 5151 recto
612 5101 640 5152 et
652 5113 743 5164 verso,
759 5095 783 5152 le
799 5103 854 5153 rnot
869 5099 991 5154 candela
1007 5103 1049 5154 est
1064 5097 1141 5153 barre
1156 5103 1183 5154 et
1197 5096 1331 5171 rrnrpluce
1346 5102 1454 5171 partout

126 5191 173 5247 par
182 5177 299 5247 palma,
315 5179 431 5238 teriture
446 5181 482 5238 du
498 5188 586 5258 temps
599 5185 645 5258 [bn
661 5185 697 5240 du
713 5195 781 5241 rrvut
795 5185 896 5260 siecle).
