3600 6094
173 444 292 508 [Ferulae
306 443 375 508 ll8l]
507 437 634 496 RERUM
653 437 881 496 UHBANARUM
902 439 1163 501 COMMENTAllll.
1495 454 1514 509 5

225 597 354 672 Clerici
377 593 667 672 ceremoniarum
687 599 813 668 eraut:

221 725 266 796 D.
290 719 469 795 Antonius
489 718 641 809 Rebioli,
664 717 805 815 collega
824 741 928 794 meus
947 727 1173 800 numerarius
1195 734 1230 801 et
1251 729 1470 826 participans
1488 753 1510 804 a

172 877 247 952 quo
261 858 428 952 receptus
441 850 492 925 tui
505 849 542 924 iu
554 850 693 924 socium
707 857 743 924 et
757 849 948 948 collegam,
963 851 1192 928 etlohauues
1207 855 1320 928 llaria
1335 855 1379 929 de
1395 855 1506 930 Podio

172 976 527 1079 supernumerarius,
549 973 610 1072 qui
628 997 649 1048 a
669 996 820 1048 romana
840 974 940 1046 curia
960 975 1090 1050 absens
1113 986 1189 1054 erat
1212 987 1248 1055 et
1265 980 1301 1052 iu
1323 979 1504 1077 legatione

169 1127 255 1179 cum
270 1109 374 1178 limo.
394 1107 437 1178 D.
455 1100 636 1177 cardinale
653 1125 682 1174 s.
702 1100 908 1175 Clementis.

217 1235 257 1305 lu
283 1231 408 1331 primis
432 1229 619 1304 mensibus
648 1227 758 1323 hujus
784 1226 882 1318 anui,
914 1227 1104 1325 presertim
1130 1251 1245 1326 usque
1269 1230 1315 1305 ad
1339 1253 1504 1306 mensem

163 1359 329 1456 augusti,
357 1379 431 1430 nou
452 1353 572 1428 notavi
593 1351 857 1451 particulariter
878 1375 948 1449 que
978 1353 1015 1425 iu
1038 1353 1178 1452 capella
1201 1355 1382 1431 ordinarie
1409 1357 1506 1432 lacta
1627 1340 1631 1350 ¹

164 1489 269 1570 suut;
285 1481 416 1556 deinde
434 1485 570 1569 aulem,
592 1501 676 1552 cum
694 1477 861 1552 vidissem
878 1477 915 1550 id
929 1479 1124 1576 plurimum
1145 1481 1347 1570 convenire,
1364 1483 1503 1571 'notavi

164 1615 206 1681 ut
222 1607 316 1682 inira
330 1605 520 1681 uidebitur.

217 1735 258 1805 ln
283 1731 403 1828 uigilia
423 1729 614 1804 nativitatis
639 1729 801 1820 Domini,
822 1729 969 1804 luerunt
987 1753 1136 1827 uespere
1156 1732 1302 1829 papales
1322 1733 1503 1807 solemnes

163 1859 203 1931 iu
225 1856 374 1932 basilica
398 1881 428 1929 s,
455 1855 564 1945 Petri,
590 1857 688 1952 Papa
705 1861 888 1952 presente,
911 1859 947 1928 et
966 1853 1127 1927 cilicium
1149 1853 1317 1930 iaciente.
1341 1860 1379 1928 lu
1395 1863 1502 1930 nocte

165 1992 290 2058 autem
312 1982 458 2056 luerunt
481 1980 657 2055 matutine
680 1979 717 2052 in
743 1980 881 2078 capella
899 1980 1036 2076 majore
1059 1979 1195 2076 palatii,
1219 1984 1316 2078 Papa
1334 1982 1496 2058 absente.

164 2113 206 2183 ln
221 2109 279 2183 dic
294 2131 392 2199 uero,
414 2111 512 2204 Papa
524 2105 620 2180 venit
641 2105 956 2203 processionaliter
973 2105 1019 2178 ad
1037 2105 1222 2181 basilicam
1242 2106 1441 2204 predictam
1462 2115 1498 2183 et

162 2234 358 2310 celebravit
384 2233 515 2308 sedens
540 2233 575 2304 in
600 2232 686 2306 sede
708 2231 753 2306 ad
772 2231 843 2305 boc
864 2230 931 2304 sibi
951 2231 1128 2323 ordinata,
1153 2237 1187 2306 et
1207 2231 1394 2306 observata
1415 2238 1498 2306 suut

161 2359 288 2436 omnia
299 2365 405 2457 prout
418 2359 456 2432 iu
472 2355 704 2432 ceremoniali
719 2355 918 2430 ordinatur.

212 2488 253 2557 lu
269 2484 327 2558 die
341 2510 371 2560 s.
386 2483 573 2582 Stephani,
589 2487 713 2556 Rmus.
733 2485 775 2555 D.
795 2481 985 2556 cardinalis
999 2482 1225 2558 Novarieusis
1237 2482 1323 2557 tecit
1337 2483 1498 2558 olticium

161 2611 200 2683 iu
217 2611 357 2708 capella
371 2611 526 2708 majore,
545 2617 581 2684 et
600 2608 744 2684 babitus
760 2615 816 2683 est
829 2631 960 2683 sermo.

213 2737 255 2808 lu
274 2736 332 2811 die
348 2761 378 2809 a.
400 2734 575 2810 lobannis
597 2733 829 2832 evangeliste,
852 2733 920 2808 tuit
943 2734 1055 2809 missa
1070 2734 1242 2811 solemnis
1261 2743 1298 2811 at
1320 2757 1441 2812 sermo
1463 2717 1516 2808 iu¹

158 2861 485 2959 capellapredicta.

209 2987 250 3058 lu
275 2986 395 3083 uigilia
420 2985 704 3062 circumcisionis
741 2985 903 3076 Domini,
935 2985 1081 3060 luerunt
1109 3007 1258 3082 vespere
1286 2985 1434 3082 papales
1460 2986 1496 3059 in

157 3110 302 3208 capella
315 3112 477 3210 predicta
492 3121 528 3186 et
540 3112 674 3188 ibidem
688 3111 800 3186 missa
814 3111 849 3184 iu
863 3110 921 3184 die
937 3117 972 3184 et
988 3133 1121 3184 sermo.

208 3239 249 3308 lu
262 3236 380 3333 vigilia
392 3236 591 3335 Epiphania
610 3236 758 3312 luerunt
775 3257 921 3334 vespere
939 3235 1085 3332 papales
1103 3233 1139 3308 in
1157 3234 1296 3332 capella
1314 3235 1489 3335 predicta,

157 3365 194 3434 et
210 3359 247 3432 iu
262 3360 321 3436 dic
335 3361 447 3436 missa
460 3362 497 3436 iu
513 3362 660 3438 basilica
676 3387 705 3434 s.
723 3361 818 3437 Petri
833 3369 869 3437 et
885 3383 1018 3436 semro.
1054 3415 1057 3422 ,

207 3484 397 3562 Domiuica
422 3487 599 3579 secunda,
623 3492 704 3584 post
726 3486 860 3560 testum
881 3487 1078 3584 Epiphanio
1102 3485 1258 3576 Domini,
1274 3509 1346 3582 qua
1361 3486 1492 3561 dicitur

155 3611 383 3707 evangelium
409 3615 420 3687 ἐ
446 3612 581 3711 Nuptie
602 3615 805 3713 factasunt
831 3613 869 3685 irc
901 3613 1002 3696 Cone
1032 3611 1178 3704 Galilce,
1206 3616 1247 3684 R.
1280 3611 1317 3684 iu
1348 3612 1489 3686 Christo

152 3739 197 3813 P.‘
212 3739 254 3811 D.
273 3737 444 3812 Silvester
469 3739 662 3834 episcopus
682 3736 881 3834 Clugicusis
905 3736 1097 3810 celebravit
1118 3737 1265 3808 missam
1286 3734 1489 3810 solemnem

156 3859 194 3932 in
215 3861 353 3958 capella
377 3863 513 3959 majore
537 3861 659 3958 palatii
686 3861 722 3934 iu
745 3860 964 3958 paramentis
990 3859 1172 3951 uiridibus,
1198 3862 1296 3956 Papa
1320 3859 1483 3952 absente,

154 3985 397 4061 cardinalibus
423 3987 665 4084 presentibus,
696 3994 731 4061 et
750 4009 824 4060 non
846 3986 912 4060 luit
936 4008 1069 4060 sermo.
1094 3985 1172 4059 Alia
1196 3985 1384 4058 observata
1403 3993 1487 4059 suut

153 4110 322 4184 utmoris
338 4117 405 4184 est.

207 4237 244 4308 lu
271 4236 329 4310 die
357 4234 617 4332 purificationis
643 4237 747 4309 beate
771 4236 882 4310 lltarie
903 4236 1048 4333 virginis
1069 4236 1133 4310 luit
1151 4237 1262 4313 missa
1281 4238 1480 4314 solemnis:

151 4359 341 4434 distribute
372 4366 454 4433 sunt
479 4361 577 4458 prius
602 4360 751 4434 candele
780 4367 815 4435 et
843 4361 937 4437 tecta
964 4363 1166 4459 processio,
1192 4362 1333 4459 aliaque
1355 4363 1477 4438 omnia
1615 4453 1624 4460 Ι

150 4507 253 4558 more
269 4484 373 4560 solito
390 4494 474 4560 suut
487 4487 690 4562 obseruata.

200 4611 240 4682 ln
257 4609 314 4684 die
335 4611 511 4704 cinerum,
531 4615 629 4708 Papa
641 4611 824 4687 benedixit
836 4611 976 4685 cineres
996 4611 1032 4683 iu
1048 4612 1185 4709 capella
1199 4612 1338 4709 majore
1356 4613 1477 4710 palatii

152 4733 220 4824 sui,
239 4742 275 4809 et
289 4759 351 4810 ees
367 4735 560 4828 distribuit,
577 4737 706 4811 deinde
720 4737 814 4812 dicta
829 4737 894 4810 luit
908 4735 1020 4810 missa
1031 4737 1186 4834 publica,
1205 4735 1263 4812 cui
1278 4737 1355 4836 ipse
1370 4739 1479 4812 inter-

153 4858 229 4952 luit,
253 4883 460 4934 sermonem
476 4861 562 4936 lecit
575 4862 698 4936 nescio
712 4863 805 4958 quis.

204 4985 323 5060 Prima
352 4985 534 5060 dominica
560 4987 853 5085 quadragesime,
885 4987 952 5062 luit
982 4989 1094 5062 missa
1122 4989 1258 5088 papalis
1282 4988 1319 5060 in
1341 4987 1480 5084 capella

154 5110 292 5206 majore
308 5110 430 5207 palatii
445 5117 481 5185 et
495 5134 629 5203 sermo,
645 5134 745 5186 more
761 5113 878 5186 solito.
