3508 6034
256 443 308 498 mo
587 524 591 530 Ι
712 434 885 493 JOHANNlS
911 433 1132 504 BURCHARDL
1360 473 1366 484 .
1443 438 1505 507 [nu
1522 438 1593 504 arsa]

257 617 321 670 eos
335 593 476 690 legatos
493 589 661 665 delatore
678 587 863 664 constituit
884 593 920 663 et
934 589 1087 678 creavit;
1118 588 1179 685 qui
1197 588 1321 663 RRmi.
1336 591 1431 678 BD„
1444 594 1484 661 ut
1502 587 1593 661 obe-

257 718 481 808 dientiefilii,
499 717 545 792 ob
562 740 708 790 causam
728 715 936 812 hujusmodi
957 739 1002 790 ex
1025 716 1121 789 Urbe
1150 715 1207 788 die
1233 715 1328 812 Jovis
1356 718 1403 786 24
1427 715 1593 810 ejusdem

257 845 393 920 mensis
408 849 653 919 recesserunt.

306 971 476 1060 Sabbato,
509 973 554 1044 26
570 967 668 1058 maii,
690 968 783 1043 bora
801 967 974 1064 vigesima
993 965 1109 1064 prima
1127 963 1185 1038 vel
1211 963 1322 1055 circa,
1353 987 1420 1060 per
1443 971 1586 1060 portam

256 1096 423 1176 Viridarii
436 1095 660 1169 intraverunt
670 1091 852 1190 magnifici
865 1091 1002 1166 domini
1019 1089 1189 1165 Nicolaus
1203 1087 1359 1162 Michael
1375 1093 1411 1160 et
1426 1087 1593 1162 Andreas

261 1221 420 1321 Capella,
441 1219 582 1318 patricii
597 1219 740 1308 Veneti,
758 1218 867 1292 illust.
892 1216 1043 1290 dominii
1070 1221 1292 1293 Venetorum
1308 1219 1487 1305 oratores,
1505 1238 1599 1310 quo-

258 1373 339 1423 rum
352 1347 504 1445 primus,
522 1344 686 1420 videlicet
702 1348 745 1420 D.
764 1343 933 1419 Nicolaus
949 1333 1119 1435 Michael,
1135 1341 1350 1417 constitutus
1378 1339 1447 1413 luit
1474 1348 1600 1414 orator

156 1535 160 1546 .
259 1474 305 1550 ad
325 1495 450 1570 regem
481 1469 771 1568 Neapolitanum,
797 1469 889 1544 alter
917 1492 1001 1543 vero
1036 1467 1082 1542 ad
1106 1468 1378 1543 sanctissimum
1401 1465 1595 1540 dominum

260 1605 422 1673 nostrum
437 1620 569 1696 papam
586 1621 593 1685 ;
609 1596 671 1693 qui
690 1595 826 1693 recepti
842 1593 990 1669 luerunt
1011 1617 1032 1667 a
1051 1593 1196 1668 familiis
1217 1596 1280 1667 SS.
1306 1597 1350 1666 D.
1377 1595 1420 1666 N.
1441 1614 1537 1689 pape
1559 1595 1596 1664 et

260 1729 478 1800 RRmorum.
511 1727 587 1798 Du.
620 1721 855 1796 cardinalium
884 1729 921 1796 et
957 1743 1069 1818 usque
1099 1719 1145 1793 ad
1171 1720 1320 1793 domum
1354 1715 1594 1791 habitationis

260 1873 386 1924 eorum
403 1871 504 1924 more
521 1847 627 1923 solito
644 1846 825 1922 associati.

310 1973 491 2051 Schedula
514 1973 656 2071 publice
679 1973 974 2071 proclamationis
1000 1996 1066 2070 per
1089 1971 1224 2046 Urbem
1251 1969 1416 2044 iaciendo
1439 1993 1507 2069 pro
1533 1971 1598 2045 ad-

259 2107 365 2176 ventu
381 2099 612 2174 sacratissimi
625 2099 710 2174 ferri
724 2099 866 2190 lancee,
897 2099 1068 2197 quamde
1089 2097 1347 2172 commissione
1370 2101 1592 2171 RRmorum.

261 2230 336 2304 ub.
357 2217 600 2301 Beneventani
625 2232 661 2298 et
688 2231 813 2300 sancte
838 2225 1028 2300 Anastasia
1061 2222 1298 2299 cardinalium
1324 2223 1406 2297 dedi
1438 2223 1595 2298 auditori

261 2349 512 2449 gubernatoris
532 2349 650 2439 Urbis,
668 2349 725 2423 die
745 2350 899 2456 sabbati,
921 2349 1097 2448 vigesima
1112 2355 1214 2424 sexta
1228 2348 1314 2423 dicti
1335 2349 1473 2424 mensis
1489 2351 1594 2432 maii;

229 2503 231 2508 ·
262 2477 389 2550 eadem
405 2474 461 2550 die
477 2473 690 2570 exequenda
706 2499 713 2548 :
732 2497 802 2571 que
824 2481 1037 2550 tamennon
1058 2473 1201 2564 eadem,
1229 2473 1295 2547 sed
1309 2473 1367 2547 die
1382 2473 1471 2550 lune
1496 2475 1598 2574 vige-

264 2603 356 2676 sima
371 2607 496 2674 octava
511 2599 674 2696 ejusdem
691 2601 826 2673 mensis
837 2599 904 2674 luit
919 2605 1113 2696 exequuta.

315 2757 332 2795 a
351 2726 559 2800 Publicctur
582 2725 657 2798 sive
677 2725 922 2823 proclametur
936 2749 1001 2824 per
1028 2723 1161 2799 Urbem
1176 2724 1286 2799 bodie
1307 2749 1373 2823 per
1397 2726 1594 2802 officialem

266 2851 431 2949 Capitolii
448 2851 494 2926 ad
507 2852 579 2925 boc
601 2851 820 2942 ordinatum,
845 2851 889 2924 de
919 2851 1088 2924 mandato
1112 2853 1174 2926 SS.
1198 2852 1335 2926 domini
1357 2855 1472 2927 nostri
1489 2878 1598 2952 pape,

263 2977 360 3076 quod
386 2976 444 3050 die
471 2976 565 3074 J'ovis
595 2976 723 3049 ultima
746 2977 868 3074 hujus,
889 2976 981 3051 sesto
1000 2976 1233 3050 Ascensionis
1254 2975 1440 3050 salvatoris
1468 2979 1600 3068 nostri,

264 3103 360 3178 bono
375 3124 495 3192 mane,
513 3101 691 3176 Sanctitas
706 3126 770 3176 sua
785 3100 960 3198 equitabit
978 3101 1023 3176 ad
1044 3107 1185 3199 portam
1210 3099 1333 3189 Urbis,
1346 3099 1451 3196 juxta
1473 3101 1595 3173 eccle-

264 3228 354 3301 siam
380 3228 486 3300 beate
510 3227 623 3300 ltlarie
647 3227 692 3300 de
720 3227 872 3324 Populo,
902 3251 968 3324 per
996 3250 1106 3323 quam
1132 3225 1281 3299 intrabit
1310 3225 1601 3298 sacratissimum

265 3354 401 3427 terrum
416 3353 591 3450 quolatus
603 3356 646 3427 U.
667 3356 710 3427 N.
729 3355 814 3426 lesu
831 3353 962 3426 Christi
978 3354 1016 3427 in
1032 3375 1140 3428 cruce
1153 3373 1218 3450 pro
1235 3350 1350 3424 salute
1367 3359 1490 3426 nostra
1507 3375 1601 3448 pen-

265 3480 383 3555 dentis
398 3485 562 3575 apertum
581 3484 636 3551 est
650 3483 686 3551 et
704 3478 840 3553 ibidem
862 3480 978 3576 ipsam
993 3479 1158 3552 lanceam
1176 3501 1195 3550 e
1212 3476 1380 3550 manibus
1393 3476 1600 3574 legatorum

267 3606 418 3704 recipiet
434 3611 468 3678 et
484 3604 801 3702 processionaliter
820 3605 980 3701 portabit
997 3604 1095 3696 inde,
1119 3605 1176 3678 via
1201 3609 1303 3678 recta
1319 3603 1424 3700 juxta
1446 3603 1600 3688 flumen,

267 3731 313 3806 ad
333 3737 492 3804 castrum
515 3728 630 3803 sancti
659 3729 805 3828 Angeli‚
837 3730 1016 3826 perviam
1041 3738 1179 3806 rectam
1202 3731 1384 3826 usquead
1412 3729 1601 3806 basilicam

269 3855 382 3930 sancti
400 3855 496 3928 Petri
514 3879 522 3926 :
539 3863 745 3953 propterea,
763 3861 802 3928 ut
815 3855 997 3952 condigno
1021 3856 1162 3930 bonore
1179 3863 1215 3930 et
1229 3856 1465 3931 ueneratione
1485 3858 1602 3930 susci-

268 3982 387 4080 piatur
399 3987 435 4055 et
448 3979 672 4078 deportetur,
705 3981 823 4053 omnis
841 3981 897 4054 via
913 3981 1005 4054 bene
1021 3979 1230 4070 mundetur,
1253 3980 1404 4054 [loribus
1421 3989 1458 4055 et
1475 3981 1602 4054 herbis

267 4109 511 4208 proservetur,
527 4115 563 4180 et
577 4105 707 4204 pannis
722 4112 759 4179 et
776 4105 890 4180 auleis
901 4115 1067 4196 ornetur;
1086 4112 1135 4198 et,
1147 4107 1208 4203 qui
1224 4116 1388 4204 possunt,
1406 4107 1601 4181 commode

269 4234 478 4330 cooperiant
492 4232 600 4323 viam,
623 4239 659 4306 et
678 4232 796 4304 omnis
820 4232 975 4330 populus
998 4255 1082 4307 cum
1102 4232 1294 4307 devotione
1321 4217 1600 4331 processionem

269 4367 439 4457 sequatur
454 4381 537 4432 cum
557 4357 717 4431 candelis
738 4357 920 4432 accensis.
944 4363 1022 4446 Qua
1040 4359 1147 4449 lacta,
1166 4358 1298 4432 dicitur
1317 4358 1431 4430 missa
1444 4358 1483 4430 in
1504 4357 1600 4432 dicta

267 4485 439 4574 basilica;
463 4492 498 4556 et
519 4507 564 4557 ea
583 4483 687 4558 finita
702 4485 765 4558 SS.
792 4486 834 4556 D.
860 4487 903 4557 N.
927 4483 1025 4558 dabit
1048 4483 1231 4582 publicam
1248 4487 1284 4556 et
1303 4483 1510 4558 solemnem
1532 4484 1597 4558 be-

266 4609 512 4686 nedictionem
527 4610 565 4684 in
574 4609 656 4684 loco
672 4617 846 4683 consueto
863 4618 900 4684 et
913 4609 1095 4707 plenarias
1111 4609 1366 4708 indulgentias,
1391 4639 1408 4675 n

314 4736 495 4810 Schedula
518 4735 753 4810 intimationis
779 4735 944 4810 iacienda
969 4735 1113 4810 Rllmis.
1145 4739 1221 4812 UD.
1249 4735 1506 4828 cardinalibus
1530 4761 1597 4835 pro

267 4861 324 4933 die
352 4861 509 4934 crastina
528 4861 622 4934 inter
650 4861 829 4936 decimam
853 4869 1014 4937 octavam
1037 4869 1072 4936 et
1092 4863 1271 4937 decimam
1292 4885 1428 4937 nonam
1452 4862 1596 4954 horam,

266 5007 311 5058 ex
325 4985 579 5059 commissione
595 4990 670 5060 UD.
692 4987 933 5061 Beneventani
950 4994 987 5061 et
1001 4995 1126 5062 sancte
1138 4987 1327 5062 Anastasia
1344 4987 1596 5063 cardinalium.

266 5110 472 5184 cursoribus
492 5111 574 5185 data
593 5111 651 5187 die
669 5111 808 5187 sabbati
828 5111 979 5209 predicti
1000 5136 1065 5210 pro
1088 5111 1246 5186 adventu
1265 5111 1440 5210 principis
1461 5113 1595 5208 Gapuc.
