3496 6056
64 511 186 576 [octobre
203 509 275 574 ries]
392 503 519 562 RERUM
543 502 771 562 URBANARUM
796 501 1059 564 COMMENTARH.
1346 501 1397 570 153

106 663 212 737 Feria
228 661 360 761 prima,
380 665 418 734 ll
439 658 525 732 dicti
541 658 678 733 mensis
694 659 923 758 septembris,
946 661 1229 738 anniversarium
1242 689 1396 743 corona-

62 789 163 864 tionis
180 792 250 862 SS.
267 792 310 862 D.
334 791 376 861 N.
403 783 599 860 innocentii
620 808 711 882 pape
734 787 814 860 Vlll
838 789 960 860 Rmus
982 788 1023 858 D.
1047 788 1238 862 cardinalis
1258 792 1396 865 Medio-

59 912 216 990 lanensis
260 913 296 985 in
337 911 476 1010 capella
518 909 724 1008 supradicta
767 910 962 986 celebravit
1004 911 1153 987 missam
1191 915 1392 991 solemnem

59 1038 240 1112 consuetis
260 1037 490 1126 ceremoniis,
513 1038 610 1132 Papa
633 1041 817 1132 presente.
846 1040 1019 1112 Cantores
1042 1037 1209 1113 dixerunt
1230 1065 1391 1137 prosam,

58 1171 90 1238 et
111 1162 180 1236 alia
203 1187 310 1237 more
333 1162 450 1236 solito.
485 1165 571 1235 Post
595 1160 801 1258 prandium,
826 1169 992 1237 cantores
1015 1171 1190 1238 venerunt
1211 1166 1257 1240 ad
1278 1170 1394 1264 ponti-

57 1289 159 1360 ficem
174 1289 240 1384 qui
257 1288 402 1362 cuilibet
422 1309 548 1360 eorum
570 1290 606 1358 et
626 1284 734 1362 etiam
754 1285 908 1358 lohanni
931 1285 1043 1360 Mario
1066 1286 1165 1360 socio
1191 1313 1272 1363 meo
1293 1291 1392 1366 dedit

57 1437 162 1486 uuum
183 1413 358 1488 ducatum
377 1411 454 1486 auri
474 1411 519 1485 de
540 1433 686 1484 camera
705 1433 837 1484 novum
848 1434 914 1508 pro
927 1411 1089 1508 jucundo
1112 1415 1260 1488 secundi
1273 1418 1393 1513 ponti-

59 1539 183 1612 ficatus
199 1541 258 1613 sui
274 1538 436 1614 introitu.

103 1667 143 1736 ln
169 1669 281 1739 nocte
304 1661 482 1758 sequenti,
498 1660 555 1735 die
577 1659 758 1735 dominica
777 1666 820 1735 ld
841 1661 977 1736 mensis
994 1663 1152 1738 octobris
1168 1666 1266 1741 circa
1282 1669 1393 1766 septi-

59 1812 150 1861 mam
171 1789 304 1863 boram
328 1787 444 1861 noctis
467 1791 509 1859 R.
536 1785 574 1858 in
600 1783 742 1858 Christo
769 1789 809 1858 P.
831 1793 868 1861 et
892 1790 934 1860 D.
961 1793 1119 1863 Joannes
1143 1789 1187 1864 de
1213 1793 1393 1889 Aragonia

60 1913 146 1986 tituli
164 1939 192 1990 s.
212 1913 346 1988 Sabine
365 1912 555 2010 presbyter
573 1910 670 2006 regis
689 1911 913 2009 Neapolitani
936 1911 1045 2003 filius,
1067 1917 1181 1988 Rome
1202 1915 1236 1988 in
1260 1917 1392 2014 palatio

62 2062 134 2130 suo,
153 2035 253 2136 apud
267 2034 460 2109 ecclesiam
478 2033 593 2107 sancti
611 2033 792 2108 Laurentii
816 2035 853 2107 in
871 2036 1006 2110 Lucina
1025 2037 1121 2111 diem
1138 2038 1264 2112 clausit
1279 2045 1394 2114 extre-

63 2187 168 2252 mum,
188 2159 429 2260 cujus‘uuima
446 2159 648 2257 requiescat
663 2159 701 2231 in
715 2183 805 2258 pace
822 2159 833 2259 (
857 2160 882 2260 ).

109 2290 173 2362 Die
193 2288 307 2386 igitur
324 2286 489 2383 sequenti
502 2285 546 2385 [in
570 2307 676 2359 mane
696 2286 741 2358 ad
770 2286 981 2360 mandatum
1011 2289 1107 2363 Rmi.
1133 2295 1177 2364 D.
1203 2291 1392 2365 cardinalis

66 2413 287 2512 Neapolitani
304 2411 463 2488 ordinavi
478 2435 543 2509 pro
559 2411 684 2484 sunere
697 2413 916 2486 necessaria.
934 2414 1062 2490 Vocati
1079 2416 1223 2490 luerunt
1238 2413 1393 2512 capitula

67 2564 94 2612 s.
109 2539 286 2613 lobannis
301 2536 553 2611 Lateranensis
580 2541 667 2609 ets.
690 2537 799 2626 Petri,
822 2561 852 2610 S.
874 2539 986 2613 Marie
1006 2541 1164 2638 Majoris,
1184 2565 1211 2614 s.
1237 2542 1330 2616 Celsi
1357 2548 1392 2618 et

69 2689 95 2736 s.
112 2663 297 2739 Eustachii
316 2663 553 2738 ecclesiarum
574 2685 617 2735 ac
639 2686 669 2734 s.
695 2661 876 2736 Laurentii
896 2663 933 2736 in
954 2667 1128 2756 Damaso,
1148 2667 1339 2741 comitatus
1360 2693 1389 2742 s.

69 2791 173 2864 llarie
194 2790 241 2863 de
265 2789 436 2878 Minerva,
467 2811 496 2860 s.
530 2787 676 2876 Sabine,
702 2795 908 2861 sanctorum
932 2791 1191 2888 apostolorum,
1220 2817 1250 2864 s.
1281 2792 1392 2866 Mario

69 2915 218 3004 Araceli,
236 2940 265 2988 s.
286 2912 492 3010 Augustini,
515 2937 544 2986 s.
560 2913 672 2987 Marie
694 2913 738 2986 de
759 2914 910 3011 Populo,
929 2940 959 2988 s.
983 2917 1142 2991 Marcelli
1155 2923 1190 2990 et
1206 2941 1235 2990 s.
1249 2917 1392 2992 Martini

70 3039 101 3112 in
122 3042 317 3144 montibus,
341 3040 654 3116 confraternitates
674 3039 865 3113 Salvatoris
891 3047 926 3114 et
951 3065 980 3113 s.
1013 3042 1124 3116 lllarie
1151 3042 1390 3134 Annunciate,

72 3167 167 3262 cujus
182 3166 367 3240 confrater
387 3167 464 3264 ipse
490 3165 538 3238 lui
560 3171 596 3239 et
619 3165 840 3239 camerarius
860 3165 947 3239 oleri
970 3166 1074 3241 Urbis
1099 3191 1182 3240 cum
1203 3166 1277 3240 suis
1296 3190 1395 3264 pres-

73 3291 199 3389 byteris
226 3315 380 3388 quorum
412 3313 539 3364 omnes
570 3295 759 3380 venerunt,
788 3291 943 3388 demptis
969 3292 1133 3389 capitulis
1158 3317 1187 3366 s.
1218 3291 1394 3366 lohannis

75 3417 333 3508 lateranensis,
350 3442 379 3489 s.
395 3416 505 3490 llario
515 3416 661 3512 majoris
672 3421 707 3489 et
721 3439 750 3488 s.
762 3395 947 3490 *Eustachii
959 3441 1001 3490 ac
1015 3423 1192 3492 conventu
1205 3441 1233 3490 s.
1252 3417 1393 3490 Martini

75 3541 106 3612 in
127 3543 322 3634 montibus,
350 3549 474 3616 vocate
499 3541 608 3616 etiam
635 3541 779 3614 luerunt
803 3519 937 3616 familie
962 3543 1124 3618 omnium
1146 3543 1392 3632 cardinalium,

75 3666 210 3760 deinde,
249 3669 347 3742 circa
381 3667 508 3741 boram
543 3689 776 3764 vesperorum
810 3669 983 3743 desuncto
1019 3670 1200 3744 cardinale
1240 3670 1278 3742 in
1315 3669 1396 3743 aula

76 3793 295 3889 maguadicti
311 3793 434 3890 palatii
449 3793 583 3890 posito,
607 3800 643 3866 et
663 3793 761 3867 circa
781 3793 898 3891 ipsum
916 3795 1039 3892 viginti
1057 3795 1246 3870 intortioiis
1261 3819 1303 3870 ao
1318 3795 1396 3869 aliis

78 3938 116 3988 ex
129 3942 228 3992 more
241 3918 388 4015 paratis,
409 3919 552 4015 incepte
570 3925 652 3991 sunt
672 3924 708 3991 et
724 3925 868 3994 cantate
882 3920 1000 4017 vigilie
1017 3919 1144 4016 quibus
1160 3921 1396 3996 interfuerunt

79 4043 191 4118 thmi.
203 4046 279 4117 nb.
293 4043 563 4141 Neapolitanus
576 4044 845 4140 andegavensis
861 4051 897 4118 et
913 4045 957 4119 de
971 4046 1169 4120 Comitibus
1181 4045 1393 4120 cardinales.

80 4168 195 4242 Finitis
209 4169 352 4265 vigiliis,
370 4168 522 4242 cadaver
536 4173 717 4266 portatum
734 4174 788 4242 est
808 4169 852 4242 ad
873 4169 1066 4243 ecclesiam
1080 4193 1108 4242 s.
1128 4169 1259 4243 Sabine
1276 4169 1398 4264 inqua

80 4291 201 4390 deponi
216 4295 352 4368 debuit.
372 4296 449 4367 Hoc
463 4283 588 4367 ordine
604 4301 862 4391 processemnt
876 4296 1003 4368 iratres
1013 4295 1171 4367 Minerva
1185 4317 1229 4367 ex
1244 4316 1288 4366 eo
1301 4293 1398 4389 quod

83 4415 115 4488 in
129 4441 250 4491 eorum
267 4417 423 4492 ecclesia
444 4427 521 4492 erat
536 4417 804 4515 deponendum,
822 4418 952 4493 deinde
963 4419 1022 4492 alii
1038 4443 1104 4492 suo
1117 4418 1242 4492 ordine
1256 4443 1264 4492 :
1279 4416 1397 4490 nuNus

85 4545 329 4617 canonicarum
364 4544 601 4617 ecclesiarum
647 4543 933 4641 supradictarum
975 4544 1149 4634 interluit,
1191 4543 1255 4615 sed
1292 4541 1398 4639 pauci

84 4666 243 4744 duntaxat
259 4695 303 4744 ex
325 4670 572 4768 prebendariis
597 4671 820 4744 earumdem.
847 4674 931 4743 Post
948 4693 1075 4744 omnes
1095 4668 1261 4758 clericos,
1284 4667 1400 4740 incesss

86 4802 195 4870 serunt
210 4795 404 4893 portitores
424 4801 569 4869 centum
589 4797 825 4894 quadraginta
846 4795 962 4869 unciis
985 4793 1257 4884 intorticiarum‚
1277 4799 1400 4891 preter

87 4915 138 4990 illa
150 4943 215 5016 que
235 4921 272 4993 in
294 4919 376 4995 aula
394 4921 558 4994 luerunt:
576 4927 658 5018 post
680 4945 757 5011 eos,
780 4921 1056 4995 confraternitas
1072 4919 1278 5012 Salvatoris,
1296 4921 1398 5018 cujus

116 5106 139 5162 l.
155 5106 269 5166 Suirant
287 5109 314 5166 la
327 5109 435 5184 plupart
449 5110 497 5166 des
512 5108 668 5178 historiens,
683 5108 708 5165 le
723 5109 845 5170 cardinal
863 5111 1000 5186 d’Arngon
1015 5113 1098 5170 serait
1112 5117 1183 5171 mort
1206 5113 1395 5188 empoisonne.

89 5191 146 5266 l'oy.
163 5197 299 5254 lniessura
313 5199 382 5255 dans
397 5198 510 5266 Eccurd,
526 5205 548 5256 t.
569 5199 604 5270 ll,
616 5199 667 5256 col.
685 5200 761 5256 1956.
