3508 6034
128 475 189 550 [Mal
201 475 273 548 1⁴92]
460 470 586 528 RERUM
609 469 837 528 tnssannnou
861 467 1123 530 coltMENTAutt.
1146 528 1149 534 ,
1404 481 1456 538 473

125 635 246 705 autem
258 630 400 727 maiora
411 632 491 702 vota
502 627 600 725 quod
613 623 668 701 vel
679 633 760 726 post
771 649 898 701 omnes
909 625 1110 700 cardinales
1125 627 1180 702 vel
1195 635 1277 704 ante
1291 631 1456 708 ultimum

124 754 346 829 cardinalem
358 755 551 828 diaconum
560 753 754 842 locaretur,
768 751 948 828 sententia
958 753 1191 828 nihilominus
1201 758 1262 832 SS.
1278 761 1321 834 D.
1331 767 1455 837 nostro

124 886 318 955 reservata.

173 1011 267 1080 Nota
282 1007 378 1103 quod
389 1007 498 1082 hodie
515 1005 676 1082 officium
691 1031 764 1082 non
782 1013 838 1081 est
852 1006 988 1081 dictum
1004 1007 1048 1081 de
1065 1030 1093 1079 s.
1113 1011 1235 1085 Marco
1251 1013 1314 1085 sed
1330 1021 1455 1088 octava

125 1133 266 1208 Pascha
296 1139 333 1207 et
362 1132 523 1208 cilicium
544 1157 573 1206 s.
592 1133 703 1208 Marci
731 1133 776 1206 ad
802 1133 898 1208 diem
925 1133 1011 1206 lune
1027 1134 1191 1231 proxime
1217 1137 1450 1214 translatum:

122 1258 236 1332 missa
251 1260 503 1333 tantummodo
517 1258 561 1333 de
578 1283 608 1332 s.
623 1261 747 1332 Marco
763 1259 945 1334 celebrata
960 1267 996 1334 et
1011 1262 1196 1358 processio
1212 1262 1336 1336 hahita
1350 1269 1418 1338 est.

174 1383 335 1460 Sabbato
355 1385 392 1458 in
411 1385 515 1476 albis,
538 1389 583 1458 28
607 1383 743 1482 aprilio,
770 1387 811 1456 R.
837 1387 876 1457 P.
902 1389 946 1458 D.
971 1385 1127 1461 Thomas
1157 1387 1349 1486 episcopus
1374 1391 1455 1462 Cer-

122 1511 257 1587 riensis
273 1509 310 1583 in
323 1509 462 1608 capella
477 1512 615 1608 majore
628 1508 750 1607 palatii
761 1508 963 1607 apostolici,
974 1510 1167 1587 celebravit
1180 1513 1327 1588 missam
1340 1514 1454 1612 publi-

124 1661 220 1730 cam,
247 1641 346 1735 Papa
376 1637 540 1728 ahsente,
563 1635 624 1710 ubi
652 1634 775 1708 omnia
802 1640 884 1710 acta
913 1641 997 1708 sunt
1024 1643 1132 1731 prout
1159 1635 1197 1709 in
1217 1637 1451 1713 ceremoniali

122 1764 321 1838 onlinatur.

172 1889 279 1964 Faria
294 1895 407 1980 sexta,
427 1893 448 1962 l
464 1886 599 1962 mensis
614 1887 713 1978 maii,
731 1887 767 1960 in
780 1888 1112 1987 camerapapagalli
1128 1887 1251 1986 palatii
1262 1889 1451 1984 apostolici

121 2015 219 2114 apud
228 2023 395 2090 sanctum
411 2018 572 2106 Petrum,
591 2018 688 2112 Papa
698 2013 848 2088 ahsente
867 2014 912 2088 ab
927 2014 988 2088 illa
1007 2036 1153 2088 camera
1173 2012 1262 2112 (erat
1277 2023 1398 2089 tamen
1413 2015 1449 2088 in

121 2141 253 2216 eodem
282 2138 425 2238 palatio)
447 2138 657 2237 congregati
684 2138 827 2213 luerunt
853 2139 975 2212 llllmi.
1007 2143 1083 2214 DD.
1114 2140 1447 2232 vicecancellarius,

121 2293 151 2340 s.
172 2267 270 2340 Petri
293 2265 339 2339 ad
365 2264 532 2356 Vincula,
560 2264 826 2353 Ulixbonensis,
854 2261 1145 2356 Beneventanus,
1174 2265 1385 2356 Aleriensis,
1417 2292 1445 2340 s.

120 2391 324 2482 Anastasia,
353 2390 524 2464 Senensis
547 2397 583 2464 et
608 2389 653 2462 de
682 2389 820 2464 Ursinis
843 2389 1064 2480 cardinales;
1092 2391 1153 2488 qui
1181 2399 1301 2466 tamen
1321 2391 1358 2465 in
1378 2391 1450 2466 line

120 2513 412 2614 congregationis
436 2518 614 2588 venerunt
639 2513 685 2586 ad
708 2512 982 2590 deliberandum
1014 2517 1143 2612 quihus
1170 2517 1387 2592 ceremoniis
1415 2527 1451 2592 et

121 2641 249 2717 ordine
260 2639 394 2716 terrum
409 2639 535 2714 lancee
550 2638 680 2714 Christi
697 2661 769 2736 quo
782 2639 875 2714 latus
889 2642 1074 2716 salvatoris
1086 2642 1202 2716 nostri
1216 2646 1233 2716 J
1238 2666 1302 2716 esu
1318 2643 1449 2718 Christi

122 2768 158 2842 in
184 2789 294 2842 cruce
324 2763 516 2863 pendentis
543 2771 708 2864 apertum
731 2764 841 2840 luisse
860 2767 1014 2860 dicitur3
1030 2769 1128 2866 quod
1148 2767 1284 2860 terrum
1297 2792 1449 2866 magnus

121 2896 260 2968 Turous
272 2915 317 2966 ex
325 2889 636 2988 Constantinopoli
651 2915 717 2989 per
731 2899 913 2966 oratorem
927 2917 1030 2968 suum
1044 2894 1117 2990 (qui
1132 2919 1249 2994 nuper
1262 2899 1449 2972 Anconam

121 3030 317 3117 propterea
341 3015 449 3116 venit)
475 3016 640 3092 mittebat
669 3017 917 3114 recipiendum
947 3027 1062 3111 esset,
1091 3026 1127 3093 et
1157 3019 1195 3092 id
1222 3021 1449 3095 sanctissimo

122 3145 272 3218 domino
292 3148 417 3217 nostro
440 3143 670 3218 referendum
694 3143 754 3242 (l).
777 3148 817 3217 ln
843 3167 913 3242 qua
933 3145 1214 3242 congregatione
1234 3146 1330 3219 varia
1354 3147 1451 3222 circa

119 3271 217 3346 hanc
230 3268 568 3343 remlueruntdicta
582 3274 618 3344 et
633 3269 850 3344 introducta.
865 3273 954 3344 Nam
965 3269 1179 3367 quibusdam
1194 3271 1446 3355 sentientibus,

121 3420 204 3471 cum
239 3395 338 3470 omni
363 3395 591 3470 solemnitate
617 3401 653 3468 et
679 3396 926 3487 veneratione,
950 3402 985 3470 ot
1006 3419 1050 3470 eo
1071 3397 1212 3484 ordine,
1241 3419 1313 3494 quo
1342 3409 1448 3496 caput

120 3522 304 3596 shndree
315 3521 469 3617 apostoli
483 3521 627 3595 aselicis
642 3521 900 3595 recordationis
915 3522 1079 3620 Piopapa
1095 3523 1252 3598 secundo
1263 3532 1448 3624 receptum

120 3651 250 3740 luerat,
270 3655 306 3720 et
320 3649 459 3744 majore
476 3647 505 3720 si
522 3646 600 3721 lieri
615 3653 753 3743 posset,
767 3646 877 3745 recipi
893 3647 1026 3722 dehere
1046 3673 1053 3721 :
1072 3647 1245 3723 aliisvero
1261 3672 1300 3722 se
1315 3649 1449 3724 serrum

120 3776 248 3850 lancee
263 3772 423 3872 predicte
445 3773 482 3844 iu
503 3772 763 3868 Nuremberga,
781 3773 840 3846 ubi
854 3773 963 3848 hodie
979 3773 1129 3871 singulis
1149 3774 1266 3864 annis,
1287 3799 1358 3872 quo
1373 3776 1449 3849 dies

121 3907 177 3974 ast
194 3899 322 3974 lancee
339 3897 519 3996 ejusdem,
543 3897 761 3986 ostenditur;
786 3903 822 3971 et
846 3897 925 3970 aliis
945 3899 982 3970 in
998 3897 1214 3989 civitatibus,
1232 3907 1270 3971 ut
1287 3900 1446 3991 Parisiis,

121 4025 180 4100 ubi
197 4025 234 4098 in
255 4005 394 4121 capella
415 4023 510 4121 regis
537 4023 673 4097 terrum
697 4023 907 4121 hujusmodi
930 4031 1175 4114 conservatur,
1200 4025 1331 4098 vidisse
1349 4049 1450 4101 asse-

121 4149 285 4222 rentibus
305 4173 313 4222 :
333 4153 527 4246 propterea
552 4149 598 4222 ah
621 4155 764 4222 oratore
787 4147 925 4224 serrum
957 4149 1075 4246 ipsum
1096 4149 1284 4240 afferente,
1310 4151 1446 4248 absque

120 4273 349 4349 solemnitate
364 4273 494 4371 aliqua,
512 4297 578 4371 por
593 4277 656 4348 SS.
676 4276 718 4347 D.
736 4277 766 4348 N
772 4329 796 4364 .,
814 4273 851 4346 in
873 4277 1092 4348 RRmorum.
1111 4277 1187 4348 DD.
1212 4273 1447 4350 cardinalium

118 4400 174 4474 rel
202 4400 406 4498 aliquorum
432 4423 558 4474 eorum
579 4401 777 4498 presentia,
804 4400 842 4473 in
866 4421 1011 4474 camera
1037 4423 1101 4472 sua
1120 4399 1389 4498 recipiendum3
1412 4411 1448 4474 ot
1530 4435 1533 4440 ·

118 4526 338 4601 mittendum
353 4525 654 4623 Nurembergam,
668 4523 825 4599 Parisios
841 4547 882 4600 ac
898 4524 982 4598 alibi
997 4549 1063 4624 pro
1078 4526 1228 4602 veritate
1244 4526 1448 4624 indaganda

155 4699 180 4752 1.
205 4694 333 4752 «loanni
347 4693 442 4754 Maiori
458 4694 561 4751 Erami.

204 4808 218 4838 u
235 4785 402 4860 Expectatur
415 4785 459 4842 hic
472 4785 507 4842 acl
521 4785 580 4842 dies
590 4801 694 4860 paucos
709 4785 808 4841 terrum
824 4785 924 4842 lancea
939 4802 993 4858 quo
1008 4785 1171 4842 transfixum
1182 4785 1231 4841 luit
1246 4784 1272 4839 in
1286 4784 1446 4842 crucelstus

113 4875 297 4950 redemptoris
318 4875 415 4931 nostri.
431 4873 515 4931 Mittit
538 4874 605 4930 illud
625 4875 697 4931 dono
720 4892 827 4932 summo
851 4875 977 4931 Pontillci
992 4891 1110 4948 magnus
1136 4875 1252 4945 Turnus,
1268 4882 1296 4931 et
1312 4875 1371 4948 jam
1389 4876 1446 4931 An·

112 4965 231 5022 chonam
246 4963 380 5038 perlatum
394 4963 500 5020 dicitur.
510 4963 673 5046 ‚Excipietur
683 4967 727 5038 (ut
739 4965 830 5037 audio)
846 4963 978 5038 singulari
993 4966 1178 5036 veneratione,
1193 4976 1245 5025 etr.

762 5095 776 5126 α
792 5073 895 5146 Roma,
908 5073 951 5131 dis
961 5073 984 5131 V
994 5073 1057 5130 maii
1072 5075 1150 5130 1492.
1170 5095 1183 5127 n

148 5179 249 5237 Petrus
265 5179 424 5255 Delphinus,
439 5181 487 5240 liv.
506 5182 553 5251 lll‚
570 5183 627 5240 lett.
643 5183 769 5240 lllllllll.
