3600 6094
81 453 167 517 nan
184 453 256 518 rar]
428 451 553 508 annun
577 449 804 508 unoruaaun
829 449 1090 507 counrnvrann.
1390 452 1425 506 27

77 631 169 680 euru
205 608 337 704 singuli
368 607 549 698 custodes,
582 613 621 681 ut
651 631 760 705 supra
788 605 946 704 deputati
988 603 1122 676 ibidem
1151 609 1351 702 presentes,
1389 611 1424 678 et

74 734 284 830 genuflexi,
313 732 415 806 tactis
441 731 626 831 seripturis
655 733 819 830 ejusdem
849 729 1013 804 breviarii
1045 729 1220 802 ambabus
1242 729 1420 821 manibuS,

75 859 266 954 premissa.
298 882 336 930 se
363 860 613 934 observaturos
631 860 855 956 juraverunt.
881 862 972 931 Tum
992 857 1036 930 ad
1058 881 1120 929 sua
1140 856 1221 928 loca
1241 854 1424 929 redierunt

73 984 238 1079 singuli,
259 991 294 1056 et
311 986 434 1058 anmi.
454 990 529 1060 DD.
549 985 748 1059 cardinales
768 986 814 1058 ad
833 1009 914 1058 suas
939 1007 1101 1057 cameras
1126 1005 1164 1054 se
1190 986 1419 1078 receperunt.

74 1107 224 1180 Deinde
251 1111 377 1180 Rmus.
413 1111 456 1180 u.
492 1108 726 1198 camerarius,
757 1113 906 1204 accepto
932 1105 1128 1196 intorticio,
1149 1103 1254 1176 nobis
1279 1102 1421 1175 clericis

73 1230 376 1304 ceremoniarum
394 1231 510 1330 ipsum
538 1232 947 1334 comitantibuatotum
968 1229 1137 1302 conclave
1163 1227 1291 1300 circuit
1312 1227 1419 1300 etiam

72 1379 143 1452 per
178 1357 364 1430 caminum
393 1357 552 1430 secunde
580 1356 682 1445 aule,
708 1361 743 1427 et
773 1355 807 1428 in
828 1354 967 1426 duobus
993 1352 1082 1425 locis
1104 1376 1170 1449 pro
1204 1350 1419 1424 necessariis

72 1481 257 1572 dimissis,
283 1507 329 1554 ne
354 1484 434 1580 quis
459 1482 592 1554 ibidem
608 1478 712 1554 'esset
737 1480 969 1552 absconditus
994 1478 1054 1574 qui
1079 1477 1239 1551 conclavi
1263 1500 1336 1548 non
1359 1477 1420 1548 de-

71 1607 183 1680 beret
214 1605 406 1696 interesse,
432 1613 481 1698 et,
512 1607 657 1680 nemine
687 1611 843 1702 reperto,
876 1605 997 1677 clausa
1025 1609 1080 1676 est
1108 1597 1287 1676 conclavis
1315 1609 1418 1700 porta

39 1750 43 1758 ·
68 1731 220 1806 duabus
245 1731 436 1806 serraturis
463 1736 586 1830 preter
615 1728 839 1828 sportellam,
873 1751 1024 1823 quarum
1059 1727 1246 1799 ambarum
1279 1725 1418 1799 clausu-

70 1879 201 1928 rarum
218 1856 338 1928 claves
353 1854 522 1928 custodes
538 1855 582 1927 ab
599 1858 699 1926 extra
720 1851 808 1924 milri
829 1850 1110 1946 assignaverunt.
1137 1853 1299 1926 Habebat
1314 1859 1417 1951 porta

70 1981 152 2076 ipsa
174 1981 287 2071 circa,
311 1981 471 2053 medium
496 1978 705 2078 sportellum
732 1977 832 2074 quasi
855 1978 1030 2072 quadrum
1045 1978 1197 2052 duorum
1212 1980 1415 2077 palmorum

67 2108 125 2179 vel
143 2105 340 2203 circa,lpro
357 2106 601 2180 ministrandis
617 2104 761 2180 cibariis
777 2103 898 2180 etaliis
919 2105 1146 2194 necessariis,
1165 2106 1262 2202 quod
1277 2105 1414 2179 duabus

68 2233 256 2306 clausuris
272 2235 493 2323 serrabatur,
510 2257 581 2306 una
596 2234 641 2305 ab
657 2238 771 2324 extra,
796 2233 900 2328 cujus
921 2231 1057 2304 clavem
1078 2231 1245 2304 custodes
1261 2231 1412 2328 predicti

68 2361 286 2448 servabant;
318 2359 387 2433 alia
414 2359 459 2431 ab
490 2359 598 2449 intus,
635 2357 736 2453 eujus
770 2357 907 2430 clavem
937 2382 1004 2454 ego
1028 2355 1171 2429 retinui.
1201 2359 1277 2440 Quo
1301 2354 1410 2444 lacto,

67 2489 251 2557 venerunt
281 2491 430 2558 comute
460 2483 696 2556 cardinalium
721 2489 822 2556 extra
849 2485 892 2556 ad
925 2484 1135 2581 sportellum
1160 2507 1242 2556 cum
1267 2483 1411 2556 cibariis

68 2631 215 2698 eorum,
240 2631 309 2702 que
330 2631 396 2679 nos
417 2607 551 2690 ibidem
571 2606 791 2704 accepimus,
814 2612 849 2678 et
872 2607 1021 2702 singulis
1042 2609 1277 2682 cardinalium
1304 2609 1411 2684 servi-
1503 2707 1506 2714 Ι

68 2735 214 2808 toribus
231 2735 509 2809 ministravimus
526 2758 569 2806 eo
586 2734 725 2825 ordine,
750 2757 858 2830 quem
882 2734 973 2806 intra
994 2733 1172 2825 dicemus;
1196 2743 1231 2809 ct
1247 2737 1410 2812 lecerunt

67 2860 265 2954 prandium
281 2859 405 2931 thmi.
420 2863 494 2932 DD.
514 2859 731 2946 cardinales;
750 2858 879 2931 deinde
897 2858 1088 2932 servitores
1104 2859 1172 2950 sui,
1192 2867 1227 2933 et
1243 2884 1308 2934 nos
1324 2884 1407 2934 cum

68 2985 171 3080 ipsis.
198 2987 309 3056 Erant
330 2984 427 3056 enim
449 2984 485 3056 in
499 2984 666 3084 'conclavi
687 2985 810 3058 thmi.
835 2988 909 3057 ou.
933 2983 1132 3058 cardinales
1158 3010 1233 3058 xxv
1252 3009 1407 3081 quorum

67 3110 223 3204 quilibet
238 3110 328 3182 duos
349 3111 541 3184 servitores
560 3111 728 3198 habebat,
751 3108 911 3205 exceptis
931 3108 1189 3182 Mediolanensi
1209 3116 1245 3183 et
1264 3113 1406 3185 Gerun-

68 3235 172 3307 densi
197 3235 440 3309 cardinalibus
464 3235 629 3324 infirmiS,
661 3259 814 3332 quornm
837 3235 988 3331 quisque
1013 3242 1087 3310 tres
1109 3238 1278 3312 habebat.
1307 3239 1405 3312 Ultra

68 3383 160 3456 quos
190 3361 430 3434 interfuerant
458 3362 568 3435 abbas
603 3362 716 3436 sancti
758 3361 978 3451 Sebastioni,
1014 3362 1180 3455 sacrista,
1218 3389 1302 3438 eum
1331 3390 1403 3440 uno

68 3485 217 3577 lamulo,
241 3487 338 3582 quod
361 3493 483 3562 tamen
507 3487 573 3562 luit
602 3495 725 3586 preter
749 3489 907 3576 solitum,
935 3495 971 3562 et
995 3488 1180 3562 debitum:
1200 3490 1282 3586 quia
1306 3492 1402 3566 solus

65 3611 224 3686 debebat
251 3611 446 3703 interesse3
477 3613 618 3712 accepit
645 3619 765 3688 autem
794 3614 907 3704 illum,
943 3621 982 3688 ut
1015 3615 1081 3688 sibi
1111 3615 1240 3688 ssascos
1269 3623 1305 3690 et
1334 3617 1400 3690 elia

67 3738 257 3835 colligeret
280 3763 350 3835 que
383 3739 427 3812 de
452 3739 651 3814 munitione
673 3741 908 3814 cardinalium
931 3747 1154 3838 superesset;
1182 3747 1218 3814 et
1244 3742 1313 3815 duo
1333 3765 1400 3816 nos

65 3861 189 3936 clerici
216 3863 505 3938 ceremoniarum
531 3872 566 3938 et
591 3865 662 3939 duo
678 3864 824 3954 medici,
842 3888 994 3961 quorum
1016 3866 1184 3940 omnium
1197 3867 1344 3940 nomina
1363 3874 1397 3942 et

64 3991 284 4088 cognomina
298 3991 447 4066 interius
462 3994 655 4066 annotabo

108 4119 270 4190 loannes
286 4117 416 4191 Paulus
431 4119 476 4192 de
497 4119 632 4209 Bossis,
657 4120 767 4192 abbas
792 4117 1051 4192 monasteriis.
1075 4116 1274 4192 Sebastiani
1296 4122 1396 4190 extra

63 4265 186 4314 muros
203 4243 320 4334 Urbis,
339 4244 490 4318 sacrista
505 4245 642 4343 capelle
659 4247 695 4318 S.
715 4249 757 4318 b.
777 4248 818 4320 N.
837 4269 942 4342 pope.

107 4371 186 4463 Ego
211 4367 394 4444 lohannes
410 4371 638 4444 burchardus
660 4371 934 4469 Argentinensis
955 4375 990 4444 et
1009 4369 1192 4444 lohannes
1216 4367 1327 4442 Maria
1348 4368 1393 4442 de

63 4491 173 4564 Podio
190 4493 311 4566 clerici
328 4495 617 4569 ceremoniarum
633 4497 769 4594 capelle
785 4496 959 4595 predicte.

107 4619 199 4687 Cum
215 4621 318 4689 Rmo.
337 4622 380 4692 D.
399 4621 579 4695 cardinale
594 4623 903 4714 vicecancellario,
921 4624 996 4695 uu.
1017 4621 1173 4694 lacobus
1195 4622 1388 4713 Casanova,

66 4743 95 4808 et
108 4739 293 4813 lohannes
309 4745 426 4840 Lopez
440 4745 708 4820 abbreviatores
723 4748 767 4818 de
783 4771 893 4844 parco
908 4747 1051 4820 minori.

106 4867 194 4936 Cum
218 4869 322 4940 Rmo.
342 4871 384 4940 o.
410 4871 589 4945 cardinale
612 4871 861 4970 Neapolitano,
885 4875 960 4945 uu.
986 4872 1271 4948 Colathomasius
1292 4878 1389 4948 Ron-

65 4987 193 5064 rbellus
209 4992 306 5064 sedis
322 4996 519 5090 apostolice
534 4999 815 5094 protonotarius
833 5006 868 5074 et
892 5001 1072 5074 Mattheus
1096 5003 1246 5074 llannus
1265 4999 1387 5074 litera-

66 5135 131 5187 mm
146 5119 429 5215 apostolicarum
446 5125 611 5222 scriptor.
