3578 6032
689 489 900 548 APPENDICE.
1409 495 1464 552 bib

127 639 367 720 preclarissime
381 643 503 708 athleta
518 645 698 722 occurristi,
721 644 889 727 subiitque
911 648 1059 710 mentem
1083 645 1131 708 tui
1156 645 1291 726 quidem
1317 649 1463 714 nominis

125 739 212 804 lama
228 741 436 818 percelebris,
452 759 517 822 que
531 742 654 806 nedum
677 745 885 818 christianos,
905 758 1019 807 verum
1034 747 1222 808 exterorum
1243 744 1328 814 dues
1351 753 1384 811 et
1404 766 1463 811 us-

127 855 192 918 que
206 837 251 900 ad
264 837 360 902 indos
372 839 567 918 penetrauit.
578 842 710 904 Accedit
723 841 765 905 ad
778 843 839 906 hoc
852 841 930 905 fidei
940 842 1124 922 integritas,
1141 841 1242 906 animi
1254 849 1463 926 generositas

129 935 317 1016 mentisque
341 937 609 1018 magnanimitas,
623 957 688 1020 qua
702 945 750 1017 tu,
767 941 881 1020 tuique
895 939 1135 1003 commilitones
1148 941 1267 1022 prediti
1284 949 1372 1007 sunt.
1390 945 1464 1008 Pre-

127 1039 218 1096 terea
237 1033 445 1112 precellentis
469 1037 625 1118 triumphi
648 1037 754 1120 gloria
782 1055 884 1118 quam
913 1037 1100 1121 (obsidione
1122 1055 1186 1118 qua
1212 1041 1345 1122 genitor
1368 1059 1464 1106 meus

129 1133 275 1196 ilhodios
290 1132 506 1213 oppugnauit)
530 1133 641 1215 adepti
663 1136 755 1198 estis.
776 1135 909 1198 illustre
924 1135 1057 1216 quidem
1072 1134 1199 1200 lacinus
1219 1157 1227 1200 :
1244 1138 1475 1205 othumanno:

128 1247 205 1293 rum
217 1229 373 1294 familiam
389 1229 502 1312 (supra
517 1232 724 1314 octingentos
745 1250 852 1297 annos
869 1233 1014 1314 tropheis
1029 1235 1204 1315 triumphis
1218 1241 1320 1318 atque
1334 1240 1464 1303 ouatio-

127 1329 228 1391 nihus
242 1329 451 1412 celebratam)
467 1332 586 1394 virtute
603 1337 713 1396 vestra
729 1333 945 1413 propulsasse
963 1352 971 1394 :
986 1333 1113 1414 ingenti
1127 1335 1238 1415 itaque
1253 1341 1310 1400 tue
1333 1338 1462 1402 virtutis

126 1425 347 1491 admiratione
366 1427 515 1504 allectus,
533 1433 566 1491 te
580 1433 779 1510 tuorumque
794 1429 936 1493 militum
951 1434 1060 1493 cetum
1083 1431 1206 1495 nedum
1229 1429 1327 1498 dilexi
1349 1453 1462 1500 verum

126 1525 252 1602 amani,
264 1525 349 1590 colui
360 1531 391 1590 et
402 1527 710 1608 magnlicci.Vestre
720 1528 843 1609 quippe
852 1528 994 1603 virtutis
1006 1533 1097 1592 tante
1107 1537 1186 1594 sunt
1194 1531 1280 1596 vires
1292 1539 1328 1596 ut
1340 1533 1463 1599 nedum

127 1643 189 1689 sue
203 1628 314 1708 gentis
328 1631 444 1690 rerum
459 1632 646 1690 exterarum
660 1627 831 1690 nationum
853 1627 983 1691 animos
1000 1627 1155 1693 alliciant.
1172 1634 1237 1695 Nec
1249 1649 1365 1713 parurn
1380 1641 1465 1700 attu-

124 1723 163 1785 lit
183 1723 264 1785 mihi
287 1721 406 1786 dducie
426 1725 516 1804 quod
539 1731 575 1788 tu
596 1725 850 1789 christianorum
874 1727 1060 1808 principum
1082 1727 1233 1794 fauorem
1256 1735 1464 1814 gratiamque

126 1821 217 1886 haud
242 1821 405 1886 immerito
427 1823 665 1902 complecteris,
682 1823 771 1904 quod
793 1841 852 1903 per
870 1828 903 1887 te
917 1825 966 1886 tui
986 1827 1118 1906 quidem
1140 1829 1285 1894 nominis
1308 1833 1466 1912 splendor

127 1922 161 1984 in
174 1919 336 1983 orientem
350 1919 416 1983 late
431 1920 623 1984 diffunditur
640 1921 747 1984 :Nulli
762 1927 849 1985 certe
864 1923 985 1985 mirum
998 1925 1101 1988 videri
1117 1923 1227 2004 debet,
1244 1929 1273 1991 si
1287 1947 1463 2009 personam

127 2024 184 2080 tue
198 2017 278 2082 iidei
292 2017 513 2094 crederemus,
530 2019 587 2098 qui
601 2019 836 2100 ‘magnanimus
855 2025 887 2083 et
900 2021 1168 2100 sapientissimus
1181 2027 1343 2106 genitoris
1357 2035 1464 2110 prete·

126 2118 207 2180 ritas
232 2115 370 2180 iniurias
390 2116 662 2196 paruipenderes,
685 2123 718 2182 et
742 2117 849 2182 illium
868 2120 991 2182 tiranni
1014 2119 1056 2182 ad
1079 2125 1112 2183 te
1133 2120 1381 2204 confugientem
1397 2141 1464 2189 non

126 2221 393 2295 contempneres,
403 2233 520 2278 verum
532 2217 682 2292 consilio,
699 2217 821 2280 auxilio
836 2223 935 2297 atque
950 2215 1093 2298 presidio
1106 2217 1251 2281 loueres.
1268 2220 1332 2284 Sed
1345 2223 1468 2285 tacitus

127 2312 268 2376 forsitan
283 2313 409 2395 cogitas
422 2329 489 2393 quo
513 2311 585 2376 iure
609 2331 684 2376 cum
697 2330 859 2395 germano
882 2313 923 2377 de
942 2331 1045 2396 regno
1063 2315 1117 2378 hic
1138 2319 1305 2382 contendit
1330 2319 1386 2400 qui
1408 2321 1466 2383 mi-

126 2427 189 2474 nor
201 2415 253 2474 est
267 2416 359 2473 natu.
373 2413 489 2475 Fateor
502 2410 637 2476 fratrem
649 2413 741 2492 prius
754 2412 788 2474 in
803 2412 910 2475 lucem
926 2412 1078 2492 prodisse
1095 2433 1103 2476 :
1118 2414 1179 2477 hac
1193 2432 1326 2496 quoque
1337 2419 1466 2482 rabone

127 2509 267 2590 imperio
292 2507 462 2573 exclusum
481 2509 521 2574 iri
542 2510 717 2575 contendo.
740 2511 835 2574 Patre
858 2511 946 2573 enim
968 2512 1103 2592 genitus
1129 2519 1180 2576 est
1203 2531 1270 2577 non
1293 2533 1384 2597 rege,
1408 2517 1465 2596 qui

128 2607 292 2682 (nondum
309 2607 530 2689 principatum
550 2609 705 2688 adeptus)
727 2609 839 2688 ipsum
862 2609 988 2690 genuit.
1011 2609 1182 2674 Possideat
1205 2612 1306 2695 igitur
1323 2629 1466 2695 quorum

128 2713 225 2784 pater
238 2704 331 2789 (dum
346 2724 423 2770 eum
438 2707 595 2786 suscepit)
611 2708 744 2786 potitur.
761 2709 830 2788 ligo
844 2723 922 2770 vero
936 2723 954 2770 a
970 2712 1063 2787 patre
1084 2725 1163 2789 rege
1177 2710 1404 2790 imperialibus
1418 2713 1466 2774 in-

127 2802 205 2866 iulis
221 2809 351 2878 ornato,
365 2803 511 2884 genitus,
533 2809 632 2868 nutus
654 2805 880 2885 educatusque
905 2821 990 2867 sum.
1008 2807 1073 2868 Nec
1087 2811 1214 2885 petrem
1229 2809 1307 2888 vidi,
1324 2810 1465 2892 cognoui

128 2907 233 2981 atque
247 2899 344 2976 colui,
367 2903 431 2965 nisi
451 2919 576 2984 regem,
597 2903 830 2982 imperatorem
848 2919 886 2966 ao
905 2903 1084 2982 principem
1100 2921 1210 2967 rerum
1225 2909 1378 2986 potitum.
1394 2911 1464 2986 Quo

130 2999 179 3078 iit,
192 3001 368 3080 utoptimo
382 3001 453 3063 iure
467 3001 557 3081 quod
572 3007 666 3080 pater
679 2999 765 3081 (cum
788 3017 841 3063 me
865 3000 993 3082 genuit)
1014 3003 1172 3081 possedit,
1199 3003 1278 3066 mihi
1302 3003 1463 3068 debeatur

127 3101 218 3161 nato.
244 3099 286 3161 iit
304 3100 474 3162 mittamus
498 3097 569 3161 hec.
594 3099 702 3161 Potuit
725 3115 767 3161 ne
788 3115 842 3160 me
856 3115 959 3175 regno
984 3103 1121 3178 paterno
1143 3101 1300 3181 auitoque
1324 3119 1463 3182 prorsus

127 3195 307 3275 expellere,
321 3200 354 3257 et
370 3197 462 3277 regio
481 3197 592 3260 iuveni
613 3195 748 3278 dignam
772 3196 957 3276 portionem
981 3197 1165 3278 denegaret
1182 3199 1317 3279 Regiam
1332 3215 1462 3281 gazam,

125 3293 427 3374 precellentemque
442 3295 679 3376 supellectilem
693 3295 864 3368 inuadere,
886 3294 949 3356 sibi
964 3295 1128 3357 ascribere
1141 3312 1180 3357 ao
1194 3297 1357 3376 diripere?
1370 3300 1464 3362 Com-

126 3391 296 3456 miiitoues
314 3391 363 3472 (ut
377 3394 458 3456 mihi
478 3391 598 3456 infensi
613 3390 737 3472 essent)
754 3392 850 3455 donis
875 3408 1095 3470 corrumpere,
1121 3393 1250 3457 allicere
1275 3399 1375 3474 atque
1398 3415 1467 3462 mo·

126 3507 225 3564 uere;
241 3495 275 3553 et
288 3507 342 3554 me
357 3490 400 3555 ed
414 3491 588 3554 interitum
602 3506 710 3570 usque
724 3493 862 3572 urgeret
876 3491 902 3554 0
917 3489 1027 3554 fratris
1049 3507 1130 3554 seua
1146 3491 1339 3554 erudeliiest
1354 3493 1380 3556 t)
1393 3511 1468 3574 ger·

128 3589 221 3652 marri
232 3593 410 3652 contumax
424 3591 592 3670 tyrannis!
609 3589 635 3652 0
649 3589 822 3670 sanguinis
837 3605 912 3652 ceca
927 3588 1107 3668 cupiditas!
1122 3587 1226 3651 Pudet
1239 3589 1299 3652 bec
1311 3591 1353 3654 de
1365 3589 1465 3669 fratre

126 3689 233 3768 queri.
249 3687 314 3750 Sed
328 3687 418 3767 quod
432 3703 501 3750 non
515 3687 648 3750 eruhuit
669 3705 723 3750 me
746 3691 882 3767 patema
905 3687 1088 3749 hereditate
1104 3686 1257 3766 spoliare,
1279 3705 1401 3769 equum
1416 3697 1468 3755 est
1521 3687 1523 3692 ’

127 3801 182 3847 me
195 3783 329 3864 (iniuria
345 3785 535 3866 spoliatum)
550 3803 661 3850 coram
675 3785 738 3862 hie,
752 3785 795 3848 ad
811 3801 897 3864 quos
911 3784 1077 3866 coniugio,
1093 3785 1182 3849 haud
1196 3789 1381 3852 verecunde
1395 3808 1470 3856 con·

127 3883 234 3964 queri.
250 3883 313 3961 Qui
324 3883 412 3946 enim
429 3884 547 3946 medici
560 3899 695 3963 operam
710 3883 803 3962 petit,
822 3882 971 3946 dolorem
986 3888 1018 3947 et
1031 3883 1154 3946 vulnus
1176 3883 1308 3967 detegat
1329 3903 1467 3952 neeesse

127 3986 189 4044 est.
204 3981 255 4044 hd
268 3987 301 4042 to
315 3981 448 4064 coniugi
464 3981 664 4044 Rhodiorum
683 3979 871 4044 felicissime
886 3982 1050 4061 princeps,
1069 3999 1197 4061 vosque
1210 3985 1393 4063 amplector
1403 3985 1467 4049 ior·

126 4079 249 4142 tissimi
262 4079 396 4156 milites,
412 4077 578 4144 facessent
591 4079 693 4160 igitur
707 4084 840 4157 paterne
859 4080 1057 4142 contumelio
1076 4100 1083 4141 ε
1100 4081 1143 4144 ad
1155 4081 1375 4146 calamitatem
1390 4084 1466 4164 (qna

126 4177 272 4258 premor)
288 4183 433 4241 mentem
448 4183 641 4241 conuertere
655 4177 737 4240 veiis
753 4177 957 4242 inclitissime
977 4179 1111 4254 athleta,
1133 4179 1189 4258 qui
1204 4180 1350 4242 hostium
1364 4183 1482 4244 armis.

126 4276 405 4364 audesflresistere
420 4281 452 4340 et
467 4276 652 4356 principum
667 4275 843 4339 calamitati
859 4277 923 4338 sois
938 4276 1129 4339 subuenire.
1146 4277 1332 4340 Percuciam
1345 4281 1467 4360 quippe

127 4393 203 4440 cum
216 4375 405 4438 christianis
418 4380 616 4456 perpetuum
632 4373 740 4448 fedus,
757 4391 818 4437 nec
832 4391 890 4437 eos
903 4374 1003 4436 armis
1018 4373 1176 4438 lacessire
1188 4376 1342 4450 conabor,
1359 4381 1467 4457 pater

127 4479 231 4558 nique
245 4475 374 4555 imperii
396 4475 545 4554 pertione
564 4489 632 4536 non
655 4471 792 4554 indigne
815 4477 1002 4548 contentus,
1019 4473 1120 4536 ermis
1140 4473 1269 4553 pusille,
1285 4476 1465 4555 quiescam.

128 4577 194 4638 lt'ec
206 4575 381 4640 immernor
395 4570 632 4636 beneficiorum
649 4571 680 4651 (a
697 4575 730 4634 te
745 4569 986 4650 susceptorum)
1003 4587 1072 4634 ero.
1087 4572 1228 4650 imploro
1248 4577 1343 4638 tuum
1362 4575 1468 4654 presi·

129 4675 234 4747 dium,
248 4673 367 4734 inuoco
381 4671 567 4750 principum
582 4669 758 4733 christiane
773 4669 942 4750 religionis
957 4669 1116 4732 auxilium
1136 4677 1172 4734 ut
1192 4676 1223 4734 et
1245 4673 1323 4736 mihi
1339 4673 1468 4753 stipsis

128 4770 306 4833 consulunt
319 4769 471 4850 germani
488 4770 655 4839 seniciam,
672 4768 875 4831 vindicantes
895 4785 955 4848 pro
975 4768 1106 4831 inimico
1121 4771 1275 4844 amicum,
1292 4788 1351 4852 pro
1373 4771 1468 4835 hoste

128 4869 309 4948 hospitem,
331 4884 390 4947 pro
408 4865 512 4932 infido
527 4865 630 4930 fidum
653 4865 702 4928 R,
719 4867 753 4928 P.
779 4866 1031 4930 christianorum
1054 4867 1288 4932 vendicabunt.
1312 4871 1402 4950 Rege
1426 4870 1469 4934 si-

128 4968 233 5046 lente,
246 4967 467 5049 magisteriis
480 4967 641 5048 loquutus
655 4971 705 5030 est
722 4963 774 5046 (1).

161 5194 184 5240 i.
204 5191 258 5242 nes
277 5189 303 5240 le
326 5189 410 5241 debut
424 5189 457 5241 dc
473 5201 523 5240 son
542 5189 615 5248 rtcit,
633 5187 761 5239 Caoursin
780 5201 795 5238 a
812 5187 930 5252 prereuu
949 5187 973 5238 le
993 5187 1093 5240 lccteur
1111 5188 1176 5254 qu'il
1195 5188 1268 5240 aiialt
1286 5193 1409 5241 raconter
1427 5189 1466 5242 ies
