3424 6038
314 457 368 510 250
771 447 946 505 tubunnis
972 445 1193 518 abacelam,
1480 449 1554 503 tarr-d
1568 453 1629 517 utut}
1706 475 1707 486 κ

316 631 438 685 meum
455 631 520 707 per
533 604 829 682 inadvertentiam
842 603 994 702 positus,
1012 603 1108 700 quod
1128 601 1207 678 lieri
1226 625 1301 678 non
1320 603 1489 696 debebat,
1512 627 1588 681 oum
1600 608 1636 682 id

319 740 456 834 spectet
467 732 577 807 hodie
596 731 642 805 ad
657 730 755 805 solos
769 730 975 828 episcopos.

367 863 460 934 Ante
488 858 600 934 altare
634 857 763 954 majus,
793 855 1110 930 vicecancellarius
1136 855 1277 954 accepit
1306 861 1570 931 sacramentum
1596 881 1638 932 ex

319 984 485 1060 manibus
501 986 597 1081 Pape
617 986 653 1056 et
668 981 755 1056 illud
769 982 890 1077 posuit
907 1005 1018 1079 super
1030 981 1141 1055 altare
1157 982 1253 1078 quod
1270 985 1379 1080 Papa,
1392 982 1525 1056 iterum
1537 981 1640 1080 impo-

319 1111 389 1185 sito
408 1110 573 1199 incenso,
599 1107 824 1181 ministrante
845 1108 1058 1206 presbytero
1083 1105 1265 1182 cardinale
1289 1107 1508 1196 nauculam,
1531 1107 1641 1181 ineen-

321 1234 407 1310 savit
450 1255 551 1308 more
593 1238 783 1307 consueto.
826 1231 1000 1306 Ascendit
1041 1231 1087 1306 ad
1126 1231 1256 1306 solium
1287 1231 1365 1306 sine
1405 1233 1527 1306 mitra.
1561 1236 1640 1306 lhm

319 1357 636 1436 vicecancellarius
653 1356 873 1431 continuavit
888 1357 1063 1449 ollicium,
1076 1365 1184 1455 prout
1201 1356 1239 1430 in
1255 1357 1506 1432 ceremoniali.
1524 1359 1641 1432 Omnia

228 1585 230 1590 ,
321 1486 389 1561 alia
405 1485 500 1559 lacta
515 1489 599 1558 suut
611 1505 714 1557 more
730 1488 919 1557 consueto.

371 1615 481 1708 Papa,
513 1615 596 1705 post
631 1607 851 1706 Mopnr'ficat
883 1609 920 1680 in
954 1607 1168 1701 faldistorio,
1205 1609 1295 1684 dixit
1329 1609 1534 1684 orationem
1564 1609 1644 1683 Iler-
1708 1653 1709 1658 =

315 1739 485 1836 pice‚ctc.

374 1863 451 1936 Hoc
478 1880 599 1949 mane,
624 1862 818 1953 antequam
841 1861 938 1956 Papa
957 1857 1071 1933 exiret
1090 1883 1287 1955 cameram,
1313 1861 1465 1937 sacrista
1484 1871 1646 1961 posuerat

323 1987 471 2086 pallium
486 1984 530 2060 de
547 1983 665 2058 veluto
678 1981 781 2080 nigro
799 1984 844 2056 ad
864 1981 991 2074 altare,
1014 1991 1051 2057 et
1070 2009 1179 2082 super
1200 1988 1313 2062 altare
1332 1988 1515 2064 tobaleam
1535 1987 1645 2061 albam

324 2111 524 2211 simplicem
539 2131 641 2183 more
662 2107 781 2183 solito.
805 2107 978 2182 Similiter
996 2116 1033 2184 et
1052 2134 1162 2208 super
1180 2115 1401 2188 credentiam
1421 2113 1488 2188 luit
1502 2113 1646 2210 simplex

298 2221 467 2314 'tobuea
491 2235 528 2309 iu
550 2233 725 2331 capitibus
746 2239 887 2308 tantum
909 2231 1091 2309 modicum
1113 2237 1336 2335 dependens.
1361 2237 1515 2312 Ministri
1539 2239 1646 2312 habe-

324 2366 409 2440 bant
436 2363 598 2461 planetas
629 2359 749 2456 nigras
777 2365 860 2432 ante
893 2367 1017 2456 pectus
1047 2361 1210 2459 plicatas.
1244 2367 1458 2438 Sermonem
1490 2363 1578 2437 lecit
1607 2367 1644 2436 u.

325 2493 564 2588 Hieronymus
579 2484 788 2582 Centregins
807 2485 1001 2559 canonicus
1017 2487 1248 2578 vulteranus,
1266 2488 1295 2562 si
1312 2495 1411 2564 recte
1426 2489 1591 2563 memini.

373 2619 412 2689 ln
440 2637 535 2704 sere,
564 2613 660 2686 eirca
682 2611 812 2685 horam
831 2635 912 2702 xxr,
934 2616 1032 2709 Papa
1060 2613 1208 2687 indutus
1230 2621 1270 2688 ut
1292 2614 1372 2690 heri
1392 2619 1428 2688 et
1457 2613 1528 2686 alio
1557 2637 1646 2688 sero.

326 2737 600 2837 archiepiscopo
634 2735 835 2810 Arelatensi
868 2737 1074 2828 assistente,
1110 2737 1271 2814 fimbrias
1306 2763 1434 2814 omnes
1468 2745 1647 2836 portante.

325 2865 420 2941 venit
443 2863 489 2938 ad
513 2861 704 2958 capellam.
729 2862 886 2936 Sacrista
910 2868 1080 2960 posuerat
1099 2871 1183 2939 ante
1206 2864 1416 2963 palliumde
1436 2865 1648 2939 rescissum
1710 2881 1711 2908 ³

327 2988 543 3088 figuratione
567 2986 744 3086 passionis
773 2987 902 3060 Christi
933 2993 968 3060 et
990 3011 1098 3084 super
1120 2988 1232 3063 altare
1261 2989 1442 3065 tobaleam
1465 2988 1646 3063 mundam.

327 3113 540 3212 quaomnia
563 3114 606 3184 D.
631 3109 822 3208 episcopus
851 3110 1049 3202 Flentibus,
1075 3119 1269 3210 antequam
1298 3118 1394 3210 Papa
1417 3113 1547 3201 exiret,
1574 3111 1647 3186 lecit

327 3238 496 3313 amoveri.
522 3236 594 3312 Sed
615 3235 748 3310 mansit
773 3236 884 3310 altare
904 3236 1043 3309 nudum
1069 3244 1108 3312 ut
1129 3238 1166 3312 in
1186 3261 1268 3314 sero
1295 3238 1460 3312 similiter
1485 3245 1524 3313 et
1552 3238 1648 3313 sedes

329 3369 437 3462 Papa,
455 3370 492 3437 et
507 3362 681 3436 omniunt
696 3360 776 3434 heri
792 3369 876 3434 sunt
890 3363 1091 3436 observata.

377 3488 534 3564 Sabbato
551 3493 688 3577 sancto,
708 3491 751 3560 ld
766 3486 901 3584 aprilis,
923 3491 1047 3560 Rmus.
1071 3491 1114 3561 b.
1137 3486 1327 3561 cardinalis
1349 3487 1556 3560 Parmensis
1576 3489 1646 3561 lecit

328 3614 488 3688 officium
503 3614 600 3688 circa
614 3613 741 3686 horam
756 3635 826 3702 xu3
845 3616 942 3708 Papa
960 3612 1056 3686 veuit
1076 3614 1123 3688 ad
1141 3614 1333 3711 capellam,
1352 3615 1478 3706 oravit,
1496 3613 1646 3690 aseendit

328 3742 366 3814 in
387 3739 530 3829 solium,
553 3737 647 3811 laeta
668 3737 735 3810 sibi
752 3737 1031 3830 acardinalibus
1051 3740 1378 3814 reverentia·more
1403 3749 1594 3830 consueto,
1619 3747 1647 3812 et

329 3865 459 3940 eodem
477 3887 578 3938 more
594 3871 762 3938 cantores
777 3863 942 3936 dixerunt
961 3863 1170 3960 prophetias
1192 3865 1230 3937 in
1248 3863 1331 3938 loco
1352 3873 1545 3938 consueto.
1565 3867 1646 3959 Papa

329 3980 412 4066 'uon¹
425 3989 513 4088 legit
536 3987 744 4086 prophetias
765 3987 829 4060 sed
847 3993 983 4062 tractus
1006 3994 1146 4062 tantum
1168 4011 1234 4064 suo
1253 3997 1418 4086 tempore
1439 3985 1644 4086 singulossd

328 4115 502 4190 litaniam.
527 4119 624 4212 Papa
650 4113 841 4210 procubuit
866 4112 903 4184 in
933 4112 1132 4187 faldistorio
1160 4113 1258 4210 quod
1284 4113 1373 4187 mihi
1400 4113 1644 4188 inconveniens

329 4239 529 4329 ridebatur,
574 4260 657 4310 cum
686 4236 724 4309 in
749 4236 915 4309 omnibus
945 4237 1280 4312 consecrationibus
1308 4239 1503 4312 Pontifices
1534 4239 1644 4310 mitras

330 4364 527 4452 habebant,
550 4362 615 4436 sed
635 4366 678 4436 b.
702 4361 900 4452 Pientiuus,
923 4361 1018 4435 salva
1038 4362 1251 4452 reverentia,
1277 4363 1366 4436 mihi
1389 4363 1476 4438 dixit
1496 4363 1531 4436 id
1550 4361 1642 4435 hodie

330 4515 395 4590 pro
418 4497 518 4564 tanta
536 4487 594 4562 die
620 4487 705 4561 satis
729 4487 919 4562 convenire
938 4488 1036 4584 quod
1056 4493 1153 4587 Papa
1176 4489 1253 4562 sine
1276 4490 1383 4563 mitra
1403 4511 1469 4587 pro
1489 4489 1557 4562 hoc
1573 4493 1642 4560 actu

330 4615 557 4714 procumbat.
587 4614 717 4688 Dicunt
741 4621 862 4686 tamen
880 4613 1136 4688 ceremonialia
1155 4616 1304 4713 antiqua
1325 4615 1527 4713 quodcum
1550 4614 1641 4688 mitro

330 4742 569 4837 procumbere
583 4739 713 4814 debeat
728 4746 764 4812 et
784 4739 834 4812 ita
850 4739 959 4813 etiam
979 4739 1067 4812 mihi
1085 4738 1224 4814 videtur
1243 4740 1519 4814 observandum.
1541 4737 1641 4812 Finita

332 4865 484 4962 epistola
506 4871 543 4939 et
564 4887 629 4961 per
649 4864 843 4936 diaconum
867 4862 960 4959 pede
982 4867 1077 4960 Papo
1098 4865 1274 4956 osculato,
1305 4869 1345 4940 D.
1375 4867 1551 4940 Mattheus
1564 4861 1640 4936 Cibo

332 4989 572 5063 subdiaconos
588 4989 821 5086 apostoliam,
837 4989 983 5061 indutus
1004 4991 1406 5089 omuibusparamenlis
1422 4989 1639 5064 subdiaconu-

333 5113 427 5185 libus
440 5111 530 5185 albis
544 5113 580 5186 in
594 5135 739 5186 camera
749 5113 910 5204 sacriste,
926 5113 1030 5188 lactis
1045 5115 1256 5191 reverentiis
1267 5113 1369 5190 altari
1385 5121 1422 5188 et
1438 5117 1542 5208 Papa,
1557 5115 1638 5180 stare
