3508 6034
334 424 385 478 100
792 421 965 476 1011111110
990 420 1211 486 eunonium,
1519 427 1654 497 011101,

336 578 587 674 infrascriptis,
610 583 787 673 quatenus
809 598 937 648 omnes
959 581 995 649 et
1020 575 1164 672 singuli,
1192 597 1273 647 cum
1296 575 1445 672 singulis
1462 577 1652 656 intorticiis.

334 709 460 777 curent
477 703 534 775 die
546 703 638 798 jovis
654 681 817 800 proiiime
831 701 964 790 lutura,
984 703 1134 798 quaerit
1148 701 1278 774 testum
1292 702 1517 776 ascensionis
1530 702 1651 778 domini

334 829 447 903 nostri
461 833 546 902 Jesu
566 828 711 916 Christi,
733 827 824 900 hora
847 852 955 918 nona,
979 849 1061 900 esse
1081 826 1119 898 in
1138 826 1259 923 platea
1275 825 1381 900 beate
1406 828 1520 902 Marie
1541 829 1583 904 de
1599 835 1655 904 Po·

335 954 442 1050 pulo;
461 951 544 1027 inde
560 953 891 1050 processionaliter,
910 977 974 1051 pro
994 952 1135 1026 honore
1156 958 1191 1025 et
1212 951 1416 1027 reverentia
1435 954 1653 1028 sacratissimi

333 1079 417 1152 lerri
432 1079 559 1152 lancee
575 1101 646 1174 quo
662 1078 754 1152 latus
777 1077 971 1154 salvatoris
995 1075 1108 1149 nostri
1132 1073 1169 1146 in
1194 1097 1302 1148 cruce
1316 1099 1381 1170 pro
1406 1075 1523 1150 salute
1547 1085 1654 1150 nostra

335 1203 527 1300 pendentis
549 1210 714 1300 apertum
735 1195 803 1292 est}
830 1204 914 1277 ituri
937 1199 1119 1298 usquead
1144 1199 1333 1275 basilicam
1357 1202 1473 1274 sancti
1499 1202 1594 1276 Petri
1615 1228 1651 1277 eo

336 1329 461 1403 ordine
483 1337 519 1404 et
541 1331 636 1420 loco,
660 1337 766 1428 prout
789 1333 913 1402 Rmus.
937 1333 981 1404 D.
1005 1327 1225 1403 camerarius
1245 1327 1438 1418 ordinabit,
1457 1352 1500 1401 ac
1515 1329 1654 1425 propriis

336 1453 502 1529 manibus
520 1455 735 1554 singulisne
755 1453 936 1530 intorticia
959 1463 1116 1552 portare,
1139 1453 1206 1527 sub
1225 1477 1319 1551 pena
1338 1453 1496 1551 quinque
1519 1455 1654 1528 ducato-

336 1606 413 1656 rum
430 1583 507 1656 auri
524 1607 668 1657 camere
682 1581 880 1681 apostolice
893 1580 1192 1656 irremissibiliter
1207 1581 1518 1678 applicandorum.
1537 1614 1552 1646 u

382 1710 564 1807 blagistris
589 1710 772 1806 utriusque
796 1705 953 1804 registri.
974 1749 1021 1760 --
1036 1706 1217 1803 Magistris
1239 1706 1392 1803 plumbi.
1410 1749 1459 1760 -
1475 1707 1655 1780 Bnllatori-

334 1835 413 1908 bus.
433 1879 480 1890 —
493 1835 753 1909 Collectoribus
768 1832 919 1931 plumbi.
938 1830 1315 1905 -Abbreviatoribus
1338 1830 1383 1905 de
1403 1855 1513 1928 parco
1536 1831 1652 1928 majori

334 1968 369 2034 et
385 1959 516 2034 minori
528 1967 563 2035 et
574 1959 691 2058 prima
705 1959 855 2033 visione.
874 2001 921 2012 —
937 1956 1240 2032 Sollicitatoribus
1255 1957 1442 2031 literarum
1452 1958 1653 2056 apostolica·

334 2109 426 2159 rum.
445 2128 492 2140 --
503 2083 1131 2160 Procuratoribuscontradictarum.
1145 2125 1193 2136 -
1204 2087 1294 2157 Rota
1306 2084 1470 2158 notariis.
1486 2128 1534 2139 -
1549 2085 1653 2181 Scrip-

332 2212 470 2287 toribus
487 2211 752 2309 penitentiarie.
776 2252 823 2263 —
844 2207 1140 2282 Procuratoribus
1160 2206 1425 2304 penitentiarie.
1443 2253 1492 2264 -—
1510 2210 1651 2285 lt'otariis
1731 2223 1732 2226 ’

332 2338 555 2414 auditoribus
572 2360 728 2414 camere.

382 2467 608 2561 Exequutum
624 2487 689 2560 per
702 2485 868 2538 cursores
881 2463 939 2536 die
953 2462 1078 2536 martis
1098 2467 1140 2536 19
1156 2463 1240 2536 maii
1257 2465 1606 2539 llCCCCLXXllel.
1731 2509 1732 2512 =

380 2591 464 2660 «De
480 2586 650 2660 mandato
672 2590 734 2660 SS.
759 2591 798 2660 D.
824 2590 866 2660 N.
895 2613 1000 2686 pape,
1028 2589 1219 2663 mandetur
1243 2589 1455 2678 iulradictis,
1484 2599 1650 2688 quatenus¹
1731 2593 1732 2680 ζ

332 2710 398 2784 sub
413 2735 507 2808 pena
527 2711 654 2785 decem
676 2710 889 2786 ducatorum
912 2738 1057 2789 camere
1074 2716 1271 2812 apostolice
1289 2716 1586 2790 irremissibiliter
1599 2740 1650 2812 ap-

330 2837 578 2935 plicandorum
593 2837 748 2913 debeant
762 2861 828 2936 per
842 2846 955 2914 totam
964 2841 1065 2915 diem
1079 2840 1294 2914 hodiernam
1311 2840 1455 2914 dedisse
1470 2843 1507 2914 in
1520 2842 1648 2938 scriptis

330 2967 434 3037 Rmo.
460 2966 503 3036 D.
527 2963 724 3038 camerario
744 2965 893 3038 nomina
913 2970 949 3040 et
967 2967 1185 3064 cognomina
1209 2965 1371 3038 omnium
1396 2965 1601 3040 officialium
1619 2973 1648 3040 et
1731 2987 1732 3068 J

330 3088 532 3162 olliciorum
548 3089 676 3186 quibus
690 3089 757 3186 ipsi
773 3097 936 3186 presunt,
954 3091 1011 3165 rel
1024 3114 1179 3188 quorum
1194 3091 1260 3188 ipsi
1272 3089 1446 3166 officiales
1460 3091 1531 3165 sive
1544 3090 1649 3188 capel·

327 3213 398 3287 lani
422 3216 593 3304 existunt,
611 3239 653 3288 ac
671 3214 707 3287 in
723 3215 886 3312 margine
911 3223 1055 3289 notasse
1073 3216 1103 3288 si
1125 3216 1187 3313 qui
1211 3215 1423 3292 corumdem
1452 3216 1645 3290 officialium

328 3339 398 3413 sint
413 3340 458 3414 ab
473 3339 566 3414 Urbe
583 3339 765 3414 absentes.
786 3371 802 3406 »

376 3465 692 3541 Rescribendario.
732 3508 780 3518 -
814 3463 1008 3560 Capeliano
1050 3463 1269 3561 scriptorum
1301 3466 1571 3563 penitentiarie.
1605 3503 1645 3516 —-
1731 3509 1732 3532 t

327 3591 519 3686 Capeliano
534 3590 842 3665 abbreviatorem.
865 3631 914 3644 -
937 3589 1133 3686 Capeliano
1155 3590 1445 3666 sollicitatorem.
1467 3633 1516 3646 -
1531 3589 1643 3686 Capel-
1731 3623 1732 3694 1

326 3716 409 3790 lano
425 3714 658 3790 collectorum
673 3715 824 3813 plumbi.
840 3757 889 3768 -
904 3715 1143 3790 Thesanrario
1162 3717 1388 3791 notariorum
1404 3725 1495 3791 rote.

374 3844 600 3938 Exequutum
615 3865 681 3938 per
694 3864 858 3914 cursores
875 3840 933 3914 die
952 3841 1076 3914 martis
1096 3847 1139 3916 19
1154 3842 1240 3914 maii
1260 3847 1363 3916 1199.

375 3970 420 4041 Ut
435 3967 570 4040 lerrum
593 3966 877 4040 sacratissimum
901 3966 1042 4056 lancee,
1066 3967 1162 4063 quod
1183 3991 1335 4064 magnos
1360 3972 1499 4042 Turcus
1521 3972 1579 4044 SS.
1603 3970 1637 4040 b.

324 4093 448 4164 nostro
468 4115 533 4190 per
547 4091 831 4166 Chamisbuerch
846 4099 1027 4167 oratorem
1044 4115 1148 4166 suum
1164 4093 1285 4184 mittit,
1302 4100 1411 4190 prout
1425 4093 1533 4167 etiam
1550 4115 1639 4190 supra

325 4214 493 4306 diximus,
508 4215 695 4292 decentius
711 4219 947 4316 reciperetur,
966 4224 1002 4292 et
1018 4243 1062 4292 ne
1076 4219 1260 4316 processio
1272 4225 1396 4292 nostra
1408 4242 1474 4316 per
1488 4219 1638 4294 eumdem

325 4349 505 4417 oratorem
521 4341 706 4418 infidelem
723 4343 948 4419 derideretur
968 4351 1003 4418 et
1022 4343 1318 4440 vilipenderetur,
1337 4343 1516 4420 ordinarit
1529 4349 1588 4420 SS.
1605 4347 1636 4416 o.

323 4474 460 4554 noster,
475 4468 572 4566 qnod
584 4469 641 4543 die
658 4469 880 4566 precedenti,
895 4469 1017 4565 vigilia
1029 4468 1252 4543 ascensionis
1268 4473 1311 4542 b.
1330 4471 1373 4541 Ν.
1391 4472 1498 4543 Jesus
1513 4465 1636 4550 Christi,

321 4593 419 4668 idem
445 4601 566 4670 orator
593 4594 727 4670 Urbem
750 4594 913 4684 intraret,
944 4595 1043 4690 prius
1068 4594 1241 4669 adventus
1260 4601 1295 4668 et
1317 4591 1538 4692 receptionis
1554 4589 1636 4673 leni,

323 4719 533 4795 schedulam
569 4720 804 4794 intimationis
840 4744 906 4817 per
940 4741 1104 4795 cursores
1139 4720 1335 4812 faciende,
1357 4719 1496 4795 tenoris
1527 4719 1635 4793 subse·
1731 4737 1732 4812 j

322 4847 478 4940 quentis.

372 5002 389 5039 u
417 4977 468 5048 De
493 4975 660 5049 mandato
689 4975 752 5047 SS.
778 4976 820 5046 D.
852 4977 893 5048 N.
919 4972 1105 5049 intimetur
1130 4973 1298 5047 omnibus
1324 4971 1470 5046 RRmis.
1487 4971 1634 5048 cardina·

319 5096 412 5171 libus
431 5099 527 5195 quod
547 5098 657 5174 hodie
676 5099 773 5173 iuter
786 5123 848 5172 mx
867 5105 902 5174 et
924 5123 971 5172 xx
992 5097 1135 5189 horam,
1158 5123 1223 5197 per
1247 5104 1389 5196 portam
1411 5096 1517 5172 beate
1537 5093 1633 5168 llario
1731 5119 1732 5188 3
