3422 6034
103 488 224 553 [Janvier
238 487 309 554 atto]
440 484 567 543 RERUM
590 485 819 545 URBANARUM
844 485 1108 551 COMMENTARH.
1390 501 1440 560 391

101 643 380 740 interpretante,
395 642 481 740 quia
492 641 654 738 linguam
667 641 815 717 latinam
828 649 863 718 et
875 643 1031 719 italicam
1045 669 1116 721 non
1130 647 1302 724 habebat.
1320 655 1443 728 Herel-

100 769 171 841 dus
188 768 321 844 deiude
334 768 436 866 petiit
447 792 557 842 unam
573 769 723 865 gratiam
740 769 999 867 expectativom
1014 796 1080 869 pro
1095 774 1342 850 Mattbeotilio
1357 803 1437 868 suo,

99 917 215 989 quam
230 893 393 990 pontifex
408 894 474 968 sibi
491 895 648 992 gratiose
661 895 820 968 adduxit.
842 895 900 969 Sic
923 921 944 968 a
964 898 1135 992 pontifice
1153 901 1371 975 recessimus
1388 911 1438 991 et,

98 1019 189 1115 qnia
202 1019 327 1092 literas
337 1019 496 1094 habebat
509 1019 738 1116 imperatoris
755 1024 790 1092 et
805 1019 900 1116 regis
916 1019 960 1092 ad
977 1020 1169 1118 collegium
1186 1024 1435 1117 cardinalium,

99 1143 300 1242 episcopus
318 1143 556 1220 Tornacensis
578 1143 702 1218 retulit
719 1143 869 1228 beraldo
885 1145 930 1219 de
946 1146 1115 1220 mandato
1133 1149 1197 1221 SS.
1217 1152 1260 1222 l).
1280 1153 1322 1223 N.
1339 1152 1437 1246 quod

98 1268 159 1343 die
181 1267 326 1342 veneris
349 1266 458 1341 futuri
475 1272 571 1341 esset
592 1267 847 1344 consistorium
863 1267 910 1342 ad
930 1269 1028 1364 quod
1043 1271 1220 1344 Sanctitas
1237 1296 1302 1346 sua
1315 1275 1438 1350 venire

98 1393 293 1467 convellat
303 1393 370 1466 nisi
380 1398 571 1490 postquam
587 1393 665 1490 ipse
679 1392 850 1468 heraldus
862 1393 1043 1491 predictas
1055 1395 1179 1470 literas
1193 1398 1347 1496 collegio
1359 1423 1438 1474 car·

97 1517 279 1592 dinalium
297 1525 555 1616 praeoptasset,
573 1519 806 1616 etacollcgio
825 1520 928 1594 litere
944 1520 1021 1616 ipse
1036 1521 1131 1596 lecte
1145 1529 1279 1598 essent.
1300 1525 1437 1600 Obtulit

95 1667 250 1742 qnoque
262 1645 411 1719 heraldo
427 1667 610 1720 cameram
626 1645 662 1718 in
678 1644 810 1742 palatio
826 1651 861 1719 et
878 1667 1069 1742 expensaS,
1090 1672 1155 1746 pro
1176 1671 1248 1745 quo
1263 1650 1433 1728 heraldus

98 1773 165 1843 SS.
191 1775 237 1844 D.
260 1773 302 1842 N.
331 1775 367 1843 et
396 1769 445 1844 ibi
469 1753 710 1861 medicante,
733 1771 865 1867 gratias
888 1771 973 1868 egit,
999 1773 1124 1848 dicens
1148 1799 1186 1849 se
1210 1775 1305 1874 apud
1332 1777 1432 1852 lllus.

98 1895 357 1969 marchionem
385 1895 589 1969 Badensem
620 1895 713 1968 bene
740 1895 962 1992 hospitatum
998 1903 1084 1978 :sic
1120 1905 1268 1978 domum
1297 1905 1433 1979 reversi

97 2043 246 2094 sumus.
265 2019 442 2094 Heraldus
457 2021 553 2094 venit
572 2019 617 2093 ad
634 2019 768 2094 Urbem
784 2045 867 2097 cum
884 2049 955 2100 uno
969 2027 1103 2101 famulo
1121 2035 1303 2124 equestre.
1435 2027 1442 2032 ’

145 2146 257 2220 Faria
275 2152 415 2241 quarta,
440 2149 484 2218 ta
507 2143 593 2218 dicti
615 2147 751 2219 mensis
772 2147 941 2245 januarii,
961 2156 1002 2225 D.
1027 2153 1204 2227 Henricus
1224 2159 1348 2253 Meyer
1368 2157 1432 2228 SS.

95 2277 139 2348 D.
173 2277 219 2346 N.
247 2271 503 2362 cubicularius,
530 2270 677 2346 nomine
705 2275 911 2349 Sanctitatis
942 2302 1020 2370 sue,
1039 2279 1258 2376 presentavit
1271 2280 1434 2377 predicto

93 2395 253 2469 heraldo
268 2395 305 2466 in
327 2394 435 2471 domo
456 2398 498 2468 D.
521 2395 645 2470 lacobi
663 2397 883 2473 marchionis
905 2401 1056 2498 predicti
1081 2428 1187 2476 unam
1206 2403 1345 2478 buttem
1364 2403 1434 2477 uini

95 2519 246 2610 corsici,
273 2519 399 2594 decem
422 2521 532 2593 rubra
552 2521 680 2618 spelte,
703 2547 812 2597 unum
833 2525 983 2600 vitulum
1005 2551 1068 2602 sex
1089 2529 1143 2604 vel
1166 2536 1307 2627 septem
1331 2553 1435 2604 meu-

96 2648 210 2738 sium,
234 2645 356 2742 uiginti
371 2669 567 2742 cappones,
585 2647 707 2744 viginti
724 2649 796 2722 dno
809 2651 987 2748 pipiones,
1006 2662 1161 2750 quatuor
1177 2655 1335 2746 ioannes,
1352 2662 1434 2730 octo

94 2773 283 2870 pernices,
301 2777 454 2868 quatuor
469 2770 628 2868 leporeS,
647 2797 710 2845 sex
730 2773 923 2868 intorticia,
944 2779 1034 2854 duos
1054 2779 1245 2854 fasciculos
1266 2780 1435 2854 candela-

95 2921 195 2986 rum,
212 2897 356 2970 circitcr
369 2897 539 2970 librarum
562 2921 625 2970 sex
647 2905 683 2972 et
703 2906 858 2995 quatuor
873 2904 1042 2977 scottulas
1064 2905 1345 2998 confectionum,
1364 2931 1434 3003 que

95 3023 226 3098 omnia
236 3021 430 3096 familiares
448 3023 570 3119 palatii
589 3031 834 3122 portaverunt.
860 3029 993 3102 Vinum
1014 3037 1049 3103 et
1073 3031 1188 3127 spelta
1206 3031 1433 3128 descriptoin

96 3147 205 3244 equis
215 3147 616 3246 etcaruccisapportata
626 3158 739 3222 sunta
754 3151 1185 3251 familiaribuspredictis,
1197 3155 1433 3252 qoibusdedit

95 3272 273 3348 beraldus
288 3298 401 3348 unum
420 3275 590 3352 ducatum
610 3279 674 3352 sed
689 3278 788 3352 nullo
806 3289 912 3377 pacto
928 3279 1029 3352 illum
1046 3279 1208 3378 recipere
1228 3280 1429 3354 voluerunt.

149 3401 379 3493 Feriasexta,
397 3403 534 3478 tedicti
547 3405 684 3478 mensis
693 3405 862 3502 januarii,
875 3405 1255 3502 predictusheraldus,
1270 3413 1430 3496 vocatus,

96 3527 245 3601 intravit
261 3528 304 3600 ad
328 3528 582 3602 consistorium
603 3537 784 3604 secretum
806 3538 942 3605 etcum
963 3553 1006 3604 eo
1022 3531 1206 3628 predictus
1222 3531 1384 3606 marchio
1398 3539 1435 3606 et

97 3680 187 3730 cum
200 3679 245 3730 eo
266 3679 348 3754 ego.
374 3661 413 3730 ln
436 3657 654 3732 consistorio
674 3657 835 3755 pontifex
856 3657 1006 3731 sedebat
1031 3665 1068 3732 et
1087 3657 1287 3732 cardinales
1307 3657 1432 3730 ordine

98 3788 291 3856 consueto.
326 3787 435 3856 Facta
457 3782 632 3880 pontifici,
667 3789 767 3856 extra
794 3782 921 3856 sedilia
946 3781 1195 3871 cardinalium,
1218 3779 1430 3873 reverentia,

98 3907 252 3981 minime
281 3913 377 3981 retro
406 3907 620 3999 cardinales,
656 3908 834 4006 processit
870 3931 983 4003 usqne
1021 3909 1066 3982 ad
1099 3907 1433 3982 vicecancellarium

99 4055 231 4109 eorum
268 4031 438 4130 priorem,
471 4033 529 4106 cni
557 4033 728 4107 heraldus
759 4033 978 4132 presentavit
1011 4033 1135 4107 literas
1168 4030 1375 4129 imperiales
1398 4034 1434 4103 et

100 4159 263 4258 regales;
294 4165 378 4233 tunc
405 4159 623 4234 recessimus
650 4167 685 4233 et
708 4183 819 4256 usque
849 4159 944 4233 inter
963 4159 1094 4232 ostium
1116 4164 1152 4230 et
1169 4156 1294 4229 sedilia
1314 4155 1432 4227 cardi-

102 4284 241 4359 nalium
266 4285 399 4358 revomi
428 4309 565 4376 sumne,
593 4285 652 4358 ubi
682 4285 728 4359 ad
761 4283 972 4382 pontificem
1001 4307 1124 4356 versus
1151 4279 1429 4378 gcnusseximus

103 4409 434 4486 vicecancellarius
447 4409 586 4508 accepit
600 4412 721 4486 literas
740 4418 775 4484 et
791 4434 853 4482 eas
873 4409 970 4482 dedit
991 4407 1226 4506 Neapolitano
1244 4404 1432 4501 legendas,

105 4537 361 4634 Neapolitanus
376 4561 405 4610 s.
428 4537 553 4628 Marci,
572 4543 608 4610 et
630 4537 681 4610 sic
700 4559 766 4634 per
787 4535 952 4610 ordinem
977 4535 1060 4608 date
1081 4541 1165 4606 sunt
1182 4554 1371 4628 quousque
1391 4530 1437 4602 ad

104 4687 235 4735 manus
251 4663 440 4754 Senensis3
457 4663 530 4760 qui,
550 4669 657 4761 capot
673 4669 709 4736 et
723 4661 821 4759 prior
839 4661 1075 4735 diaconorum
1091 4657 1339 4749 cardinalium,
1358 4655 1435 4729 illas

102 4786 229 4860 literas
257 4785 409 4884 aperuit,
434 4791 471 4859 et
494 4793 667 4884 cooperto
696 4788 812 4885 capite
838 4788 968 4861 sedens
992 4785 1092 4882 legit,
1124 4780 1229 4855 nobis
1264 4777 1437 4852 continuo

104 4934 222 5006 usque
238 4910 284 4983 ad
297 4909 407 4986 finem
423 4911 562 4986 lecture
578 4913 915 5011 genuflectentibus.

154 5035 274 5110 Lectis
285 5035 412 5128 literis,
427 5039 491 5110 SS.
510 5041 552 5110 D.
571 5040 600 5111 N
606 5093 613 5108 .
627 5037 732 5110 nobis
744 5037 831 5111 dixit
844 5036 942 5134 quod
957 5058 1066 5133 super
1079 5032 1302 5108 continentia
1315 5031 1438 5106 litera-

104 5185 188 5236 rum
201 5185 286 5237 cum
300 5161 471 5238 fratribus
490 5163 563 5236 suis
583 5162 823 5237 cardinalibus
840 5161 1103 5237 deliberaturus
1119 5165 1216 5233 esset
1232 5165 1267 5232 et
1283 5179 1438 5253 respon-
