3422 6034
81 449 207 516 [burim]
402 445 528 506 RERUM
552 443 779 502 Uflssananttm
804 442 1065 500 commandatur.
1342 445 1395 502 353

76 604 168 700 juxta
182 600 392 690 Minervam,
405 605 475 674 otc.
500 603 611 674 Facta
625 597 786 674 oratione
800 603 882 672 ante
896 597 1022 688 altare,
1040 597 1188 672 dimisso
1202 599 1392 696 capucino‚

78 726 205 824 accepit
228 725 395 823 pluviale,
424 725 511 800 lecit
535 724 817 814 contessionem,
842 723 996 798 accessit
1019 724 1064 798 ad
1084 723 1228 816 solium,
1254 727 1394 824 accepit

75 852 265 928 cardinales
296 854 340 926 ad
372 851 625 941 reverentiam,
657 855 692 922 et
727 849 797 924 alia
817 872 918 924 more
950 848 1056 922 solito
1085 855 1169 923 sunt
1193 851 1391 927 observata.

76 977 207 1051 blissam
232 975 429 1052 celebrarit
453 981 494 1049 R.
521 981 560 1050 P.
589 980 632 1048 b.
653 975 895 1074 Hieronymus
910 974 1100 1072 episcopus
1127 974 1290 1052 Cbiensis
1315 975 1389 1075 (l):

75 1103 151 1176 dixit
170 1125 281 1176 unam
303 1101 505 1176 orationem
529 1108 668 1175 tantum
692 1107 728 1174 et
746 1099 986 1196 prelationem
1002 1099 1046 1173 de
1066 1101 1251 1198 apostolis,
1267 1110 1304 1176 et
1318 1125 1392 1176 non

76 1227 129 1300 tuit
142 1250 274 1302 sermo.
300 1225 429 1302 Prolati
452 1247 580 1300 omnes
600 1223 863 1322 archiepiscopi
884 1230 921 1297 et
943 1223 1116 1322 episcopi,
1140 1225 1389 1322 protonotarii,

76 1352 289 1443 subdiaconi,
318 1352 513 1442 auditores,
538 1349 658 1425 clerici
683 1371 826 1424 camere
848 1357 884 1424 et
908 1348 1065 1448 acolythi
1085 1348 1327 1425 interfuerunt
1354 1351 1391 1424 in

75 1477 184 1575 cappis
204 1485 242 1552 et
260 1477 320 1552 alii
349 1469 394 1550 in'
402 1473 537 1550 'habitu
566 1481 740 1550 consueto
766 1498 837 1572 quo
862 1475 1013 1572 quisque
1041 1473 1079 1547 in
1102 1475 1242 1571 capella
1263 1475 1388 1550 utitur.

74 1603 266 1678 cardinales
290 1600 450 1699 episcopi
471 1599 725 1699 etpresbyteri
750 1601 924 1675 sedebant
946 1600 982 1674 in
1004 1599 1172 1674 scammis
1191 1601 1390 1676 muralibus

73 1731 110 1802 ad
128 1729 291 1804 dextram
311 1729 390 1802 solii
410 1733 520 1826 Papa,
538 1728 634 1824 quod
653 1727 699 1802 ad
718 1726 898 1802 sinistram
916 1725 1016 1800 chori
1040 1725 1204 1828 intrantis
1225 1733 1390 1822 paratum

73 1863 152 1945 erat,
166 1855 365 1952 interquos
380 1855 513 1930 mansit
538 1853 637 1952 prior
659 1852 951 1952 presbyterorum
977 1851 1037 1948 qui
1058 1851 1188 1926 deinde
1204 1853 1250 1928 ad
1264 1853 1390 1928 minis·

72 1981 224 2055 tmndum
251 1986 402 2055 vocatus
422 1977 601 2054 veniebat.
627 1977 776 2052 Diaconi
800 1983 920 2052 autem
941 1975 1115 2051 sedebant
1137 1978 1182 2050 ad
1209 1977 1388 2053 sinistram

74 2107 233 2202 Papesub
250 2107 394 2180 tribuno
412 2105 534 2179 altaris
550 2105 587 2178 in
613 2104 750 2180 eisdem
775 2103 919 2178 sedibus
941 2102 1139 2176 muralibus
1157 2109 1253 2176 retro
1280 2103 1389 2178 assis-

72 2236 175 2304 tentes
189 2255 306 2330 prope
320 2231 476 2329 prelatos
490 2229 549 2327 qui
563 2230 737 2305 sedebant
762 2228 797 2302 in
820 2227 990 2302 scammis
1014 2225 1130 2302 hassis
1149 2227 1195 2300 ad
1207 2227 1388 2304 sinistram

73 2357 168 2452 Pape,
184 2356 221 2430 in
244 2357 353 2454 plano
377 2357 514 2454 capelle
542 2355 588 2430 ad
613 2355 780 2430 dextram
805 2353 969 2427 intrantis
994 2351 1145 2426 chorum
1169 2353 1384 2450 predictum.

73 2480 104 2550 ln
118 2484 357 2554 transversum
381 2480 488 2576 positi
514 2486 617 2554 erant
633 2479 738 2554 banci
758 2478 868 2576 lignei
890 2499 955 2575 pro
979 2475 1139 2574 prelatis,
1169 2477 1204 2550 in
1232 2503 1387 2575 quorum

71 2603 173 2698 primo
204 2604 373 2680 videlicet
395 2605 577 2680 anteriore
614 2605 785 2680 sedarunt
809 2601 1045 2701 protonotarii
1065 2601 1273 2699 :digniores
1301 2629 1386 2681 vero

71 2727 182 2824 prelati
195 2729 361 2804 videlicet
387 2738 549 2805 oratores
574 2737 611 2805 ot
631 2729 690 2804 alii
715 2729 883 2804 sederunt
904 2727 941 2799 in
956 2725 1083 2800 ultimo
1101 2729 1229 2803 murali
1247 2729 1383 2822 banco;

73 2852 188 2928 deinde
204 2855 265 2929 alii
282 2862 364 2930 ante
380 2879 444 2932 eos
459 2863 566 2954 prout
578 2857 615 2930 in
631 2857 770 2955 capella
785 2863 921 2928 nostra.
939 2851 1168 2944 Snbdiaconi‚
1184 2853 1381 2946 auditores,

73 2977 179 3054 clerici
209 3005 370 3072 camere,
405 2982 581 3082 acolythi,
619 2981 828 3057 cubicularii
856 2985 956 3054 extro
984 2999 1167 3053 cameram
1192 2986 1228 3052 et
1252 2957 1399 3076 procuss

72 3107 191 3178 ratores
225 3107 400 3181 sederunt
430 3107 466 3180 in
495 3114 593 3182 terra
631 3108 726 3180 inter
756 3106 885 3180 solium
918 3107 1012 3200 Pape
1047 3109 1083 3176 ot
1112 3103 1246 3178 bancos
1269 3104 1385 3201 prela-

73 3230 187 3322 torum,
216 3231 330 3308 lacies
367 3236 462 3331 Papa
490 3239 669 3308 vertentes
699 3257 706 3306 :
737 3237 899 3306 oratores
922 3252 1007 3303 vero
1033 3228 1115 3302 laici
1144 3228 1317 3304 sederunt
1345 3229 1381 3302 in

71 3349 171 3430 banco
195 3357 326 3432 mumli
348 3359 451 3456 juxta
474 3358 607 3434 ostium
631 3358 677 3432 ad
705 3359 867 3432 dextram
900 3356 1065 3431 intrantis
1091 3356 1246 3452 quorum
1273 3354 1382 3430 iacies

69 3483 229 3556 vertentes
246 3483 364 3575 altari,
394 3489 501 3581 caput
523 3490 599 3560 erat
615 3485 719 3582 juxto
739 3484 883 3558 ostium.
910 3482 1116 3558 Cardinales
1138 3487 1312 3554 venerunt
1338 3479 1384 3554 ad

69 3601 225 3682 circadam
242 3631 310 3682 suo
333 3617 512 3706 tempore.
534 3608 702 3684 Scutileri
727 3612 822 3704 Papa
843 3629 917 3682 non
939 3607 1141 3682 habuerunt
1164 3605 1299 3695 locum,
1318 3604 1383 3679 sed

68 3729 226 3806 stetemnt
248 3738 350 3806 extra
373 3733 538 3806 chorum.
556 3735 594 3805 ln
618 3731 690 3808 fine
717 3731 841 3822 misse,
861 3735 957 3828 Papa
978 3730 1077 3805 dedit
1091 3729 1381 3806 benedictionem

69 3855 97 3924 et
110 3852 342 3955 indulgentias
364 3858 543 3955 plenarias
560 3882 649 3955 quas
678 3856 868 3955 publicavit
890 3855 1099 3944 celebrans,
1126 3855 1383 3930 deindetSanc-

70 3973 136 4050 oas
163 4005 225 4055 sua
256 3982 647 4074 aesculanorum,
681 3965 820 4084 sticum
850 3983 943 4058 ami.
977 3985 1020 4056 o.
1051 3981 1243 4056 carcinus
1268 3979 1380 4056 sance

70 4099 150 4174 Petri
165 4107 208 4178 ad
222 4105 378 4180 Vincula
399 4130 444 4180 ex
471 4129 595 4182 sorore
620 4129 685 4182 sua
711 4117 896 4206 nepotem,
922 4109 979 4183 cui
1003 4107 1038 4180 in
1066 4107 1138 4180 line
1158 4105 1322 4181 habitum
1348 4131 1376 4177 s.

71 4222 223 4303 lobannis
251 4229 566 4329 Hierosolymitaui
591 4231 779 4332 imposuit;
813 4232 956 4323 deinde,
989 4233 1145 4306 dimissis
1166 4237 1248 4306 ante
1269 4233 1381 4306 altare

72 4347 173 4445 nitu,
203 4355 347 4454 pluviali
372 4362 408 4431 et
434 4357 539 4448 stola,
571 4364 721 4456 accepto
748 4357 945 4456 capuccino
966 4364 1002 4431 et
1026 4356 1097 4431 alia
1123 4357 1231 4448 stola,
1256 4364 1380 4454 porta-

72 4477 118 4546 tus
132 4481 239 4554 estad
257 4481 428 4579 palatium
451 4471 643 4556 cardinalis
667 4482 818 4578 predicti
837 4483 940 4580 juxta
957 4482 1142 4556 basilicam
1162 4481 1375 4579 predictam,

72 4596 119 4671 ubi
133 4601 210 4680 lacit
222 4604 411 4704 prandium
428 4613 463 4680 et
478 4607 599 4704 plnres
612 4607 812 4681 cardinales
828 4631 911 4680 cum
928 4630 984 4682 eo.

113 4727 237 4804 Eodem
254 4731 325 4822 die,
341 4731 438 4806 circa
452 4731 583 4806 horam
599 4755 659 4824 xx,
680 4730 873 4828 episcopus
888 4731 949 4828 qui
965 4730 1073 4804 hodie
1093 4731 1303 4818 celebravit,
1322 4753 1382 4804 os-

77 4850 174 4927 tendit
186 4856 351 4953 reliquias
365 4856 400 4930 in
411 4857 560 4932 basilica
574 4858 737 4956 predicta
756 4859 966 4948 existentes,
985 4862 1082 4955 Papa
1096 4865 1131 4932 et
1146 4857 1385 4934 cardinalibus

75 4967 103 5042 iu
127 4982 283 5076 opposito
313 4958 533 5082 organorum
561 4984 714 5059 ecclesie
739 4984 797 5058 ubi
818 4991 983 5059 cantores
1005 4983 1076 5060 boc
1099 5007 1205 5062 mane
1225 4984 1383 5060 officium

104 5125 125 5179 l.
142 5127 175 5185 lle
188 5129 220 5188 de
234 5131 311 5191 Chio.

196 5265 220 5304 τ.
240 5267 259 5304 r.
1205 5253 1240 5312 2³
