3496 6056
62 491 163 556 [narona
177 491 241 556 nnn]
374 487 501 546 annun
523 486 751 545 uaaaunauu
775 467 1037 544 conuuuninu.
1316 487 1367 545 noe

59 645 116 720 mio
133 643 252 742 prolati
273 641 488 717 thesaurarii
504 641 570 716 sui.
590 641 812 731 Cardinales,
831 647 977 740 recepto
999 640 1240 740 presbyterio,
1264 665 1367 716 oscu-

58 771 200 842 labantur
215 791 359 842 manum
375 771 484 866 Pape,
501 767 618 864 capite
638 766 809 841 inclinato
830 773 983 856 slantes;
1004 766 1133 864 prelati
1148 790 1234 840 vero
1251 779 1363 865 genui

60 895 125 968 llari
144 895 391 969 osculabantur
411 893 541 992 pedem
563 897 659 991 Papa
679 900 760 991 post
782 892 1022 966 subdiaconos
1047 891 1142 967 inter
1163 893 1359 984 auditores,

59 1020 126 1116 quia
144 1043 269 1118 magna
292 1017 518 1094 conculcatio
543 1019 619 1093 luit.
644 1017 792 1092 Accessi
822 1025 858 1092 et
886 1040 955 1115 ego
985 1016 1031 1090 ad
1058 1016 1281 1114 pontificem
1299 1019 1359 1114 qui

59 1147 131 1218 mibi
144 1147 234 1221 dedit
249 1147 418 1220 ducatum
432 1169 544 1220 unum
560 1151 596 1220 et
610 1145 795 1219 carlenum
810 1167 922 1218 uuum
938 1142 1084 1242 papales
1101 1143 1208 1217 cunei
1219 1143 1288 1216 sui.

101 1277 180 1347 Dato
194 1271 430 1371 presbyterio,
453 1276 552 1369 Papa
570 1271 621 1344 sic
643 1276 788 1368 paratus
812 1268 975 1344 ascendit
995 1267 1041 1342 ad
1066 1267 1237 1365 palatium
1267 1271 1370 1342 Late·

61 1421 190 1472 mnense
204 1397 249 1471 ad
264 1420 428 1472 cameras
448 1395 514 1470 sibi
534 1401 689 1492 paratas,
714 1395 774 1470 ubi
795 1394 927 1491 quievit
946 1392 1207 1491 aliquantulum
1227 1397 1263 1467 et
1284 1392 1370 1468 lecit

60 1523 226 1620 prandium
240 1522 337 1596 solus
358 1545 441 1596 cum
457 1520 530 1595 suis
545 1520 766 1596 domesticis.
989 1507 990 1511 ¹

101 1649 289 1723 Cardiuales
317 1646 532 1723 iverunt'ad
561 1669 738 1736 cameras,
772 1645 809 1719 in
840 1645 1016 1720 canonica
1045 1651 1082 1720 et
1109 1645 1193 1720 alibi
1222 1669 1286 1744 pro
1313 1644 1366 1720 ais

60 1782 196 1871 paratas,
211 1781 246 1849 et
262 1773 430 1848 similiter
445 1773 609 1846 lecemnt
621 1771 825 1869 prandium.

100 1903 161 1974 Pro
183 1898 355 1973 Romanis
375 1905 411 1972 et
433 1896 645 1972 officialibus
666 1897 764 1972 curie
789 1905 913 1994 parate
943 1897 1088 1971 luerunt
1107 1897 1362 1974 multemeuse

61 2033 89 2099 et
111 2025 233 2101 cibaria
256 2027 294 2099 in
317 2023 537 2100 abundantia
561 2023 597 2096 in
624 2023 755 2121 palatio
781 2021 1014 2098 Lateranensi
1037 2021 1075 2095 iu
1100 2021 1261 2098 inleriori
1292 2023 1370 2120 ejus

61 2157 155 2248 parte,
173 2153 230 2226 ubi
243 2176 373 2227 omnes
389 2173 474 2226 cum
488 2173 620 2247 magna
634 2149 843 2224 contusione
862 2151 983 2248 pransi
1003 2157 1098 2226 suut.
1118 2153 1194 2248 Ego
1210 2151 1368 2226 remansi

62 2275 236 2373 inprandio
251 2275 289 2350 iu
307 2297 451 2352 camera
466 2276 559 2350 Rmi.
577 2277 619 2350 D.
639 2275 830 2350 cardinalis
848 2300 878 2349 s.
897 2275 1022 2350 Marci.

101 2401 221 2476 Eadem
252 2401 326 2491 die,
349 2401 445 2476 circa
463 2402 592 2476 horam
613 2425 692 2476 xxu
712 2403 775 2476 SS.
799 2405 841 2476 D.
862 2404 904 2476 N.
929 2399 1074 2476 indutus
1096 2401 1244 2493 amictu,
1274 2401 1367 2496 alba,

65 2525 199 2624 cingulo,
225 2526 320 2601 stola
340 2526 420 2602 alba
442 2527 613 2625 pretiosa,
636 2527 839 2624 cappellum
857 2527 996 2602 habens
1017 2551 1061 2602 ex
1081 2527 1213 2602 velluto
1234 2551 1374 2604 creme·

65 2653 139 2742 sinc,
154 2653 430 2751 precedentibus
445 2678 552 2730 cruce
573 2662 610 2730 et
628 2653 882 2746 cardinalibus,
906 2663 1075 2752 equester
1090 2655 1195 2729 rediit
1210 2655 1256 2730 ad
1272 2655 1371 2753 pala-

65 2777 137 2851 tium
157 2779 392 2876 apostolicum
413 2781 506 2877 apud
530 2805 559 2854 s.
586 2783 732 2855 Petrum
752 2804 796 2855 eo
815 2781 940 2855 ordine
967 2806 1038 2878 quo
1063 2780 1179 2856 felicis
1204 2779 1371 2856 reminis*

65 2905 163 2980 centio
178 2907 298 2980 Sixtus
313 2931 408 3004 papa
422 2910 484 2980 llll
500 2907 537 2979 in
551 2906 758 3005 huJusmcdi
774 2907 898 2981 habitu
915 2907 1076 3003 equitare
1098 2907 1260 2982 solebat

102 3030 194 3103 Faria
210 3029 385 3121 secunde,
405 3037 448 3106 27
466 3033 601 3107 mensis
622 3033 847 3131 septembris,
866 3032 1030 3106 ordinato
1050 3039 1168 3106 castro
1184 3031 1318 3106 doloris
1335 3037 1371 3106 et

65 3152 128 3227 aliis
149 3156 251 3232 rebus
275 3155 531 3254 episcoporum
551 3181 616 3256 prn
637 3158 796 3255 exequiis
820 3157 856 3230 in
881 3157 1035 3231 ecclesia
1058 3158 1164 3232 beate
1189 3156 1301 3232 Maria
1326 3157 1371 3231 de

66 3282 194 3378 Populo,
216 3282 401 3360 celebrata
418 3283 484 3358 luit
503 3285 619 3382 prima
634 3287 746 3362 missa
763 3285 995 3382 exequiarum
1014 3283 1159 3383 publica
1178 3305 1374 3382 perunum

66 3427 101 3478 es
113 3409 244 3484 RRmis.
259 3413 337 3483 DD.
353 3411 573 3509 presbyteris
584 3412 844 3514 cardinalibus,
855 3412 892 3485 in
903 3415 1121 3484 RRmornm.
1136 3410 1373 3485 cardinalium

66 3533 227 3624 presentia
249 3539 287 3609 et
308 3533 461 3608 aliorum
483 3536 704 3633 prelatorum
723 3561 731 3610 :
750 3537 832 3612 date
856 3535 1006 3611 candele
1027 3536 1193 3611 omnibus
1215 3535 1252 3609 in
1273 3560 1374 3612 com-

67 3657 183 3749 petenti
210 3682 380 3748 numero,
407 3661 470 3734 sed
493 3661 627 3736 modici
650 3661 834 3764 ponderis.
866 3666 952 3737 Post
977 3662 1137 3754 missam,
1157 3661 1302 3738 habitus
1322 3668 1377 3738 est

69 3802 170 3858 sermo
201 3792 238 3861 et
260 3784 473 3882 deindeper
495 3777 651 3884 quinque
683 3787 882 3862 cardinales
904 3787 997 3861 lacta
1024 3787 1216 3878 absolutio,
1246 3790 1378 3865 atalia

69 3910 173 3984 omnia
184 3919 268 3986 sunt
284 3913 472 3988 observata
488 3935 587 3986 more
604 3918 792 3988 consueto.

108 4035 236 4112 Deinde
260 4037 411 4136 siugulis
435 4037 561 4114 diebus
583 4037 721 4128 martis,
745 4035 928 4127 mercurii,
952 4037 1056 4136 Jovis,
1084 4035 1221 4115 scilicet
1236 4047 1273 4116 et
1292 4041 1378 4117 lune

68 4161 204 4238 mediate
226 4165 475 4260 sequentibus
505 4164 652 4262 quidam
677 4164 869 4264 episcopus
899 4164 1047 4238 missam
1077 4163 1259 4261 publicam
1283 4165 1379 4241 cele-

68 4283 165 4362 bravit
179 4296 215 4364 et
229 4290 395 4381 absoluit,
413 4290 525 4364 missa
544 4291 658 4382 finita,
676 4313 777 4366 more
799 4297 985 4366 consueto.

108 4413 270 4506 Sabbata,
294 4421 314 4490 2
336 4416 473 4491 mensis
494 4416 651 4490 octobris
676 4421 718 4490 R.
747 4417 785 4490 in
805 4417 945 4491 Christo
968 4423 1071 4515 pater
1095 4419 1136 4490 b.
1162 4415 1377 4492 Laurentius

70 4535 284 4616 miseratione
319 4541 437 4616 divina
467 4541 673 4640 patriarcha
701 4541 949 4618 Antiochenus
978 4547 1092 4617 Rome
1130 4543 1225 4617 diem
1250 4541 1379 4616 clausit

71 4669 267 4760 extremum,
287 4675 320 4744 el
337 4668 466 4742 eodem
482 4687 563 4742 sero
580 4691 602 4741 a
617 4665 785 4741 tratribus
806 4674 1003 4742 conventus
1027 4667 1131 4742 beate
1145 4666 1256 4742 blarie
1270 4689 1380 4766 snper

70 4785 247 4867 llinervam
276 4791 475 4868 associatus
500 4800 556 4868 est
575 4791 621 4868 ad
640 4792 833 4868 ecclesiam
855 4792 939 4868 dicti
963 4799 1160 4868 conventus
1186 4801 1222 4868 et
1246 4793 1381 4869 ibidem

72 4909 134 4986 sine
147 4939 276 5017 pompa
291 4917 445 4993 solemni
462 4917 621 5018 sepultus
636 4918 673 4991 in
688 4942 778 5017 pace
796 4917 1008 5015 requiescit.

108 5035 204 5114 Faria
215 5043 333 5134 tertia,
352 5047 373 5119 5
389 5043 526 5120 mensis
542 5042 698 5120 octobris
714 5043 751 5120 in
772 5043 925 5121 ecclesia
940 5041 1045 5119 beate
1058 5035 1169 5120 blarie
1188 5042 1233 5120 de
1248 5045 1383 5144 Populo

72 5155 233 5242 celebrate
258 5164 402 5245 luerunt
424 5171 548 5246 ultime
581 5171 732 5269 exequie
758 5195 824 5270 pro
848 5171 968 5246 anima
987 5166 1169 5268 quondam
1194 5171 1385 5247 cardinalis
