3600 6094
312 464 316 476 ·
341 461 377 520 44
797 448 972 510 JOHANNIS
996 445 1217 516 soeculum,
1510 448 1590 516 [heht
1605 454 1677 522 ruat]

342 615 475 704 libere,
501 609 561 684 vel
583 608 629 682 ad
657 605 908 682 declinandam
937 610 1079 703 pestem
1107 605 1163 680 rel
1191 604 1426 682 recreationis
1455 631 1519 682 sue
1546 631 1677 698 causa,

198 749 203 758 '
343 738 484 837 possint
503 759 541 810 se
562 734 749 831 recipere„
762 735 815 807 lta
835 737 955 806 tamen
979 732 1075 828 quod
1096 731 1206 806 iidem
1227 732 1428 808 cardinales
1449 733 1487 806 in
1510 732 1678 808 manibus

344 863 436 938 meis
452 863 642 960 jurabunt,
665 858 761 955 quod
780 857 954 932 officiales
977 863 1014 932 et
1032 857 1248 934 castellanos
1269 881 1370 949 suos,
1389 882 1479 954 quos
1500 859 1537 932 in
1556 861 1679 958 hujus·
1795 885 1796 960 q

345 988 444 1062 modi
473 986 579 1062 terris
608 990 645 1060 et
673 983 816 1060 arcibus
849 984 1089 1082 deputabunt,
1123 983 1333 1081 obligabunt
1365 984 1431 1058 sub
1460 984 1622 1081 speciali,
1643 991 1680 1060 et

346 1137 517 1211 expresso
529 1113 749 1209 juramento,
769 1110 879 1207 quod,
896 1109 1170 1207 superveniente
1188 1109 1287 1184 obitu
1302 1109 1504 1201 cardinalis,
1523 1109 1680 1206 aliquam

346 1245 480 1313 terram
498 1237 556 1313 vel
571 1236 758 1312 castellum
779 1236 831 1310 sic
850 1235 1086 1333 possidentis,
1110 1235 1208 1310 illam
1226 1235 1282 1309 vel
1302 1235 1403 1310 illurn
1423 1257 1626 1324 cumarce,
1650 1235 1680 1308 si
1796 1217 1797 1254 ¹

345 1361 529 1452 habuerit,
560 1361 599 1436 in
627 1362 792 1436 manibus
818 1362 910 1436 meis
938 1361 993 1436 vel
1022 1385 1276 1438 successorum
1307 1385 1471 1438 meorum
1498 1361 1613 1436 libere
1644 1367 1682 1436 et

346 1488 512 1586 expedite
529 1487 648 1563 statim
664 1487 742 1562 sine
758 1487 829 1562 ulla
843 1488 1057 1586 exceptione
1074 1489 1215 1562 tradent
1229 1494 1266 1562 et
1280 1487 1557 1585 consignabant.
1796 1481 1797 1504 ²

396 1617 500 1704 Item,
527 1635 610 1689 cum
630 1613 731 1688 multi
754 1638 800 1688 ex
823 1613 978 1688 dominis
1001 1613 1241 1689 cardinalibus
1262 1613 1323 1688 hic
1344 1613 1572 1712 presentibus
1591 1637 1682 1688 non-

347 1740 462 1815 nullas
487 1739 659 1816 ecclesias
680 1739 919 1830 cathedrales,
941 1740 1175 1830 monasteria,
1202 1740 1395 1839 prioratus,
1417 1740 1680 1838 preposituras,

346 1865 601 1964 prepositatus,
627 1864 833 1962 dignitates
854 1865 1207 1956 administrationes,¹
1219 1865 1340 1940 officia
1359 1871 1395 1940 et
1414 1863 1484 1940 alia
1502 1863 1683 1940 beneficia

348 1988 595 2068 ecclesiastica
623 1993 816 2083 secularia,
853 1995 909 2070 vel
938 1993 1146 2091 quorumvis
1179 1993 1345 2068 ordinum
1378 1991 1574 2090 regularia,
1609 2015 1681 2089 que

348 2115 560 2194 obtinebant
588 2127 625 2194 et
650 2119 883 2218 possidebant
912 2121 1171 2219 resignaverint
1199 2145 1263 2196 seu
1287 2119 1425 2194 eisdem
1455 2118 1683 2194 commendis

348 2240 526 2316 cesserint
541 2247 576 2316 et
590 2242 628 2316 in
642 2250 829 2342 posterum
844 2271 916 2343 que
935 2246 1099 2321 obtinent
1119 2252 1155 2320 et
1168 2245 1368 2345 possident,
1390 2251 1452 2320 aut
1470 2244 1683 2318 obtinebant

347 2372 383 2440 et
397 2367 646 2464 possidebant,
659 2370 844 2468 resignare
861 2396 923 2446 seu
937 2374 1069 2448 cedere
1084 2373 1122 2448 in
1136 2373 1289 2446 aliorum
1303 2373 1463 2446 savorem
1478 2371 1680 2460 intendant,

347 2491 532 2587 promitt0‚
547 2495 631 2590 J'uro
647 2502 683 2569 et
699 2519 807 2570 voveo
823 2499 1025 2572 concedere
1045 2505 1152 2597 prout
1171 2499 1216 2572 de
1235 2497 1396 2596 presenti
1415 2497 1578 2572 concedo
1593 2497 1682 2594 ipsis

348 2617 504 2690 dominis
529 2619 783 2713 cardinalibus,
801 2623 861 2720 qui
882 2625 1092 2723 hujusmodi
1108 2628 1300 2719 ecclesias,
1318 2621 1538 2700 monasteria
1557 2629 1595 2698 et
1612 2622 1683 2697 alia

349 2743 597 2818 ecclesiastica
619 2747 798 2822 beneficia
821 2750 930 2824 etiam
955 2752 1216 2850 resignaverint
1239 2759 1302 2828 aut
1325 2752 1581 2848 resignabunt,
1608 2753 1681 2828 sire

350 2891 476 2942 eorum
491 2872 717 2946 commendis
733 2874 910 2950 cesserint
924 2882 986 2950 aut
1001 2878 1131 2952 cedent
1144 2879 1181 2951 in
1196 2885 1381 2976 posterum
1393 2880 1450 2956 vel
1464 2879 1679 2970 concedent,

349 2999 526 3090 quatenus
542 2997 753 3074 cedentibus
769 3007 830 3075 aut
844 3001 1103 3078 decedentibus
1120 3005 1175 3096 iis,
1190 3006 1251 3102 qui
1268 3031 1333 3104 per
1349 3006 1556 3104 hujusmodi
1570 3007 1683 3104 resig-
1798 2997 1799 3004 ’

348 3119 533 3196 nationem
553 3122 627 3200 sive
647 3127 852 3202 cessionem
876 3127 1066 3218 ecclesias,
1093 3131 1313 3205 monasteria
1333 3131 1411 3229 ipsa
1425 3136 1462 3206 et
1480 3131 1551 3206 alia
1568 3132 1682 3206 hene-

350 3245 433 3320 ficia
456 3249 704 3326 ecclesiastica
729 3253 838 3327 etiam
862 3255 1096 3346 obtinuerint,
1122 3256 1278 3330 libemm
1304 3264 1341 3332 et
1363 3257 1615 3356 plenissimum
1637 3259 1682 3331 ad

352 3372 498 3446 easdem
520 3375 712 3476 ecelesias,
738 3380 959 3454 monasteria
982 3387 1019 3456 et
1043 3382 1290 3458 ecclesiastica
1311 3383 1503 3473 beneficia,
1524 3383 1683 3458 habeant

352 3521 572 3594 regressum,
590 3525 717 3576 eorum
732 3504 886 3601 denique
906 3507 1174 3604 possessionem
1195 3510 1273 3608 ipso
1286 3511 1367 3607 jure
1387 3515 1567 3607 repetere,
1585 3515 1622 3583 et
1637 3509 1682 3582 de

351 3643 444 3696 novo
464 3646 593 3721 capere
612 3625 726 3701 libere
746 3651 788 3702 ac
808 3629 1017 3727 plenissime
1037 3633 1177 3730 possint
1196 3641 1232 3708 et
1250 3634 1403 3726 valeant,
1427 3633 1536 3709 etiam
1556 3634 1586 3706 si
1609 3657 1683 3709 non

351 3746 543 3824 habuerint
557 3751 672 3826 bullas
686 3777 875 3852 regressus
889 3781 911 3829 a
925 3758 1096 3855 pontifice
1111 3783 1205 3857 papa
1220 3760 1333 3834 Sixto.

400 3875 505 3966 Item,
521 3877 707 3972 promitto,
731 3904 841 3956 voveo
864 3889 900 3956 et
919 3885 1002 3980 juro
1022 3885 1119 3981 quod
1138 3909 1285 3958 omnem
1307 3885 1485 3976 savorem,
1510 3885 1683 3960 auxilium

352 4003 389 4071 et
403 3999 657 4078 authoritatem
672 4029 791 4081 meam
810 4009 1052 4108 interponam,
1068 4011 1169 4110 [quod
1194 4019 1266 4086 tam
1285 4013 1525 4088 cardinalibus
1541 4039 1571 4086 s.
1590 4037 1620 4085 r.
1640 4015 1681 4086 E.
1798 4051 1799 4064 2

351 4148 459 4220 quam
473 4127 565 4218 aliis,
582 4131 643 4228 qui
657 4133 837 4209 beneficia
856 4137 1103 4214 ecclesiastica
1117 4140 1291 4214 canonice
1307 4141 1463 4214 assecuti
1483 4139 1629 4231 luerint,
1647 4145 1685 4212 et
1798 4153 1799 4180 ³

352 4255 397 4327 ad
411 4256 660 4352 possessiones
676 4281 801 4333 eorum
816 4285 889 4334 non
909 4265 1155 4358 admittantur,
1177 4266 1234 4339 vel
1252 4266 1428 4340 hactenus
1446 4266 1594 4340 admissi
1610 4289 1684 4340 non

352 4385 447 4472 sunt,
470 4405 534 4456 seu
553 4405 680 4456 eorum
698 4383 834 4460 fructus
854 4392 1126 4484 quomodolibet
1147 4392 1185 4465 in
1208 4392 1396 4466 beneficiis
1417 4391 1569 4490 pacifice
1594 4392 1685 4465 hac-

352 4509 456 4580 tenus
479 4509 657 4603 possessis
678 4510 920 4610 impediantur
941 4516 1072 4616 integri
1097 4519 1246 4610 hahere,
1281 4518 1394 4592 libere
1426 4541 1468 4592 ac
1491 4519 1588 4591 hona
1611 4515 1685 4590 fide

354 4632 462 4704 etiam
486 4642 696 4734 perceptos,
726 4641 961 4716 restituantur
990 4645 1241 4743 adhibeboque
1270 4645 1368 4720 circa
1392 4647 1482 4737 hoc,
1507 4649 1546 4718 ut
1565 4645 1625 4741 jus
1649 4651 1687 4718 et

354 4755 491 4849 equitas
519 4759 693 4855 postulat,
724 4784 870 4836 omnem
896 4765 1121 4864 diligentiam
1149 4776 1185 4845 et
1213 4771 1489 4870 obligationem,
1519 4769 1686 4866 nihilque

353 4883 629 4976 pretermittam.
1767 4885 1771 4894 '

404 5009 508 5100 Item,
530 5013 716 5107 promitt0‚
742 5039 853 5091 voveo
878 5025 915 5094 et
934 5017 1399 5122 jures-quodsscanonicatus
1424 5029 1461 5098 et
1481 5023 1689 5122 prebendas

355 5128 504 5204 basilice
524 5155 554 5206 s.
573 5136 682 5228 Petri,
706 5141 957 5216 Laterauensis
977 5148 1014 5217 et
1032 5165 1062 5216 s.
1084 5146 1196 5220 Marie
1219 5145 1367 5245 majoris
1387 5145 1432 5223 de
1453 5149 1549 5224 Urbe
1570 5148 1693 5224 eccle·
