3424 6038
58 427 218 494 [16161188]
400 429 527 488 RERUM
550 429 779 490 URBANARUM
804 429 1068 496 COMMENTARU.
1348 437 1398 496 311

54 581 176 658 cessit.
199 583 309 658 Dicte
335 588 391 658 est
412 591 552 658 tantum
576 609 649 660 uua
671 586 786 660 oratio
809 595 845 662 et
866 610 940 660 non
962 587 1055 664 16616
1076 591 1191 665 666116
1212 593 1256 666 16
1282 593 1401 667 16661-

52 704 149 778 6166.

95 828 209 904 Feria
235 837 376 928 666616,
414 829 598 906 lmensis
625 831 737 928 junii,
774 833 895 929 vigilia
921 835 1083 930 corporis
1114 837 1259 930 Christi,
1301 843 1400 937 Papa

49 962 199 1052 paratus
229 979 333 1031 more
355 961 531 1030 consueto
563 957 662 1031 venit
698 957 742 1030 ad
773 957 949 1054 capellam
982 960 1160 1056 majorem
1189 963 1312 1058 palatii
1339 964 1400 1036 ubi

49 1080 219 1156 interluit
243 1081 402 1178 vesperis
432 1086 468 1154 ot
502 1079 588 1156 16611
613 1081 776 1156 osticium
801 1105 903 1158 more
929 1085 1048 1158 solito.
1076 1085 1201 1158 Finitis
1224 1088 1397 1184 vesperis,

52 1207 180 1280 intravi
210 1231 296 1280 cum
322 1206 562 1305 gubernatore
589 1208 694 1282 Urbis
717 1231 900 1284 cameram
924 1217 1105 1285 secretam
1129 1214 1192 1286 SS.
1217 1215 1261 1284 D.
1291 1216 1332 1286 N.
1354 1212 1400 1286 61

51 1331 336 1429 intelligendum
367 1331 533 1407 ordinem
561 1332 805 1430 processionis
829 1334 988 1408 crastino
1018 1335 1076 1409 die
1102 1335 1198 1410 inter
1224 1337 1398 1412 officiales

53 1480 118 1532 sue
140 1457 351 1532 sanctitatis
371 1457 650 1532 observandum.
679 1459 858 1534 Sanctitas
883 1482 949 1533 666
973 1461 1154 1536 mandavit
1177 1463 1282 1536 nobis
1301 1463 1399 1560 quod

53 1582 111 1654 ille
130 1583 228 1656 ordo
240 1582 452 1658 observetur
463 1583 525 1680 qui
541 1583 576 1656 in
592 1607 688 1658 anno
703 1584 877 1682 preterito
891 1584 927 1656 in
938 1585 1148 1682 hujusmodi
1164 1589 1397 1684 processione

53 1705 118 1780 tuit
141 1706 379 1782 observatum
407 1731 417 1782 ι
443 1711 653 1785 mandatum
677 1709 814 1784 lactum
840 1708 910 1783 boo
936 1733 1043 1786 mane
1067 1711 1281 1786 officialibus
1306 1713 1396 1786 6116

52 1829 148 1905 libro
165 1835 462 1910 ceremoniarum
478 1861 586 1911 manu
602 1859 685 1912 mea
700 1836 849 1933 scripto,
866 1835 963 1910 161...

101 1958 216 2030 Feria
231 1958 369 2053 661616,
388 1966 408 2036 5
422 1961 528 2058 junii,
547 1961 679 2036 festum
708 1959 939 2034 sacratissimi
962 1962 1125 2060 corporis
1144 1963 1290 2053 Christi,
1308 1962 1397 2035 bora

56 2082 159 2156 61666
173 2107 202 2158 x
215 2083 271 2158 vel
290 2084 395 2175 ultra,
419 2087 484 2158 SS.
505 2089 546 2158 D.
564 2088 606 2158 N.
630 2089 789 2181 paratus,
808 2091 847 2158 ut
862 2084 972 2158 moris
989 2092 1057 2174 est,
1077 2085 1174 2160 venit
1190 2084 1235 2159 ad
1249 2109 1395 2181 parvam

56 2208 238 2304 capellam
267 2210 328 2282 ubi
361 2210 492 2301 oravit,
531 2210 708 2300 surrexit,
748 2209 920 2306 imposuit
953 2209 1161 2302 incensum,
1195 2210 1394 2284 incensavit

60 2345 348 2426 sacramentum,
371 2335 632 2434 666661111161,
656 2341 704 2424 et,
728 2335 1026 2431 1616616666116,
1049 2336 1201 2432 portavit
1221 2359 1333 2431 66666
1350 2337 1394 2409 61

61 2461 203 2536 curiam
216 2461 337 2560 palatii
351 2461 413 2534 ubi
428 2461 629 2536 cardinales
643 2459 760 2534 solent
775 2459 988 2552 ascendere,
1004 2459 1053 2532 ibi
1075 2460 1213 2558 accepit
1234 2461 1391 2534 mitram.

61 2586 211 2658 iuterim
233 2591 358 2660 Rmus.
383 2590 425 2660 D.
447 2585 639 2660 cardinalis
661 2585 705 2656 de
721 2587 820 2657 Fuxo
842 2584 907 2656 sub
928 2583 1044 2681 prima
1062 2591 1166 2682 porta
1186 2584 1306 2681 palatii
1325 2607 1396 2658 una

63 2732 143 2782 cum
161 2711 441 2786 viceoamerario
458 2711 633 2786 ordinavit
647 2709 921 2806 processionem
932 2710 1036 2806 juxta
1045 2717 1209 2784 tenorem
1220 2708 1393 2782 schedula

62 2857 167 2928 quam
185 2842 273 2910 tunc
288 2836 355 2910 sibi
370 2837 466 2927 dedi,
485 2843 521 2910 et
543 2834 841 2909 vioeoamerarius
862 2834 1042 2908 mandavit
1065 2833 1214 2930 singulis
1235 2833 1395 2906 611161611-

62 2957 126 3030 bus
158 2961 224 3034 sub
246 2984 341 3058 pena
363 2967 510 3036 centum
532 2961 744 3033 ducatorum
770 2966 807 3032 ut
833 2959 927 3032 irent
945 2961 1047 3056 juxta
1065 2959 1229 3032 ordinem
1249 2959 1393 3055 predic·

65 3089 137 3156 tum
152 3086 212 3181 qui
227 3093 304 3160 erat
320 3085 379 3160 ille
395 3085 453 3182 661
470 3092 553 3160 6616
573 3107 707 3158 annum
726 3083 791 3156 1611
807 3084 1030 3172 observatus,
1053 3083 1143 3156 nihil
1163 3087 1317 3173 mutato;
1340 3083 1391 3156 616

66 3207 281 3284 factumest.
313 3210 386 3285 Sed
410 3211 448 3283 in
471 3211 591 3308 platea
618 3235 647 3282 6.
678 3208 773 3282 Petri
799 3209 859 3304 qui
884 3231 950 3306 pro
982 3207 1220 3304 responsione
1250 3207 1393 3281 stabant

67 3353 189 3410 omnes
224 3335 441 3426 cardinales,
481 3335 626 3409 ordines
663 3333 914 3430 religiosorum
950 3334 1054 3407 Urbis
1082 3339 1117 3406 et
1142 3332 1258 3406 clerus
1283 3334 1391 3407 etiem

67 3458 205 3536 basilice
229 3486 260 3534 s.
290 3462 387 3536 Petri
407 3460 468 3557 qui
494 3457 767 3558 processionem
801 3463 960 3532 nostram
993 3457 1168 3555 impedire
1193 3467 1229 3534 61
1248 3459 1390 3533 1661666

64 3583 281 3678 videbantur,
299 3609 383 3662 oum
403 3592 440 3658 et
452 3584 520 3683 ipsi
536 3583 697 3658 nondum
716 3589 838 3657 essent
854 3581 1023 3672 ordinati,
1041 3591 1076 3656 et
1093 3583 1143 3656 illi
1169 3583 1261 3657 des.
1281 3589 1390 3659 Petro

66 3710 221 3786 volebant
236 3713 289 3786 ire
304 3709 512 3784 immediate
528 3715 610 3782 aule
627 3731 775 3782 crucem
797 3711 907 3805 Pape,
930 3707 1087 3780 ordinavi
1111 3707 1221 3804 igitur
1243 3717 1279 3784 et
1297 3710 1389 3808 jussi

66 3837 154 3930 quod
169 3838 217 3911 illi
237 3837 281 3912 de
301 3861 331 3911 s.
362 3840 468 3910 Petro
494 3835 761 3908 retrocederent
782 3843 819 3908 et
839 3833 1110 3932 processionem
1132 3837 1291 3906 nostram
1315 3856 1389 3905 non

66 3957 273 4060 impedirent
289 3984 407 4059 neque
422 3961 584 4034 venirent
600 3958 802 4033 nobiscum.
821 3958 1023 4055 Religiosos
1039 3966 1160 4032 autem
1176 3981 1303 4032 omnes
1318 3957 1387 4030 1661

68 4083 200 4162 firmare
215 4113 283 4186 per
302 4087 393 4161 viam
410 4092 446 4160 et
467 4091 561 4160 stare
580 4105 766 4180 quousque
787 4088 883 4182 Papa
903 4085 1137 4182 pertransiret
1164 4108 1247 4158 cum
1273 4107 1389 4157 sacra-

69 4223 193 4304 mento,
206 4213 383 4310 quodnon
401 4211 570 4285 luitbene
582 4208 716 4283 lactum
732 4235 739 4284 :
757 4211 1045 4284 debebantenim
1057 4209 1106 4284 illi
1116 4208 1388 4307 processionem

69 4345 216 4412 nostram
229 4337 400 4437 preivisse
415 4339 678 4435 permodicum
694 4337 862 4433 spatium,
876 4335 971 4432 quod
986 4336 1119 4409 sactum
1135 4340 1289 4423 nonest,
1304 4333 1387 4430 quia

71 4461 207 4538 vicarius
223 4469 319 4562 Pape
335 4486 406 4538 nou
430 4463 495 4536 luit
509 4464 553 4537 de
569 4463 639 4536 hoc
659 4462 814 4535 avisatus
837 4468 876 4534 ut
895 4461 963 4534 illis
982 4461 1033 4535 sic
1053 4461 1260 4534 mandasset
1278 4486 1285 4531 :
1302 4480 1387 4555 pro-

70 4586 217 4664 videatur
230 4588 340 4687 igitur
352 4588 455 4662 annis
471 4587 598 4662 tuturis
612 4593 647 4660 et
662 4587 698 4658 in
714 4585 833 4683 vigilia
845 4591 1103 4682 premaneatur
1122 4582 1276 4658 vicarius
1291 4581 1389 4679 quod

72 4715 327 4806 processionem
342 4712 428 4788 cleri
452 4713 556 4788 Urbis
577 4711 734 4786 ordinari
752 4711 858 4784 iaciat
879 4733 944 4806 pro
959 4711 1051 4784 hora
1067 4715 1149 4784 6616
1165 4710 1293 4782 horam
1308 4733 1389 4806 pro-

72 4839 230 4914 cessionis
247 4843 356 4937 Pape.
378 4837 445 4914 Via
471 4842 582 4912 Recta
602 4845 638 4912 61
657 4837 712 4910 616
735 4839 866 4910 866616
890 4835 1032 4910 1666661
1056 4836 1184 4935 666616
1204 4836 1248 4909 16
1273 4836 1390 4910 666616

71 4967 549 5058 perservitoresllRmorum.
566 4961 891 5038 UU.cardioalium
904 4963 1005 5058 quasi
1018 4987 1084 5061 per
1096 4969 1210 5037 totum
1223 4963 1387 5038 ordinate
1527 5055 1531 5064 Ι

72 5095 100 5160 61
125 5090 158 5164 16
182 5091 341 5190 pluribus
370 5090 459 5165 locis
489 5099 661 5187 cooperte
685 5112 729 5162 ex
754 5111 846 5161 nova
871 5088 1094 5162 ordinatione
1126 5113 1192 5186 per
1218 5089 1386 5164 abbatem
