3436 6038
372 505 427 558 222
827 492 1003 552 JOHANNlS
1027 491 1249 563 BURCHARDI,
1460 494 1608 558 [Novembre
1623 501 1676 566 titt]

372 661 513 754 gnatos,
536 651 713 743 videlicet,
737 649 980 749 imperatoris,
1003 648 1288 725 vicecancellarii
1304 652 1339 722 et
1361 647 1523 724 omnium
1547 651 1675 728 aliorum

374 779 621 872 cardinalium,
640 777 800 854 omnium
820 775 1026 874 principum
1048 785 1084 851 et
1104 775 1321 873 scriptorum
1336 776 1524 851 literarum
1539 779 1677 876 apostoli-

373 929 515 998 carum3
534 911 570 980 et
584 928 710 980 omnes
732 903 839 978 rotuli
854 899 1074 1000 hujusmodi,
1097 899 1159 998 qui
1184 901 1313 976 eodem
1333 899 1389 974 die
1414 898 1453 972 in
1478 898 1676 996 registrare-

373 1029 676 1129 demptisucrunl,
690 1027 818 1103 eodem
835 1051 917 1101 sero
933 1026 1039 1100 simul
1053 1025 1184 1124 portati
1198 1025 1244 1099 ἃᾶ
1258 1024 1527 1116 cancellariam,
1545 1026 1674 1122 exceptis

373 1156 499 1232 rotulis
514 1153 743 1230 familiarium
763 1153 857 1228 Rmi.
877 1157 920 1226 D.
940 1151 1222 1226 vicecancellarii
1236 1157 1272 1226 et
1287 1151 1508 1248 scriptorum
1522 1149 1674 1224 literarum

373 1281 667 1381 apostolicarum,
698 1279 760 1377 qui
786 1279 931 1354 luerunt
959 1279 1076 1377 primo
1110 1277 1289 1376 registrati
1319 1277 1425 1352 etad
1454 1276 1672 1352 cancellariam

373 1407 494 1500 missi3
511 1407 563 1482 ita
577 1405 675 1504 quod
689 1429 847 1502 unquam
867 1404 924 1478 alii
947 1403 1067 1494 rotuli,
1084 1427 1149 1502 pro
1173 1403 1357 1500 predictis,
1384 1403 1430 1476 ad
1453 1401 1672 1477 cancellariam

374 1533 622 1624 mitterentur3
646 1531 696 1606 illi
717 1531 975 1629 expediverunt
1002 1531 1118 1604 bullas
1138 1555 1238 1622 suas3
1265 1554 1350 1605 nam
1377 1527 1673 1605 abbreviatorcsdr

373 1683 483 1759 parco
498 1655 625 1757 majori
642 1663 678 1732 et
692 1657 752 1732 alii
764 1657 872 1732 hodie
888 1657 984 1732 circa
998 1658 1128 1733 horam
1144 1683 1192 1733 xx
1202 1665 1376 1734 venerunt
1390 1657 1437 1733 ad
1453 1655 1672 1732 cancellariam

374 1792 411 1862 et
437 1783 571 1860 ibidem
598 1791 810 1858 manserunt
838 1785 1015 1882 usquead
1034 1791 1196 1882 quartam
1222 1785 1351 1860 horam
1379 1784 1498 1859 noctis
1522 1783 1573 1857 vel
1591 1784 1672 1857 circa.

374 1911 510 1984 Tamen
525 1909 828 2008 expectativarum
846 1909 1087 2008 expeditione,
1106 1911 1281 2010 expeditis
1305 1911 1412 1985 bullis
1433 1935 1501 2010 pro
1520 1911 1671 2009 predictis.

372 2036 606 2112 veneruntad
621 2035 874 2111 cancellariam
895 2036 999 2110 rotuli
1023 2035 1177 2111 aliorum
1197 2037 1435 2112 cardinalium
1452 2045 1489 2112 et
1504 2035 1671 2136 principun

373 2161 678 2260 supradictorum,
704 2185 813 2260 super
832 2162 962 2260 quibus
986 2163 1152 2262 expedite
1170 2163 1314 2238 luerunt
1333 2164 1430 2238 bulle
1451 2187 1518 2262 pro
1540 2163 1671 2238 omnibus

372 2289 621 2364 indifferenter
634 2288 672 2362 in
686 2287 773 2387 ipsis
785 2289 909 2364 rotulis
930 2289 1139 2381 nominatis,
1158 2289 1219 2386 qui
1241 2289 1357 2365 bullas
1381 2314 1468 2366 suas
1484 2297 1616 2388 paratas
1628 2289 1671 2360 ba-

374 2415 550 2505 buerunt3
574 2421 611 2489 et
626 2421 837 2488 manserunt
860 2414 957 2488 bulle
977 2415 1185 2513 hujusmodi
1207 2415 1289 2516 (boc
1314 2423 1367 2491 est
1387 2417 1523 2491 familie
1542 2413 1670 2489 viceran-

374 2540 510 2615 cellarii
526 2547 562 2615 et
578 2539 792 2638 scriptorum
810 2540 1102 2641 apostolicorum)
1119 2540 1300 2639 expedite,
1312 2547 1453 2617 retente
1475 2551 1511 2618 et
1529 2539 1670 2616 custodito

374 2667 518 2741 luerunt
537 2665 575 2740 in
599 2665 814 2742 cancellaria
834 2689 900 2765 pro
916 2666 1153 2743 custodiendo
1172 2691 1287 2765 usque
1315 2667 1352 2741 in
1372 2667 1469 2744 diem
1494 2667 1667 2743 crastinum.

375 2794 404 2868 si
424 2793 516 2868 bene
537 2791 698 2867 memini.
725 2792 861 2868 Eodem
879 2792 937 2866 die
962 2792 1058 2868 circa
1088 2792 1218 2866 horam
1237 2817 1325 2867 xxm
1350 2793 1447 2868 facta
1464 2799 1519 2868 est
1546 2789 1668 2866 secunda

375 2919 556 3019 expeditio
580 2941 645 3016 per
663 2941 846 2994 cameram
869 2919 1172 3016 expectativarum
1196 2919 1425 2996 familiarium
1443 2927 1537 3021 Papa
1551 2939 1667 2994 numero

373 3066 436 3118 occ
449 3043 505 3118 vel
521 3042 633 3135 circa;
653 3066 778 3118 omnes
794 3045 863 3118 hac
880 3054 986 3122 nocte
1005 3045 1191 3146 plumbata
1212 3047 1370 3122 luerunt.

422 3167 526 3244 Feria
543 3169 661 3259 tertia,
683 3174 725 3242 li
740 3171 959 3262 novembrio,
976 3173 1013 3246 in
1036 3197 1141 3249 mane
1162 3173 1259 3249 circa
1279 3173 1409 3250 horem
1429 3197 1508 3248 xun
1521 3173 1554 3248 in
1568 3165 1665 3269 palatiu

373 3293 571 3393 apostolico
591 3294 687 3392 apud
705 3319 734 3367 s.
753 3299 913 3391 Petrum,
930 3297 968 3370 in
983 3298 1065 3373 aula
1079 3306 1162 3374 ante
1179 3323 1361 3375 cameram
1376 3297 1600 3399 apostolicam
1611 3313 1667 3389 prr·

375 3419 547 3495 sonaliter
560 3422 775 3496 constitutus
791 3426 833 3496 lt.
852 3421 889 3496 in
908 3423 1051 3498 Christo
1065 3429 1104 3498 P.
1123 3426 1298 3501 Dominus
1313 3429 1356 3500 Α.
1376 3403 1562 3524 episcopus
1575 3420 1665 3493 Tibur·

375 3547 485 3636 tinus,
506 3545 550 3620 de
574 3545 743 3622 mandato
762 3551 827 3623 SS.
854 3552 895 3622 D.
919 3553 960 3624 N.
977 3574 1083 3648 pape,
1100 3557 1138 3626 ut
1155 3553 1322 3644 asseruit,
1342 3549 1499 3626 decrevit
1513 3565 1663 3648 processus

376 3695 484 3769 super
498 3672 665 3745 omnibus
681 3671 804 3768 gratiis
821 3677 1051 3773 expectativis
1068 3676 1104 3749 in
1125 3680 1283 3754 secunda
1300 3679 1526 3777 expeditione
1543 3663 1662 3772 expediri

376 3797 506 3872 eodem
530 3797 638 3872 modo
659 3805 766 3896 prout
788 3824 896 3899 supra
917 3801 954 3874 in
977 3801 1095 3900 prima
1111 3805 1339 3903 expeditione
1362 3815 1525 3881 notatum
1543 3803 1660 3890 cettan

374 3943 441 4017 pro
457 3921 666 3999 absentibus
688 3949 797 4023 quam
812 3951 877 4026 pro
893 3929 1134 4026 presentibus.
1154 3935 1195 4006 Et
1210 3957 1320 4032 super
1338 3931 1540 4032 hujusmodi
1553 3943 1660 4027 procas-

375 4068 478 4120 suum
494 4047 654 4142 decreto,
672 4051 737 4124 luit
751 4051 846 4126 lacta
855 4077 921 4151 per
936 4057 999 4129 SS.
1019 4058 1060 4128 D.
1074 4059 1116 4130 Ν.
1133 4058 1289 4153 quedam
1302 4059 1521 4150 constitutio,
1537 4077 1591 4130 sue
1603 4069 1659 4123 can·

375 4171 520 4247 cellaria
533 4175 733 4271 apostolice
747 4177 887 4275 regula,
907 4178 1002 4254 inter
1016 4181 1102 4256 alias
1118 4181 1260 4281 regulas
1277 4207 1342 4257 suo
1355 4183 1481 4258 ordine
1496 4179 1653 4278 registrata.

425 4297 559 4375 Eadem
576 4299 648 4392 die,
662 4326 684 4377 a
698 4325 805 4378 mane
822 4329 934 4402 usque
946 4307 1126 4382 adhoram
1142 4333 1195 4382 xvv
1205 4317 1241 4383 et
1256 4333 1277 4384 a
1291 4333 1339 4384 xx
1354 4335 1467 4408 usque
1482 4307 1524 4383 ad
1535 4307 1653 4379 noctem.

375 4423 644 4500 abbreviaturas
663 4427 707 4502 de
728 4453 838 4526 parco
857 4431 996 4529 majore
1019 4439 1055 4508 et
1075 4433 1133 4508 alii
1149 4434 1296 4510 luerunt
1312 4435 1348 4509 in
1367 4429 1568 4511 cancellaria
1582 4441 1655 4519 erpo

376 4549 909 4653 dientesgratiesexpectativas
925 4583 1034 4658 super
1047 4561 1172 4634 rotulis
1186 4559 1421 4660 supradictis3
1439 4569 1473 4638 et
1486 4559 1519 4634 in
1532 4549 1653 4632 omnibu

375 4674 481 4750 bullis
497 4683 571 4751 tam
589 4679 670 4754 heri
686 4703 767 4756 sero
783 4705 889 4780 quam
905 4683 1014 4760 hodie
1030 4687 1218 4784 expeditis,
1241 4711 1310 4785 que
1325 4687 1434 4763 hodie
1459 4687 1501 4760 ad
1513 4675 1652 4782 plumbum

377 4802 486 4878 misse
503 4813 598 4898 sunt,
617 4807 791 4907 scriptum
813 4811 878 4885 luit
905 4809 1064 4911 capeditu
1086 4819 1128 4887 18
1150 4813 1238 4888 Kal.
1263 4807 1452 4888 decenbris
1470 4829 1552 4884 anno
1568 4797 1653 4875 tertio:
1694 4813 1695 4834 ,

377 4929 480 5003 multi
497 4954 541 5005 ex
555 4933 703 5030 plumbo
723 4959 805 5010 sues
821 4929 936 5012 bullas
955 4935 1160 5014 hahuerunt
1177 4939 1318 5030 furtive,
1335 4939 1395 5012 alii
1411 4939 1446 5012 in
1460 4931 1586 5036 plumbo
1596 4940 1651 5020 pro·

378 5075 502 5158 cessus
525 5056 671 5132 decerni
694 5060 926 5137 obtinuerunt
949 5073 1103 5140 secrete.
1126 5069 1262 5140 Tamen
1282 5072 1318 5140 et
1343 5063 1415 5156 alii,
1434 5057 1589 5138 favoribus
1604 5063 1652 5118 ffli‘
1693 5067 1694 5136 l

379 5177 576 5276 gistrorum
590 5183 740 5283 plumbi,
765 5187 879 5264 bullas
896 5213 940 5265 ex
958 5191 1107 5290 plumbo
1131 5191 1347 5284 babuerunt,
1364 5189 1448 5267 licet
1462 5203 1502 5264 ex
1515 5169 1647 5282 parteSS·
