3424 6038
311 485 364 541 264
762 472 937 531 JOHANNIS
962 469 1184 542 BURCHAllDl,
1495 478 1550 543 [llal
1562 481 1627 544 ltttl

309 637 383 710 lam
400 638 435 708 et
450 634 494 707 de
510 629 685 730 cappella,
703 627 764 702 ivit
783 635 865 728 post
889 649 1036 703 crucem
1058 626 1156 702 solus
1175 635 1259 702 ante
1279 629 1407 703 omnes
1424 628 1626 708 cardinales.

312 765 351 834 ln
366 758 505 855 capella
520 757 618 832 stetit
633 761 715 854 post
731 760 874 830 limum.
894 758 937 828 Ι).
954 753 1149 828 Ascanium
1169 752 1334 828 ultimum
1351 755 1543 830 diaconum
1556 781 1629 833 car-

311 885 482 958 dinalem.
500 881 555 956 Ad
569 881 719 980 gradum
742 879 951 955 interiorem
971 879 1066 952 sedis
1085 903 1149 952 seu
1171 879 1250 953 solii
1273 883 1381 977 Papa,
1401 903 1446 956 ex
1473 884 1629 959 mandato

314 1014 423 1107 Papa,
441 1007 521 1081 dedi
537 1007 660 1080 locum
675 1005 875 1103 Magnificis
896 1008 970 1078 Ι)Ι).
988 1005 1135 1078 Alberto
1150 1005 1250 1078 lratri
1266 1004 1437 1080 bastardo
1454 1006 1564 1098 ducis,
1587 1013 1628 1083 Ι).

316 1132 480 1231 Corrigii,
498 1135 541 1205 Ι).
559 1133 604 1206 de
620 1131 739 1228 Carpi,
759 1134 802 1203 Ι).
824 1130 1039 1227 Theophila,
1067 1129 1189 1203 comiti
1207 1129 1363 1203 Johanni
1386 1130 1431 1206 de
1454 1133 1584 1230 Bojann
1600 1147 1632 1207 et

316 1257 511 1333 secretario
527 1257 641 1348 ducis,
658 1257 720 1353 qui
735 1257 844 1330 etiam
856 1261 910 1330 est
925 1255 1055 1330 nobilis
1069 1255 1235 1328 dominus
1250 1263 1467 1332 castrorum.
1483 1257 1632 1332 Aliorum

317 1389 440 1457 autem
456 1381 610 1456 militum
625 1388 662 1456 et
676 1380 827 1479 predicti
847 1381 948 1456 ducis
971 1379 1105 1455 familie
1122 1380 1300 1454 intrarunt
1315 1382 1517 1479 cappellam
1531 1407 1635 1480 usque

317 1509 574 1582 adnumerum
596 1505 857 1604 quinquaginta
879 1505 933 1580 vel
952 1504 1061 1596 circa,
1085 1527 1212 1580 omnes
1229 1485 1488 1582 honestissime
1512 1511 1635 1592 ornati,

317 1633 488 1707 calbenos
505 1653 632 1706 aureas
651 1631 696 1705 ad
713 1631 846 1705 collum
862 1631 1053 1722 habentes,
1071 1629 1132 1727 qui
1148 1636 1325 1704 steterunt
1341 1633 1429 1707 recti
1450 1642 1547 1707 retro
1561 1635 1639 1708 ban-

316 1757 424 1832 ebum
458 1760 675 1830 ltltmorum.
708 1760 782 1829 llll.
809 1756 1044 1830 cardinalium
1074 1756 1397 1854 presbyteromm;
1429 1759 1501 1833 alia
1528 1761 1640 1834 omnia

316 1883 504 1958 observata
517 1887 599 1956 sunt
612 1903 714 1956 more
731 1887 918 1956 consueto.
930 1884 1020 1956 Cum
1036 1883 1099 1955 SS.
1113 1884 1156 1954 Ι).
1169 1885 1211 1954 N.
1224 1881 1402 1980 inciperet
1414 1907 1557 1957 versum
1571 1913 1578 1956 z
1591 1885 1643 1958 Sit
1705 1873 1706 1908 ³

317 2031 445 2082 nomen
468 2008 608 2082 Domini
631 2006 861 2096 benedictum,
886 2029 951 2104 pro
978 2005 1230 2081 benedictione
1253 2007 1382 2099 danda,
1402 2009 1640 2104 genuflectere

318 2134 373 2208 ΙΙΙ.
393 2132 524 2208 ducem
543 2131 745 2230 pradictum
761 2139 797 2206 et
811 2132 883 2206 hoc
898 2131 995 2206 idem
1017 2130 1200 2206 observari
1218 2131 1313 2205 volui
1329 2139 1402 2206 tam
1423 2133 1461 2204 in
1477 2133 1642 2208 benedic-

319 2257 490 2348 tionibus,
505 2258 671 2332 videlicet
685 2261 783 2356 Papa
806 2257 1000 2355 incipiente
1022 2282 1030 2330 :
1054 2257 1225 2330 Precibus
1246 2270 1281 2330 et
1293 2259 1425 2332 meritis
1440 2271 1523 2348 etc„
1542 2283 1641 2357 quarn

319 2392 401 2484 post
416 2385 563 2458 missam
583 2409 590 2457 :
607 2383 667 2456 Sit
683 2407 811 2457 nomen
830 2383 978 2456 Domini
992 2393 1055 2456 etc.
1065 2409 1080 2471 ;
1100 2389 1137 2456 et
1154 2382 1202 2456 ita
1222 2406 1349 2459 omnes
1369 2383 1466 2474 laici,
1489 2385 1599 2459 etiam
1618 2386 1641 2456 si

321 2533 384 2585 rex
397 2518 508 2600 esset,
526 2509 770 2606 genuflectere
783 2509 929 2584 debent.

373 2635 506 2710 Diebus
530 2635 701 2732 peractis,
732 2637 796 2707 SS.
826 2638 868 2708 Ι).
898 2638 940 2708 N.
971 2629 1153 2708 mandavit
1176 2633 1265 2706 mibi
1290 2642 1330 2710 ut
1354 2635 1642 2710 reformationem

321 2763 457 2862 capelle
478 2761 669 2836 ¹Sanctitati
699 2783 762 2834 sue
787 2759 992 2836 ordinarem
1012 2767 1048 2834 et
1072 2761 1109 2833 in
1134 2759 1273 2858 scriptis
1299 2760 1518 2857 redigerem,
1543 2787 1642 2859 quam
1706 2837 1707 2840 ,

321 2889 500 2965 Sanctitas
526 2912 591 2962 sua
610 2887 646 2960 in
671 2885 887 2960 consistorio
911 2908 1116 2983 proponere
1144 2894 1180 2960 et
1203 2886 1405 2984 approbare
1426 2888 1641 2964 intendebat.

321 3015 524 3112 Feciigitur
538 3012 636 3085 illam
653 3010 835 3107 registrari
860 3011 952 3084 libro
975 3011 1264 3086 ceremoniarum
1281 3011 1393 3086 manu
1413 3015 1644 3111 meapropria

322 3143 468 3240 scripto,
485 3139 547 3212 lol.
561 3161 678 3212 cxxxx
692 3163 698 3209 :
714 3160 821 3232 quam
831 3137 1009 3210 Sanctitas
1023 3160 1089 3210 sua
1103 3135 1160 3209 die
1171 3136 1256 3210 lune
1274 3141 1314 3210 ΙΙ
1335 3137 1444 3234 hujus
1457 3138 1494 3211 in
1511 3148 1644 3212 secreto

322 3266 539 3342 consistorio
568 3287 634 3361 per
657 3266 802 3335 Rmum.
833 3265 876 3334 Ι).
903 3260 1125 3334 cardinalem
1146 3264 1346 3336 Senensem
1366 3262 1489 3359 legere
1512 3263 1597 3338 lecit
1614 3269 1642 3337 ct

324 3389 533 3489 approbavit
554 3389 605 3462 de
631 3386 867 3462 cardinalium
895 3393 1074 3460 consensu
1099 3386 1143 3461 de
1167 3385 1273 3461 verbo
1296 3388 1341 3461 ad
1363 3387 1529 3478 verbum,
1549 3395 1642 3486 prout

324 3515 456 3590 ibidem
471 3520 618 3588 notatur
632 3519 669 3586 et
683 3514 906 3586 observatur.
925 3517 975 3584 Ex
993 3535 1063 3608 qua
1078 3512 1224 3608 quidem
1240 3513 1496 3588 reformatione
1513 3523 1643 3588 extrac-

324 3647 399 3712 tum
422 3638 493 3713 leci
516 3647 553 3712 et
577 3636 811 3712 demandato
834 3637 1039 3710 Sanctitatis
1064 3659 1128 3710 sue
1147 3637 1290 3710 RRmis.
1316 3642 1394 3712 Ι)Ι).
1412 3639 1641 3712 cardinalibus

323 3763 632 3855 vicecancellario,
658 3761 862 3850 Portuensi,
884 3761 1145 3836 Tusculanensi
1168 3769 1205 3836 et
1225 3763 1435 3856 Albanensi,
1453 3765 1639 3862 episcopis;

324 3887 597 3978 Mediolanensi,
612 3887 828 3978 Veronensi,
855 3886 1133 3978 Rechanatensi,
1157 3890 1372 3980 Turonensi,
1391 3889 1436 3964 de
1456 3889 1640 3964 Comitibus

324 4023 360 4090 et
390 4013 592 4102 Parmensi,
625 4011 863 4111 presbyteris;
894 4012 1060 4104 Senensi,
1097 4037 1126 4084 a.
1162 4014 1318 4111 Georgii,
1354 4015 1567 4104 camerario,
1604 4013 1639 4084 de

325 4141 491 4229 Sabellis,
513 4139 557 4212 de
578 4137 754 4212 Columna
773 4143 809 4211 et
826 4137 996 4226 Ascanio,
1012 4137 1186 4230 diaconis,
1208 4139 1279 4213 hoc
1295 4163 1401 4215 mane
1414 4140 1639 4238 personaliter

325 4264 540 4364 presentari,
560 4262 695 4336 tenoris
719 4261 764 4335 de
784 4262 894 4335 verbo
916 4261 962 4334 ad
985 4262 1147 4352 verbum,
1171 4269 1279 4359 prout
1302 4264 1339 4335 in
1361 4264 1456 4338 dicto
1481 4266 1572 4339 libro
1586 4263 1635 4338 iol.

325 4413 487 4465 cxxxxur
510 4389 758 4485 mgistratum,
778 4393 923 4483 rogatus
947 4392 982 4458 et
996 4385 1041 4460 de
1057 4387 1226 4460 mandato
1243 4391 1307 4463 SS.
1327 4393 1368 4464 Ι).
1389 4393 1432 4462 Ν.
1461 4391 1634 4466 mandans.

325 4516 420 4613 quod
436 4515 506 4606 illa,
521 4537 588 4611 per
605 4513 797 4609 magistros
818 4511 1009 4585 domorum
1032 4535 1191 4606 suarum,
1216 4515 1349 4590 familie
1365 4518 1541 4614 publicari
1560 4519 1637 4590 ince-

327 4649 406 4714 rent
419 4649 454 4715 et
469 4664 535 4737 per
549 4661 677 4712 omnes
693 4636 891 4725 observari3
907 4637 1005 4732 quod
1018 4636 1147 4732 singuli
1164 4663 1202 4712 se
1218 4639 1376 4713 lecturos
1387 4639 1564 4715 dixerunt.

374 4766 477 4840 Faria
492 4764 629 4862 quinta,
649 4767 694 4835 ΙΙ
710 4761 845 4837 mensis
861 4761 945 4834 maii
963 4761 1129 4857 predicti,
1152 4762 1285 4838 testum
1308 4765 1531 4839 ascensionis
1547 4769 1585 4838 Ι).
1600 4763 1631 4833 ΙΙ.

322 4899 408 4967 lesu
433 4890 579 4978 Christi,
602 4895 726 4962 limus,
755 4892 798 4961 D.
826 4885 1017 4962 cardinalis
1043 4911 1073 4960 s.
1103 4887 1297 4963 Clementis
1325 4889 1411 4965 iecit
1433 4891 1586 4965 cilicium
1604 4886 1630 4957 in

323 5017 472 5093 basilica
487 5016 656 5114 principis
672 5013 919 5111 apostolorum
940 5012 977 5084 in
999 5013 1218 5109 paramentis
1234 5011 1338 5102 albia,
1356 5016 1453 5110 Papa
1466 5015 1627 5110 presente.

324 5143 481 5220 Ceudam
493 5141 653 5239 pluvialis
667 5163 758 5236 pape
773 5139 926 5236 portavit
941 5137 1013 5211 dux
1029 5137 1190 5210 Ferraria
1202 5161 1317 5233 usque
1330 5137 1373 5210 ad
1386 5137 1501 5212 scalas
1510 5131 1629 5232 palate
