3422 6034
100 456 250 526 [tutante]
423 449 549 508 RERUM
576 447 804 506 URBANARUM
829 445 1091 504 COMMENTlel.
1377 446 1429 504 357

144 606 390 704 Scriptoribus
409 603 629 701 apostolicis,

143 731 465 808 threnatoribus
480 729 525 804 de
541 751 649 828 parco
662 728 806 826 majori,

144 857 461 934 abbreviatoribus
476 857 522 930 do
532 877 642 952 parco
653 853 783 929 minori
799 863 835 928 et
849 855 966 952 prima
980 853 1129 946 visione,

143 983 444 1060 Sollicitatoribus
458 983 645 1057 literarum
661 981 957 1079 apostolicarum,

143 1109 299 1186 Notariis
312 1109 515 1184 auditorum
537 1115 628 1198 rota,

138 1233 382 1333 scriptoribus
403 1231 666 1330 penitentiarie,

143 1358 440 1436 Procuratoribus
464 1357 728 1456 penitentiarie.

142 1485 246 1562 Faria
279 1484 416 1581 quinta,
451 1487 494 1556 18
527 1482 663 1557 mensis
695 1481 787 1581 junii
823 1482 955 1560 testum
998 1481 1229 1557 sacratissimi
1263 1481 1425 1579 corporis

91 1612 235 1702 Christi,
255 1611 293 1686 in
313 1635 433 1700 mane,
457 1613 581 1684 limus.
609 1611 650 1680 D.
677 1607 867 1682 cardinalis
893 1632 922 1680 s.
950 1606 1139 1681 Anastasio
1160 1606 1421 1700 celebraturus,

90 1737 229 1834 accepit
245 1737 281 1810 in
292 1760 402 1836 parva
411 1734 549 1834 capella
561 1733 682 1831 palatii
697 1733 871 1823 sandalia,
883 1731 1067 1821 amictum,
1079 1731 1212 1824 albam,
1224 1733 1421 1830 cingulum,

88 1886 237 1939 crucem
252 1861 488 1959 pectoralem,
508 1859 637 1935 stolam
653 1867 689 1934 et
704 1857 870 1957 pluviale.
889 1858 1027 1944 Quibus
1046 1863 1205 1954 paratus,
1224 1859 1424 1956 expectavit

87 1989 282 2062 adventum
307 1993 524 2062 RRmorum.
552 1989 628 2060 DD.
659 1983 896 2060 cardinalium
919 1982 980 2079 qui
1010 1983 1047 2056 in
1070 2007 1215 2058 camera
1244 1983 1422 2082 papagulli

86 2121 347 2204 convenerunt,
374 2112 503 2187 deinde
528 2115 765 2208 expecierunt
780 2115 991 2208 paramenta
1006 2109 1043 2183 in
1058 2133 1204 2184 camera
1218 2108 1421 2206 paramenti

86 2247 122 2314 et
137 2247 314 2314 venerunt
336 2238 381 2314 ad
402 2260 548 2336 parvam
565 2234 741 2334 capellam
766 2258 810 2310 ex
832 2258 902 2332 qua
917 2234 1171 2333 processiones
1193 2233 1419 2332 inceperunt.

88 2369 215 2439 Rmus.
243 2367 284 2438 ll.
308 2362 501 2438 cardinalis
526 2387 556 2435 s.
585 2359 790 2451 Anastasia,
820 2361 990 2458 imposito
1021 2360 1099 2435 sine
1126 2359 1232 2434 mitra
1255 2360 1418 2452 incenso,

88 2487 305 2584 genutlexus
328 2487 364 2560 in
386 2511 443 2578 ca,
465 2487 664 2562 incensavit
684 2493 966 2578 sacramentum,
989 2509 1061 2584 quo
1081 2491 1232 2584 accepto
1250 2485 1338 2560 illud
1355 2487 1421 2560 sub

89 2612 309 2686 baldachino
326 2611 403 2686 sine
416 2611 531 2687 bireto
550 2613 588 2686 in
608 2613 726 2711 capite
744 2613 898 2712 portavit
917 2635 1031 2710 usque
1050 2611 1095 2686 ad
1112 2610 1250 2685 curiam
1266 2611 1421 2708 primam

85 2737 210 2836 palatii
232 2737 291 2811 ubi
313 2737 514 2814 cardinales
538 2762 583 2812 ex
600 2761 693 2836 equo
714 2737 936 2814 descendere
954 2737 1085 2826 solent,
1109 2735 1241 2812 ibidem
1263 2735 1420 2812 biretum

86 2863 230 2960 accepit
251 2870 286 2937 et
305 2861 471 2954 mitram;
493 2863 749 2938 baldachinum
768 2869 954 2962 portarunt
972 2862 1156 2960 digniores
1178 2859 1318 2934 nobiles
1341 2883 1422 2958 pre·

86 2995 223 3064 sentes.
242 2993 346 3062 Juxta
361 2987 580 3063 cardinalem
598 2989 673 3064 ibat
694 2988 902 3087 capellanus
923 3011 1010 3061 suus
1033 2987 1204 3061 assistens
1224 2984 1261 3058 in
1277 2985 1419 3082 pluviali

85 3138 107 3187 a
125 3113 262 3188 dextris
283 3120 316 3186 et
338 3113 510 3188 diaconus
530 3113 667 3212 capelle
690 3114 727 3187 in
750 3112 943 3188 dalmatica
962 3135 984 3186 a
1006 3111 1172 3200 sinistris,
1194 3109 1418 3207 aurifrigium

85 3235 249 3336 pluvialis
263 3236 444 3312 elevantes
458 3237 529 3311 duo
544 3237 719 3334 capellani
731 3237 798 3328 sui,
809 3237 844 3310 in
858 3235 1117 3334 superpelliciis
1130 3243 1214 3310 aute
1226 3258 1309 3310 eum
1323 3235 1419 3310 ince-

86 3361 216 3436 dentes
239 3389 246 3434 :
271 3362 442 3437 continuo
461 3362 697 3438 incensabant
719 3367 754 3437 et
775 3362 900 3438 tertius
920 3361 1122 3437 naviculam
1139 3361 1318 3460 portabat.
1337 3365 1417 3438 Duo

86 3488 196 3561 etiam
213 3485 271 3560 alii
287 3487 462 3584 capellani
480 3495 563 3562 ante
581 3509 644 3562 eos
659 3487 875 3563 incedebant
890 3510 973 3561 cum
983 3487 1221 3562 luminaribus
1233 3494 1316 3584 post
1331 3488 1418 3562 duo-

84 3613 206 3688 decim
223 3612 415 3688 scutiferos
429 3617 539 3711 Pape,
553 3612 745 3689 duodecim
760 3579 941 3688 iiltorticia
958 3613 1040 3688 alba
1054 3601 1253 3712 portantes.
1270 3619 1418 3689 Proces-

85 3738 139 3812 sio
162 3737 373 3835 hujusmodi
397 3737 540 3836 incepta
558 3744 612 3813 est
632 3739 869 3814 circahoram
888 3739 1131 3830 undecimam,
1146 3739 1416 3838 licetpronona

83 3865 249 3938 intimata
264 3871 362 3938 esset
377 3871 413 3939 et
432 3863 557 3937 habita
570 3887 635 3961 per
649 3864 805 3961 plateam
825 3889 856 3938 s.
875 3864 971 3938 Petri
992 3863 1166 3938 duntaxat
1179 3865 1239 3940 via
1258 3871 1358 3940 recta
1371 3888 1415 3940 ex

82 3990 217 4087 palatio
236 4013 359 4064 versus
375 4013 405 4063 s.
419 3989 661 4064 blartincllum
681 4015 688 4063 :
707 3995 789 4063 ante
808 3989 909 4086 cujus
929 3987 1122 4064 ecclesiam
1142 3989 1216 4065 sive
1241 3989 1414 4088 palatium

83 4116 226 4190 divertit
241 4121 276 4190 et
291 4121 374 4190 ante
398 4115 565 4189 tabernas
586 4115 632 4188 ad
649 4113 834 4189 basilicam
848 4139 878 4188 s.
898 4113 992 4188 Petri
1013 4113 1168 4189 divertit.
1192 4119 1268 4190 Hoc
1288 4115 1414 4192 ordine

84 4241 312 4314 incesserunt
330 4267 338 4311 :
356 4238 475 4336 primi,
498 4237 747 4313 sollicitatores
767 4238 952 4313 literarum
972 4240 1265 4337 apostolicarum,
1284 4241 1412 4316 deiude

85 4365 214 4440 notarii
229 4363 433 4438 auditorum
450 4371 541 4453 rote,
559 4369 810 4462 procuratores
821 4365 1086 4462 penitentiaric,
1101 4366 1295 4465 scriptores
1311 4389 1415 4463 apos-

86 4491 198 4580 tolici,
220 4489 382 4588 magistri
405 4489 589 4585 utriusque
610 4489 767 4588 registri,
791 4489 1056 4566 abbreviaturas
1079 4491 1123 4566 de
1145 4514 1253 4590 parco
1269 4492 1412 4588 majori,

85 4615 283 4690 bullatores
298 4613 450 4712 plumbi,
477 4613 639 4712 magistri
662 4613 798 4712 plumbi
822 4622 858 4689 et
874 4615 1140 4690 abbreviatores
1161 4615 1205 4690 de
1226 4638 1334 4714 parco
1352 4616 1417 4689 mi-

84 4741 177 4830 nori,
196 4745 448 4837 procuratores
462 4740 628 4814 ordinum
645 4745 681 4814 et
695 4739 754 4813 alii
768 4763 834 4814 suo
848 4740 985 4816 ordine.
998 4741 1216 4818 Collectores
1231 4742 1367 4839 plumbi
1380 4751 1416 4818 at

84 4865 202 4962 prima
229 4864 363 4939 visione
393 4889 467 4938 non
501 4863 753 4956 interfuerunt,
788 4865 850 4939 sed
873 4867 1082 4942 mandatum
1108 4867 1194 4965 ipsis
1215 4866 1348 4942 lactum
1371 4868 1416 4943 de

84 4989 261 5064 veniendo
276 4997 590 5088 contempserunt;
605 4989 823 5065 etlicetheri
835 4991 1060 5067 ordinassem
1072 4993 1167 5089 quod
1183 4991 1299 5068 clerus
1310 4993 1415 5068 Urbis

87 5139 189 5189 suam
204 5116 476 5213 processionem
492 5123 616 5213 ageret
631 5121 714 5190 ante
731 5121 904 5209 nostram,
920 5117 955 5192 id
973 5123 1090 5193 tamen
1102 5119 1236 5193 lactum
1252 5141 1325 5192 nou
1340 5125 1413 5205 est;
