3422 6034
336 459 388 516 aar
787 451 963 511 veranius
987 449 1209 522 euncuannv,
1416 453 1648 522 asapeaaavnn

339 613 445 688 simul
463 634 572 686 manu
593 610 763 686 collectas
790 616 863 683 tam
885 607 1062 683 veniendo
1088 631 1198 704 quam
1225 606 1408 682 redeundo
1439 609 1646 706 deportante.

292 791 296 800 ·
389 739 493 814 Feria
509 738 626 828 tertia,
653 735 786 812 festum
809 733 1003 810 nativitatis
1021 733 1126 808 beate
1147 733 1258 808 Maria
1282 734 1442 832 virginis,
1467 739 1561 832 Papa
1572 740 1650 812 venit

340 867 385 943 ad
413 865 589 964 capeDam
611 885 781 960 magnam
808 861 842 934 in
869 865 1059 934 mantoeo
1083 858 1304 955 ordineque
1330 859 1387 934 die
1415 861 1651 960 assumptionis

340 992 505 1090 ejusdem
521 991 624 1066 beate
637 987 750 1062 llarie
764 985 911 1084 virginis
923 1010 931 1076 ;
945 983 1093 1060 missam
1106 984 1301 1060 celebravit
1312 989 1355 1058 R.
1369 989 1409 1060 P.
1426 988 1471 1060 D.
1490 986 1651 1064 lebannes

340 1117 532 1214 episcopus
563 1112 802 1189 Tornaoensis
825 1139 832 1184 :
856 1109 1098 1186 interfuerunt
1127 1110 1252 1184 llllmi.
1292 1114 1368 1185 DD.
1395 1114 1649 1188 Beneventanus

340 1241 536 1324 Aleriensis
566 1249 602 1315 et
635 1265 665 1314 s.
687 1237 875 1312 Anastasis
906 1235 1120 1311 cardinales.
1159 1239 1435 1312 Beneventanus
1463 1235 1651 1312 ministravit

341 1365 556 1456 naviculam,
581 1369 677 1463 Papa
698 1365 888 1440 incensum
910 1363 1135 1460 imponente,
1162 1367 1198 1436 et
1220 1361 1419 1436 incensavit
1435 1385 1522 1436 eum
1542 1369 1652 1460 etpor-

340 1493 430 1566 rexit
446 1491 479 1566 ei
494 1491 626 1567 librum
641 1489 879 1566 osculandum
895 1495 977 1587 post
993 1486 1220 1585 evangelium
1242 1496 1279 1562 et
1293 1511 1436 1584 pacem.
1464 1489 1589 1562 Omnia
1600 1489 1653 1562 alia

340 1616 530 1692 factasunt
547 1626 653 1715 prout
669 1639 778 1716 supra
790 1615 823 1690 in
836 1615 893 1692 die
904 1613 1160 1712 assumptionis
1174 1613 1277 1688 beate
1292 1614 1405 1688 Marie
1423 1621 1481 1689 est
1496 1621 1651 1688 notatum.

341 1743 516 1818 Fimbriae
553 1747 617 1818 SS.
657 1747 700 1818 D.
740 1741 854 1816 nostri
889 1739 1008 1816 eundo
1043 1746 1078 1814 et
1109 1738 1295 1816 redeundo
1323 1738 1482 1837 portavit
1516 1739 1653 1836 prelatus

342 1867 638 1968 archiepiscopus
651 1867 885 1943 Arelatensis.
1020 1927 1022 1934 .

392 1993 563 2086 Sabbata,
590 1999 635 2069 29
660 1994 796 2070 mensis
830 1993 987 2090 augusti,
1023 1991 1310 2067 anniversarium
1339 1992 1595 2090 assumptionis
1619 1994 1651 2066 D.

342 2121 456 2196 nostri
478 2125 665 2218 peractum
689 2127 757 2194 est.
785 2122 849 2194 SS.
872 2123 916 2194 D.
937 2125 1061 2194 noster
1083 2142 1184 2193 more
1210 2119 1315 2206 solito
1340 2129 1491 2217 paratus
1516 2119 1604 2194 veuit
1621 2118 1654 2192 ad

343 2245 517 2348 capellam
533 2249 709 2346 majorem
725 2246 760 2320 iu
785 2269 857 2342 qua
869 2245 979 2318 misse
999 2245 1152 2320 solemni
1176 2243 1339 2319 interfuit
1354 2267 1467 2341 quam
1483 2248 1606 2318 'limus
1620 2247 1651 2316 D.

343 2371 535 2448 cardinalis
556 2370 752 2445 Aleriensis
777 2368 984 2442 celebravit.
1010 2370 1065 2444 Ad
1091 2393 1235 2444 versum
1260 2368 1421 2442 Atellania
1441 2391 1555 2464 usque
1587 2366 1655 2440 Veni

343 2509 461 2572 sancte
475 2496 632 2594 spiritura,
651 2498 746 2594 Papa
769 2493 965 2592 genuflexit
981 2493 1017 2568 in
1041 2493 1255 2586 faldistorio,
1278 2493 1490 2570 cantoribus
1510 2493 1654 2590 incipien-

345 2623 438 2697 tibus
468 2631 504 2694 et
526 2619 839 2718 prosequentibus.
868 2619 1006 2695 Deinde
1030 2626 1197 2696 cantores
1217 2619 1390 2694 dixerunt
1416 2641 1575 2716 prosam.
1594 2616 1653 2690 ata

344 2747 466 2822 emnia
481 2769 582 2821 more
596 2745 701 2820 solito
718 2751 802 2818 sunt
815 2745 1014 2820 observata.

390 2873 494 2948 Faria
518 2877 632 2960 sexta,
658 2877 697 2946 ll
721 2871 858 2946 mensis
883 2871 1112 2970 septembris,
1134 2872 1200 2948 luit
1219 2871 1494 2959 consistorium,
1517 2871 1560 2944 ad
1577 2867 1652 2965 quod
1695 2915 1696 2985 p

341 2997 456 3072 vocati
476 2997 621 3072 luerunt
636 3002 672 3071 et
690 2996 888 3072 intromissi
907 3019 1035 3072 omnes
1054 3005 1216 3072 oratores
1237 2997 1402 3072 omnium
1422 2998 1615 3096 principum
1626 2996 1651 3068 in

342 3127 492 3196 romana
506 3121 605 3196 ouria
624 3121 833 3214 existentes,
861 3143 903 3194 ec
924 3125 965 3194 R.
985 3123 1024 3194 P.
1044 3125 1087 3196 Ι).
1105 3121 1290 3196 lohannes
1312 3121 1509 3221 episcopus
1522 3122 1652 3196 Alexan·

342 3245 480 3336 drinus,
508 3269 600 3320 unus
627 3269 672 3320 ex
709 3245 801 3321 sacri
839 3245 960 3343 palatii
996 3245 1185 3345 apostolici
1223 3270 1416 3322 causarum
1454 3247 1652 3324 auditoribus

309 3445 312 3450 .
341 3369 685 3461 locumtenentibus,
703 3377 739 3445 et
755 3373 797 3444 D.
817 3370 960 3445 Felinus
979 3372 1142 3446 Sandeus
1163 3371 1329 3470 ejusdem
1348 3373 1472 3469 palatii
1487 3391 1650 3448 causarum

343 3496 484 3570 auditor
511 3518 553 3569 ac
587 3499 630 3570 D.
662 3495 830 3570 Nicolaus
856 3496 901 3570 de
934 3499 1064 3570 Parma
1097 3505 1313 3594 procurator
1348 3497 1504 3589 liscalis3
1531 3499 1563 3570 in
1598 3517 1651 3592 quo

343 3620 489 3716 quidem
504 3619 719 3696 consistorio
734 3619 918 3717 predictus
936 3620 1127 3718 episcopus
1144 3622 1408 3698 Alexandrinus
1424 3623 1510 3700 lacit
1523 3623 1649 3721 primam

344 3744 545 3818 orationem
575 3745 619 3820 de
644 3744 889 3820 inobedientia
912 3745 1008 3843 regis
1033 3746 1249 3822 Ferdinandi
1284 3748 1404 3822 Sicilie
1426 3772 1469 3824 ac
1497 3745 1649 3846 pontilicis
1693 3759 1694 3847 t

344 3869 635 3974 mansuetudine,
653 3893 696 3944 ac
707 3870 846 3968 justitia
860 3871 1005 3946 tandem
1021 3871 1274 3964 ministranda;
1299 3873 1431 3948 deinde
1449 3879 1544 3972 Papa
1556 3869 1648 3945 decla·

345 3994 432 4070 ravit
456 3995 932 4078 illumexeommunicatum
966 4004 1002 4070 et
1033 3997 1209 4094 privatum
1238 3999 1361 4095 paucis
1391 3999 1522 4086 verbis;
1546 4001 1646 4092 postea

345 4120 500 4195 surrexit
522 4121 838 4196 vicecancellarius
860 4129 896 4196 et
920 4121 956 4194 in
978 4145 1043 4196 suo
1069 4115 1151 4197 loco
1172 4126 1271 4196 stans
1298 4121 1385 4220 legit
1407 4121 1540 4198 bullam
1561 4137 1646 4214 super
1692 4197 1693 4200 ,

344 4245 560 4322 hoceditam
574 4274 582 4320 :
598 4269 670 4343 qua
688 4247 794 4337 lecta,
821 4250 864 4320 D.
892 4245 1057 4320 Nicolaus
1084 4247 1128 4321 de
1151 4250 1281 4320 Parma
1304 4254 1518 4343 procurator
1538 4239 1643 4318 insedis
1692 4201 1693 4279 l

346 4377 564 4468 protestatus
580 4379 634 4448 est
648 4373 772 4448 neseio
788 4371 886 4468 quid,
906 4376 941 4446 et
956 4375 999 4445 D.
1021 4371 1200 4446 Antonius
1218 4371 1263 4446 de
1283 4371 1533 4448 Alexandrinis
1547 4371 1642 4442 orator

345 4497 474 4595 prelati
499 4499 593 4596 regis
609 4497 716 4573 etiam
734 4497 889 4594 aliquam
905 4496 990 4570 lecit
1005 4497 1318 4594 protestationem.
1335 4497 1569 4572 Cardinelium
1582 4513 1641 4564 sca·
1691 4551 1692 4558 1

346 4621 439 4696 bella
453 4622 569 4720 posita
591 4629 693 4698 erant
708 4630 814 4720 prout
833 4622 870 4696 in
889 4629 1029 4698 secreto
1051 4621 1266 4697 consistorio
1281 4625 1366 4722 peni
1383 4625 1499 4700 solent
1517 4615 1640 4695 antein-

347 4747 495 4821 troitum
509 4747 730 4836 consistorii;
746 4749 782 4820 in
797 4755 994 4846 conspectu
1009 4747 1190 4845 pontilicis
1201 4749 1381 4846 genuflexi
1395 4750 1531 4824 stabant
1540 4761 1639 4820 omnes

348 4871 513 4968 predicti,
528 4877 564 4946 et
579 4873 637 4946 alii
654 4872 871 4969 complures.
891 4877 969 4947 Non
986 4873 1103 4949 celero
1114 4873 1367 4969 particularius
1380 4898 1424 4950 ae
1437 4872 1638 4948 clariusacta,
1690 4885 1691 4932 ss

349 4996 432 5091 quia
446 5021 519 5070 non
532 4997 691 5088 interlui,
709 4997 773 5072 sed
788 4997 833 5072 ab
848 4998 926 5072 aliis
942 5022 1020 5072 rem
1033 4999 1083 5074 ita
1097 5007 1216 5074 aetam
1230 5023 1311 5076 esse
1332 5000 1487 5076 intellexi
1500 4995 1556 5096 (t).

385 5145 411 5202 1.
422 5145 493 5219 Voy.
511 5145 649 5203 lnlessura
663 5146 732 5204 dans
747 5145 859 5215 Eccurd,
875 5145 926 5204 col.
943 5147 1025 5205 199¹.
