3508 6034
271 479 323 533 aas
722 469 897 526 Jouavrus
922 465 1144 538 BURCHARDI,
1434 466 1514 530 [ula
1532 464 1598 528 uss]

271 630 500 706 existentium
520 627 689 703 eumdem
703 631 847 699 Rmum.
867 628 910 698 Ι).
931 623 1152 698 cardinalem
1171 621 1215 695 de
1238 619 1386 694 Medicis
1402 618 1449 691 ad
1465 617 1601 690 dictum

271 756 466 829 claustrum
485 753 691 828 venientem
717 751 879 847 recipere
901 755 937 826 et
959 749 1153 839 associare,
1179 751 1287 844 prout
1306 743 1393 818 alias
1415 741 1495 817 lieri
1518 764 1603 815 con·

272 877 458 976 suevit(l).

321 1003 456 1075 Eadem
469 1001 540 1090 die,
558 1000 759 1073 circahora
777 999 989 1096 vigesimam
1008 997 1177 1095 primam,
1203 999 1328 1068 Rmus.
1348 997 1391 1066 D.
1410 991 1604 1066 cardinalis

273 1129 317 1202 de
344 1126 492 1200 Medicis
522 1125 789 1222 suprascriptus
816 1147 882 1220 per
909 1127 1059 1197 Pontem
1083 1120 1243 1194 Milvium
1273 1119 1310 1192 in
1334 1117 1509 1192 mantello
1537 1141 1602 1190 suo

273 1252 381 1351 panni
401 1255 536 1324 rosctle
562 1255 597 1322 et
619 1250 795 1346 capucino
815 1272 857 1322 ac
879 1247 1018 1344 capello
1046 1243 1259 1320 cardinalari
1285 1250 1435 1340 propter
1458 1249 1604 1339 tempus

273 1376 489 1474 pluviosam,
506 1383 676 1471 receptus
703 1399 724 1446 a
746 1377 787 1448 ll.
807 1374 998 1447 Francisco
1019 1373 1093 1446 filio
1110 1375 1205 1470 Papo
1222 1378 1258 1444 et
1271 1370 1370 1444 socio
1387 1392 1453 1442 suo
1469 1369 1603 1441 comite

200 1577 210 1595 ,
275 1499 427 1576 Pitiliani
438 1499 627 1596 capitaneo
643 1499 765 1596 palatii
782 1499 970 1596 apostolici
987 1503 1022 1570 el
1035 1495 1155 1570 multis
1173 1495 1251 1568 aliis
1264 1495 1461 1569 baronibus
1476 1493 1603 1568 vicinis

273 1649 316 1698 ac
332 1624 409 1696 aliis
422 1623 625 1698 oratoribus
640 1647 781 1720 quoque
799 1620 1085 1720 quampluribus,
1107 1621 1205 1694 venit
1224 1621 1270 1694 ad
1285 1619 1480 1694 ecclesiam
1497 1619 1602 1693 beate

274 1747 385 1821 Marie
406 1747 450 1820 de
473 1747 611 1844 Populo
637 1749 712 1839 ubi,
739 1749 836 1822 facta
859 1771 902 1822 cx
926 1771 1028 1820 more
1054 1749 1215 1822 oratione
1237 1755 1319 1821 ante
1343 1745 1457 1818 altare
1479 1751 1516 1818 et
1530 1767 1604 1817 uno

274 1875 404 1946 ducato
430 1871 586 1968 desuper
608 1873 741 1962 oblata,
766 1873 909 1946 inlravil
930 1897 996 1971 per
1017 1896 1166 1970 parvum
1192 1873 1326 1947 ostium
1348 1873 1450 1969 juxla
1472 1869 1605 1942 sacris-

276 1997 360 2069 tiam
393 1995 567 2067 ambitum
595 1995 681 2068 dicti
711 1997 935 2086 monasterii,
972 1996 1034 2069 ubi
1063 1997 1227 2068 exuimus
1264 1995 1297 2068 ei
1323 1993 1537 2068 mantellum
1566 2001 1600 2068 el

274 2120 527 2217 capuccium,
543 2121 672 2217 quibus
688 2121 805 2194 adhuc
827 2121 973 2195 indutus
999 2127 1088 2212 erat,
1118 2145 1188 2217 que
1204 2120 1309 2194 nobis
1330 2121 1470 2195 ratione
1492 2119 1601 2194 officii

274 2247 387 2319 nostri
407 2245 696 2320 ceremoniarum
720 2247 1009 2319 reservavimus:
1036 2245 1197 2319 venitin
1221 2245 1351 2318 eodem
1375 2245 1513 2318 ambitu
1538 2243 1604 2316 sibi

144 2450 148 2472 Ι
184 2441 186 2444 ,
274 2371 414 2444 obviam
440 2373 564 2442 Rmns.
593 2373 636 2442 D.
677 2369 867 2443 cardinalis
901 2369 1167 2460 Ulixbonensis,
1198 2369 1260 2466 qui
1289 2369 1493 2467 presentari
1518 2368 1603 2441 lecit

275 2495 393 2569 eidem
419 2494 591 2568 cardinali
620 2493 664 2567 de
689 2493 838 2568 Medicis
863 2493 1122 2584 conlectiones,
1146 2515 1394 2590 marzapanes,
1421 2493 1604 2589 composi-

275 2619 390 2693 tiones
415 2619 452 2690 in
472 2617 665 2706 albarelliS,
688 2639 808 2714 poma,
826 2617 903 2714 pira
924 2624 960 2691 et
978 2618 1120 2692 diversa
1134 2617 1216 2709 alia,
1244 2619 1354 2692 etiam
1379 2621 1461 2694 vina
1482 2619 1518 2692 iu
1543 2642 1603 2691 ca-

274 2743 388 2832 rallis,
406 2767 476 2838 que
492 2743 615 2816 omnia
630 2741 774 2816 circiter
796 2743 920 2837 viginti
941 2743 1099 2839 quinque
1115 2743 1276 2818 scutileri
1295 2744 1496 2818 successive
1510 2743 1604 2817 ince·

276 2869 403 2941 dentes
424 2873 612 2964 portarunt
629 2866 666 2939 in
690 2867 850 2956 basilica,
874 2867 1032 2956 scutalia,
1058 2867 1236 2943 albarellis
1257 2875 1292 2942 et
1309 2869 1466 2942 caraffis.
1489 2869 1602 2942 Mansi

275 3016 358 3067 cum
375 2991 504 3067 eodem
520 2991 701 3066 cardinale
716 2993 760 3066 de
775 2991 925 3066 Medicis
946 3015 1059 3087 usque
1083 2993 1128 3066 ad
1149 2997 1308 3082 noctem,
1326 3017 1369 3068 ac
1384 2995 1417 3068 ei
1431 3017 1603 3068 coronam

275 3116 438 3214 ampliari
457 3115 550 3206 leci3
573 3117 791 3190 reverentias
814 3139 880 3214 per
901 3137 984 3188 eum
1007 3116 1190 3192 faciendas
1215 3119 1379 3216 pontifici
1400 3119 1541 3192 ostendi
1559 3141 1603 3191 ac

274 3244 319 3317 de
335 3243 502 3315 omnibns
518 3243 597 3316 aliis
611 3243 799 3318 inlormavi
816 3249 851 3316 et
865 3244 1017 3318 instruxi
1043 3242 1350 3340 quemadmodum
1375 3267 1397 3316 a
1416 3245 1480 3316 SS.
1498 3247 1540 3316 ll.
1556 3245 1598 3316 N.

274 3367 473 3441 habueram
488 3369 525 3440 in
541 3369 733 3442 mandalia.

324 3492 428 3564 Faria
444 3498 557 3583 sexta,
576 3498 620 3567 23
637 3495 755 3568 martii
772 3495 837 3568 iuil
853 3495 1061 3569 continuata
1074 3494 1192 3591 pluvia
1206 3517 1321 3590 usque
1336 3494 1382 3568 ad
1396 3494 1597 3592 prandium.

276 3621 400 3688 Rmus.
428 3619 471 3688 D.
503 3618 695 3692 cardinalis
721 3620 765 3694 de
792 3619 941 3694 Medicis
979 3619 1110 3693 audivit
1138 3619 1287 3692 missam
1310 3619 1349 3691 in
1377 3619 1537 3716 capitulo
1559 3619 1601 3691 de

277 3740 427 3836 Popula,
450 3740 614 3816 videlicet
633 3744 670 3816 in
688 3743 770 3818 loco
789 3745 827 3817 in
847 3767 917 3841 quo
943 3743 1143 3818 cardinales
1169 3744 1380 3817 conventuri
1404 3751 1520 3834 erant,
1545 3744 1600 3840 qui

275 3869 421 3960 paratus
453 3863 520 3938 luit
548 3867 710 3963 spaleriis
729 3869 866 3942 circum
892 3869 991 3942 circa
1015 3874 1050 3942 et
1072 3867 1252 3966 tapetibus
1282 3867 1442 3964 undique
1471 3875 1601 3943 terram

236 4077 240 4086 Ι
276 3989 396 4061 stratis
411 4013 419 4080 ;
437 3993 472 4063 at
484 3989 626 4063 bancho
642 3991 687 4065 ab
703 3997 806 4066 extra
820 3993 957 4067 dictum
971 3993 1093 4067 locum
1105 3993 1215 4067 etiam
1230 3993 1375 4067 luerunt
1391 3995 1553 4092 spaleriis
1567 3999 1601 4066 et

275 4111 486 4186 bancalibus
516 4121 661 4206 ornate;
694 4141 765 4213 qua
788 4117 890 4190 finita
915 4125 1092 4192 venerunt
1115 4117 1200 4191 illuc
1220 4141 1321 4192 more
1345 4119 1451 4193 solito
1477 4117 1598 4193 numi.

277 4238 352 4310 Du.
375 4237 576 4313 cardinales
595 4263 602 4312 :
618 4241 736 4338 primo
759 4241 1027 4334 Ulixbonensis,
1052 4241 1182 4316 deinde
1207 4244 1507 4334 Rechanatensis,
1529 4251 1600 4318 tum

277 4365 461 4456 Senensis
481 4373 563 4464 post
579 4391 662 4440 eum
686 4370 906 4460 Parmensis,
930 4371 1162 4465 camerarius,
1183 4369 1360 4443 Ascanius
1380 4375 1417 4444 et
1439 4369 1600 4456 Ursinus,

276 4488 383 4561 simul
396 4491 614 4582 successive,
630 4491 746 4567 sancti
760 4493 856 4566 Petri
873 4493 918 4566 ad
928 4493 1095 4585 Vincula,
1113 4493 1381 4590 sanctiAngeli,
1398 4492 1598 4580 leunensis,

275 4611 320 4686 de
336 4614 486 4689 Sabellis
503 4623 539 4690 et
554 4617 731 4692 Columna
746 4623 782 4692 et
795 4617 942 4692 tandem
955 4619 1273 4695 vicecancellarius
1285 4625 1320 4693 et
1335 4619 1599 4716 Neapolitanus,

312 4877 337 4930 Ι.
357 4873 430 4948 ch.
450 4875 638 4950 dl’Appand.,
655 4885 686 4932 n⁰
699 4877 745 4945 38,
759 4877 960 4935 l’interessanta
978 4878 1093 4935 relation
1108 4878 1145 4934 du
1159 4891 1267 4951 voyage
1281 4881 1310 4932 et
1325 4875 1360 4931 de
1379 4874 1406 4931 la
1421 4875 1558 4950 receptior
1571 4872 1601 4928 do

272 4957 342 5018 luen
364 4961 398 5018 de
418 4963 530 5021 Medicis
545 4968 562 5022 a
576 4965 662 5022 Romo
678 4966 711 5022 de
727 4966 825 5023 Petrus
841 4965 1002 5040 Delphinus,
1025 4977 1057 5022 n⁰
1080 4967 1126 5036 40,
1143 4965 1254 5021 atdans
1269 4962 1389 5029 Roseus,
1407 4964 1466 5020 Tire
1480 4965 1533 5035 lise
1546 4961 1602 5016 and

275 5052 457 5124 Pontificum,
473 5059 537 5124 etc,
551 5061 572 5110 t.
586 5055 634 5125 ΙΙΙ,
649 5072 678 5130 p.
694 5054 758 5122 406,
773 5057 892 5130 append.
912 5068 944 5114 n⁰
973 5061 1018 5130 17,
1031 5057 1057 5114 le
1070 5057 1139 5114 recit
1157 5055 1280 5114 succinet
1292 5054 1326 5111 do
1336 5053 1460 5112 l'arrivec
1475 5055 1510 5110 de
1524 5051 1550 5109 J.
1568 5050 1599 5105 dc

272 5139 387 5197 Medicis
401 5139 526 5214 aflome,
539 5143 650 5200 adressa
664 5147 681 5200 a
695 5161 744 5202 son
761 5150 835 5218 pere.
