3578 6032
702 467 913 524 APPENDICE.
1421 469 1476 526 563

143 639 211 684 eam
227 621 322 696 dam,
338 639 399 704 quo
413 631 554 684 uestram
571 621 666 698 pleae
681 618 897 682 bibliothecam
907 621 1127 686 absolm'sscm.
1146 623 1192 684 Ne
1204 623 1327 684 multis.
1343 623 1477 686 Abierat

142 717 280 784 vixdum
312 721 417 794 Picus,
446 737 519 784 cum
545 718 762 782 Ferrariensis
788 720 1017 802 Hieronymus,
1045 720 1186 801 insignis
1214 725 1247 783 et
1278 721 1424 784 doctrina
1445 725 1477 783 et

144 817 362 881 sanctimonia
381 818 440 891 vir,
458 818 677 897 caelestisque
697 817 864 880 doctrinae
883 820 1089 898 praedicator
1107 818 1273 900 egregiae,
1290 819 1477 882 cubiculum

144 915 341 998 ingreditur,
358 916 508 978 hortatur
521 921 557 978 ut
571 915 671 978 iidem
687 919 819 978 teneat:
834 917 888 978 ille
903 935 981 980 vero
994 923 1108 979 tenere
1119 934 1155 979 se
1169 919 1453 982 aitinconcussam
1468 937 1475 980 :

142 1019 295 1093 utquam
312 1013 580 1076 emendatissime
597 1015 734 1092 posthac
744 1013 855 1076 viuere
871 1015 1035 1092 destinet;
1052 1015 1175 1101 scilicet
1187 1015 1345 1079 iacturum
1358 1017 1478 1079 obnixe

144 1111 317 1191 respondit
334 1131 341 1172 :
357 1119 395 1174 ut
409 1116 550 1174 mortem
565 1111 719 1190 denique,
738 1111 765 1173 si
778 1128 915 1174 necesse
931 1113 983 1189 sit,
999 1129 1105 1192 aequo
1116 1114 1225 1176 animo
1238 1113 1384 1189 tolleret;
1398 1114 1478 1176 1111111

144 1227 236 1283 vero,
260 1210 366 1289 inquit
384 1210 451 1284 ille,
475 1209 663 1284 iucundius,
685 1209 848 1288 siquidem
871 1211 915 1272 ita
938 1213 1006 1274 Deo
1027 1210 1195 1273 decretum
1216 1212 1268 1274 sit.
1296 1210 1480 1274 ltecedebat

145 1308 245 1369 homo
261 1309 338 1383 iam,
364 1324 439 1370 cum
464 1308 657 1370 Laurentius
683 1326 690 1368 :
713 1310 810 1381 lieus,
827 1307 944 1387 inquit,
969 1309 1231 1372 benedictionem
1250 1313 1354 1388 pater,
1371 1308 1480 1388 prius·

147 1421 249 1484 quam
271 1405 402 1468 anobis
418 1405 646 1484 proficiscaris.
663 1406 768 1467 Simul
783 1406 927 1468 demisso
941 1408 1046 1486 capito
1061 1406 1232 1485 vultuque,
1248 1411 1280 1468 et
1295 1407 1329 1467 111
1346 1421 1479 1468 omnem

146 1505 222 1583 piae
234 1503 404 1583 religionis
419 1503 598 1584 imaginem
614 1503 787 1580 formatus,
805 1503 947 1568 subinde
960 1505 1002 1568 ad
1014 1506 1113 1568 verba
1127 1504 1215 1566 illius
1230 1508 1263 1566 et
1278 1521 1403 1583 preces,
1417 1504 1479 1566 rite

149 1619 188 1665 ac
217 1603 409 1664 memoriter
431 1603 692 1681 responsitabat‚
725 1618 767 1664 ne
796 1603 962 1666 tantillum
986 1601 1120 1683 quidem
1141 1601 1353 1666 familiarium
1375 1602 1477 1678 luctu,

147 1703 263 1779 aperto
277 1700 355 1775 iam,
371 1716 491 1779 neque,
506 1717 542 1762 se
554 1700 690 1762 ulterius
706 1701 948 1777 dissimulante,
965 1708 1150 1766 commotus
1164 1701 1219 1784 (1).
1233 1704 1365 1766 Diceres
1379 1702 1479 1765 indic·

149 1803 218 1860 tam
231 1797 359 1873 ceteris,
376 1815 443 1860 uno
459 1802 595 1878 excepto
611 1799 797 1876 Laurentio,
812 1806 963 1864 mortem.
978 1802 1028 1863 Sic
1040 1802 1162 1864 scilicet
1173 1817 1259 1863 unus
1273 1818 1312 1864 ex
1325 1801 1479 1864 omnibus

149 1895 222 1975 ipse
236 1895 362 1958 nullam
378 1896 513 1972 doloriS,
529 1897 655 1960 nullam
670 1898 940 1976 perturbationis
958 1899 1084 1962 nullam
1104 1901 1255 1961 tristitiae
1269 1897 1480 1980 significatio·

73 1989 76 1995 '
149 2011 225 2056 nem
242 1993 354 2068 dabat,
368 1997 631 2074 eonsuetnmque
655 1995 755 2056 animi
773 1997 932 2078 vigorem,
950 1999 1179 2074 constantiam,
1198 1998 1478 2077 aequabilitatem,

150 2091 1480 2175 magnitudinem,adextremumusqnespiritumprodncebat.instabantmedici

151 2190 259 2254 adhuc
274 2195 398 2264 tamen,
415 2195 447 2253 et
461 2207 503 2253 ne
521 2191 601 2252 1111111
615 2208 714 2272 agere
731 2191 932 2270 viderentur,
949 2191 1189 2257 officiosissime
1204 2193 1371 2256 hominem
1386 2211 1481 2257 vexa-

149 2291 242 2367 bant,
256 2292 337 2354 nihii
351 2291 406 2354 ille
418 2295 529 2354 tamen
548 2293 730 2371 aspernari,
751 2291 832 2352 nihil
855 2291 1037 2368 aduersari,
1063 2292 1152 2371 quod
1168 2291 1213 2354 illi
1229 2292 1327 2355 modo
1343 2291 1483 2354 obtulis-

153 2395 239 2468 sent,
257 2406 322 2453 non
336 2391 471 2470 quidem
484 2391 641 2470 quoniam
657 2407 716 2470 spe
730 2389 816 2452 vitae
831 2388 1031 2451 blandientis
1042 2389 1236 2464 illeceretur,
1254 2389 1313 2452 sed
1326 2407 1369 2453 ne
1382 2407 1482 2469 quem

150 2487 233 2551 forte
258 2489 414 2568 moriens,
431 2489 483 2552 vel
496 2489 666 2552 lenissime
687 2489 934 2566 perstringeret.
955 2485 1110 2566 Adeoque
1128 2485 1221 2549 fortis
1241 2485 1284 2548 ad
1298 2491 1482 2550 extremum

150 2588 305 2666 perstitit,
322 2591 358 2649 ut
373 2586 414 2649 de
426 2603 487 2650 sua
502 2603 634 2666 quoque
649 2585 755 2666 ipsius
771 2588 876 2646 morte
895 2583 1046 2646 nonnihil
1061 2583 1281 2660 cauillaretur,
1299 2584 1394 2648 sicuti
1407 2601 1483 2647 cum

152 2685 332 2766 porrigenti
357 2683 488 2747 cuidam
509 2683 630 2758 cibum,
650 2685 846 2764 rogantique
865 2699 943 2745 mox
960 2699 1059 2762 quam
1082 2683 1271 2762 placuisset,
1292 2683 1481 2764 respondit3

152 2799 251 2859 quara
265 2783 341 2845 solet
356 2782 516 2844 morienti.
532 2783 610 2844 Post
623 2781 656 2844 id
671 2781 791 2844 blande
814 2779 965 2862 singulos
984 2779 1203 2858 amplexatae,
1220 2780 1389 2860 petitaque
1405 2797 1483 2858 sup·

151 2881 279 2960 pliciter
290 2881 396 2956 venia,
414 2880 442 2942 si
458 2879 509 2942 cui
522 2880 655 2960 gravior
669 2878 763 2954 forte,
786 2879 813 2940 si
833 2878 1003 2940 molestior
1016 2877 1122 2941 morbi
1138 2879 1215 2941 vitio
1231 2877 1359 2954 fuisset,
1376 2883 1482 2941 totum

151 2994 188 3040 se
203 2983 279 3056 post
293 2977 347 3040 illa
361 2977 565 3057 perunctioni
582 2994 744 3054 summae,
761 2977 1042 3057 demigrantisque
1054 2975 1185 3041 animae
1205 2976 1482 3039 commendationi

152 3074 287 3138 dedidit.
309 3075 447 3137 ltecitari
464 3072 540 3136 dein
559 3075 748 3156 euangelica
767 3075 901 3138 lristoria
918 3079 1032 3152 coepta
1048 3079 1109 3148 est,
1127 3091 1192 3154 qua
1209 3075 1330 3137 seilicet
1346 3074 1481 3154 irrogati

155 3173 283 3236 Christo
298 3176 461 3236 cruciatus
476 3173 691 3250 explicantur,
708 3173 802 3234 cuius
818 3173 873 3235 ille
888 3189 1068 3254 agnoscere
1085 3189 1121 3235 se
1135 3173 1237 3236 verba
1252 3177 1284 3235 et
1300 3171 1482 3234 sententias

150 3287 254 3350 prope
277 3288 405 3346 omnes
430 3270 529 3334 modo
553 3270 645 3334 labra
673 3272 792 3334 tacitus
825 3287 978 3346 mouens,
1013 3271 1111 3334 modo
1139 3261 1338 3351 languentes
1368 3269 1480 3332 oculos

151 3373 295 3448 erigens,
311 3369 477 3432 interdum
492 3369 591 3432 etiam
605 3368 782 3449 digitorum
796 3374 896 3450 gestu
912 3367 1129 3450 significabat.
1148 3369 1317 3432 Postremo
1331 3367 1479 3447 sigillum

152 3465 297 3529 crucifixi
311 3471 518 3548 argenteum,
535 3467 722 3548 margaritis
730 3467 939 3548 gemmisque
953 3465 1128 3548 magnifice
1140 3464 1349 3541 adornatum,
1365 3463 1482 3527 defixis

152 3581 396 3645 usquequaque
416 3563 519 3628 oculis
541 3565 686 3636 intuens,
703 3565 950 3646 identidemque
965 3564 1162 3628 deosculans
1183 3561 1355 3641 expirauit.
1372 3563 1427 3624 Vir
1440 3559 1484 3623 ad

153 3662 264 3725 omnia
281 3679 410 3724 summa
426 3667 536 3737 natue,
554 3661 655 3742 etqui
670 3663 805 3725 flantem
822 3663 1060 3742 reflantemque
1073 3662 1170 3724 toties
1183 3661 1360 3736 fortunam,
1377 3675 1484 3740 usque

153 3760 237 3824 adeo
253 3761 296 3822 sit
308 3761 434 3822 alterna
446 3759 663 3824 velificatione
679 3761 881 3834 moderatae,
893 3765 930 3824 ut
942 3762 1074 3824 nescius
1089 3767 1200 3822 utrum
1215 3759 1368 3822 secundis
1382 3757 1484 3822 rebus

155 3860 365 3934 constantior,
380 3877 424 3920 an
437 3858 588 3922 aduersis
601 3860 783 3938 aequiorao
797 3859 1034 3938 temperantior
1044 3859 1243 3938 apparuerit.
1260 3859 1395 3938 ingenio
1405 3873 1483 3920 vero

155 3963 248 4020 tanto
270 3975 307 4020 ac
329 3961 396 4018 tarn
420 3956 506 4018 facili
529 3961 563 4019 et
584 3958 778 4036 perspicaci,
805 3962 840 4018 ut
864 3958 986 4036 quibus
1012 3959 1045 4018 in
1078 3957 1216 4037 siugulis
1247 3955 1406 4017 excellere
1430 3953 1484 4016 alii

156 4073 316 4137 magnum
332 4060 458 4134 putant,
475 4055 530 4118 ilie
543 4056 710 4118 uniuersis
733 4055 853 4134 pariter
872 4056 1045 4117 emineret.
1068 4057 1149 4118 Nam
1169 4054 1378 4134 probitatem,
1395 4052 1488 4114 iusti-

154 4155 247 4230 tiam,
264 4152 364 4216 fidem
380 4170 477 4215 nemo
496 4153 639 4216 arbitror
654 4154 769 4230 nescit,
787 4154 831 4215 ita
850 4153 912 4215 sibi
934 4151 1096 4214 Laurentii
1112 4152 1246 4215 Medicis
1263 4153 1487 4230 pectusatque

154 4253 315 4326 animum,
329 4253 424 4332 quasi
441 4251 669 4331 gratissimum
684 4250 817 4330 aliquod
833 4249 1046 4325 domicilium,
1063 4250 1292 4328 templumque
1307 4247 1485 4328 delegisse.

155 4355 224 4414 iam
241 4352 390 4426 comitas,
407 4350 609 4424 humanitas,
626 4349 800 4412 affabilitas
815 4353 937 4428 quanta
953 4346 1063 4424 fuerit,
1077 4347 1196 4410 eximia
1211 4345 1354 4428 quadam
1366 4346 1400 4407 in
1411 4361 1488 4407 eum

154 4451 258 4513 totius
282 4451 406 4530 populi,
432 4455 532 4528 atque
552 4449 700 4512 omnium
724 4447 822 4528 plane
845 4447 997 4509 ordinum
1021 4446 1266 4520 beneuolentia,
1288 4443 1484 4506 declaratur.

156 4549 222 4612 Sed
237 4549 325 4612 enim
338 4549 423 4610 inter
443 4549 523 4610 haec
543 4547 664 4624 omnia,
688 4546 869 4640 liberalitas
893 4551 1016 4618 tamen,
1040 4549 1073 4607 et
1092 4542 1334 4624 magnificentia
1351 4541 1484 4622 expien-

159 4647 325 4722 descebat,
343 4663 428 4727 quae
443 4647 535 4708 illum
550 4662 635 4724 pene
651 4645 827 4706 immortali
845 4643 989 4724 quadam
1004 4643 1108 4724 gloria
1128 4641 1171 4705 ad
1190 4644 1276 4704 Deos
1290 4657 1397 4721 usque
1412 4657 1483 4719 pro·

157 4750 305 4807 uexerat.
324 4746 404 4808 Cum
419 4744 549 4806 interim
564 4743 645 4804 1111111
660 4743 714 4804 iile
729 4742 835 4804 lamae
851 4741 1010 4804 duntaxat
1023 4757 1134 4815 causa,
1153 4745 1185 4802 et
1202 4739 1358 4814 nominis,
1375 4737 1485 4800 omnia

186 4997 208 5044 1.
231 4995 283 5046 Sur
297 4995 335 5045 les
350 4993 469 5045 derniers
483 4996 619 5044 momente
631 4991 664 5043 de
679 4991 795 5043 Laurcnt
806 4992 830 5042 ie
844 4989 1005 5057 biagniiique
1019 4993 1046 5040 et
1063 5003 1108 5040 sur
1122 5003 1171 5039 sou
1186 4992 1313 5040 eutrerue
1325 5003 1389 5040 orec
1403 4989 1484 5040 Savo·

159 5073 261 5134 narole,
282 5087 364 5138 noyez
381 5075 510 5138 Pasqunlc
529 5075 678 5134 1111111111
698 5073 787 5124 Storic
805 5071 834 5121 di
859 5069 993 5122 Gir-olomo
1014 5068 1183 5131 Saconurcla,
1204 5070 1319 5132 Firenze,
1340 5071 1443 5134 1861,1.
1464 5071 1483 5132 l,

160 5154 241 5218 chop.
252 5169 287 5216 rx,
304 5170 330 5220 p.
345 5157 399 5215 tas,
410 5160 435 5208 et
449 5155 474 5204 la
484 5159 546 5206 note
557 5155 589 5206 de
602 5154 627 5204 111
637 5168 703 5220 pinge
717 5156 760 5204 itt
775 5153 811 5204 du
826 5151 913 5202 menie
923 5165 1048 5217 ouvrage.
