3578 6032
154 433 158 442 ·
284 423 336 478 538
840 413 1053 474 APPENDICE.

285 589 370 653 pene
383 561 529 635 rescitur
545 590 552 632 :
568 584 654 648 equa
667 567 744 630 usui
757 573 809 640 est
826 567 859 630 in
871 573 963 648 polu,
980 585 1093 635 sacaro
1108 569 1212 636 indito
1227 570 1317 652 quod
1331 573 1489 651 paulatim
1502 575 1612 654 lique·

284 670 331 735 fit.
346 670 472 744 Calore,
488 669 600 750 algore
615 662 790 747 inediaque
806 665 1129 747 impacientissimus.
1150 669 1282 734 Aiiutim
1296 670 1407 745 sudat,
1422 671 1614 753 fleruntquc

284 777 363 834 tunc
377 787 396 832 a
408 769 516 831 fronte
527 773 559 830 et
572 767 668 848 genis
682 763 812 828 sudoris
822 769 916 845 gutte
926 767 1163 844 copiosissime.
1176 769 1275 830 Veste
1286 767 1413 848 gaudet
1427 769 1611 834 illustriori.

283 865 432 929 Thermis
447 863 640 952 balneisque
653 861 798 925 assiduis
812 863 916 926 utitur
929 881 937 925 :
952 862 1063 927 leuato
1083 865 1115 926 in
1134 865 1272 928 thermis
1281 881 1430 945 corpore,
1445 867 1581 930 demum
1595 885 1616 930 s

283 964 393 1046 gelide
416 979 503 1042 aqua
525 959 748 1041 pertunditur;
773 960 974 1041 natendique
998 967 1104 1025 artem
1120 963 1235 1037 callet;
1257 963 1405 1043 quotidie
1428 981 1561 1045 quoque
1576 965 1614 1030 ln

284 1062 424 1142 pelagus
440 1075 514 1123 sese
532 1057 706 1139 mergebat
726 1063 769 1132 et,
793 1058 959 1121 stantibus
972 1061 1109 1136 cunctis,
1132 1061 1357 1125 inuerecunde
1376 1062 1524 1126 natabat.
1541 1063 1613 1128 Cir·

282 1163 487 1222 cumstantes
502 1157 604 1220 oculis
618 1158 750 1232 lustrat,
773 1156 923 1218 subtritis
947 1162 979 1220 et
1005 1159 1248 1239 cogitabundus
1269 1177 1401 1240 semper
1414 1160 1556 1224 videtur.
1580 1163 1616 1226 Si

282 1257 389 1320 leticie
403 1256 521 1319 indicis
535 1255 637 1330 dedit,
651 1255 696 1331 id,
720 1259 873 1333 presente
896 1255 1068 1336 magistro,
1091 1257 1235 1320 maximo
1258 1258 1373 1322 effecit.
1391 1259 1614 1341 Religiosissi-

282 1373 358 1419 mus
372 1357 406 1418 iu
421 1355 665 1417 mahumeteam
685 1354 794 1434 legem
818 1354 912 1416 cuius
931 1355 1037 1417 cultor
1058 1355 1375 1420 obseruantissimus
1388 1364 1449 1422 est.
1465 1359 1498 1422 Si
1511 1373 1616 1439 quem

284 1472 324 1516 ex
339 1455 409 1516 suis
422 1453 499 1515 vino
518 1451 708 1515 medentem
722 1453 940 1531 conspexerit,
961 1454 996 1515 in
1011 1470 1087 1516 eum
1099 1452 1300 1518 furibundus
1315 1455 1420 1519 irruit.
1443 1456 1615 1520 instabilis

285 1557 337 1614 est
361 1551 445 1615 adeo
474 1555 510 1613 ut
535 1551 606 1614 loco
631 1549 747 1612 eodem
770 1567 806 1613 se
830 1551 887 1615 diu
906 1553 1074 1616 continere
1097 1569 1165 1616 non
1189 1554 1323 1633 possit:
1344 1554 1452 1617 odiam
1475 1555 1617 1618 cellulas

284 1667 400 1713 omnes
419 1649 575 1712 lustrsuit
593 1653 630 1710 ut
649 1649 804 1724 cubaret;
827 1665 888 1712 nec
914 1651 1089 1714 domorum
1112 1652 1317 1731 superiorem
1342 1653 1517 1732 planiciem
1537 1670 1617 1718 con·

284 1749 428 1827 tempsit.
446 1747 621 1824 Quinnimo
636 1744 734 1808 cubili
750 1749 864 1824 parato
882 1751 1018 1808 :noctes
1039 1745 1165 1824 aliquot
1188 1745 1252 1808 illic
1273 1762 1427 1810 somnum
1438 1747 1482 1810 ad
1495 1765 1614 1813 aurem

285 1847 381 1926 cepit.
398 1847 602 1908 Thurcorum
614 1845 727 1926 lingua
749 1843 987 1924 peritissimus;
1004 1845 1175 1926 ingenium
1193 1845 1236 1908 ab
1251 1845 1387 1909 ineunte
1406 1851 1493 1910 etate
1507 1847 1614 1911 literis

285 1944 452 2025 applicuit,
467 1945 511 2006 ita
525 1949 561 2006 ut
575 1948 670 2024 gesta
686 1943 829 2006 scribere
843 1959 911 2006 non
925 1943 1074 2024 ignoret;
1090 1945 1155 2006 Res
1169 1959 1303 2023 quoque
1317 1945 1477 2025 genitoris
1490 1947 1616 2025 umgni·

285 2041 345 2106 flce
357 2047 470 2122 gestas
483 2042 587 2104 literis
600 2041 780 2104 mandauit.
805 2042 941 2103 Matrem
964 2041 1075 2104 inclita
1094 2057 1211 2123 regum
1224 2042 1334 2104 seruis
1349 2041 1470 2107 familie
1485 2051 1614 2123 natam,

286 2141 438 2220 duosque
450 2140 572 2203 liberos
595 2156 723 2202 marem
735 2144 768 2202 et
779 2137 937 2204 sentinam
951 2140 1072 2204 tenelle
1084 2140 1182 2202 elatis
1196 2140 1286 2222 apud
1296 2157 1407 2206 carras
1419 2143 1563 2227 reliquit.

289 2407 300 2438 ι
322 2379 482 2444 Guillelmr'
494 2381 653 2442 Coorlrsin
666 2380 858 2443 Rhodiorum
881 2380 1132 2444 vicecancellarii
1145 2379 1184 2442 de
1196 2377 1392 2442 celeberrimo
1405 2381 1613 2462 soedcrccum
1734 2402 1739 2413 ·

317 2478 497 2542 thurcorum
508 2477 589 2558 Repe
600 2479 755 2556 Bopyozit
766 2495 827 2558 per
837 2476 976 2540 Rhodios
987 2479 1078 2556 irrito,
1095 2477 1353 2542 commentantem
1363 2476 1430 2560 lege
1440 2479 1587 2562 feliciter.

337 2675 348 2707 ι
368 2649 518 2714 Grandes
536 2651 691 2724 iacturas,
703 2649 820 2714 Clades
838 2654 938 2730 atque
952 2649 1152 2730 ignominias
1174 2647 1340 2731 (religioni
1358 2651 1494 2730 quidem
1513 2653 1617 2716 chris·

289 2751 378 2812 tiene
406 2769 414 2811 ε
439 2752 553 2812 nostre
581 2753 668 2812 etate
689 2754 887 2829 patrumque
903 2751 1092 2811 nostrorum
1115 2748 1290 2828 memoria)
1313 2749 1504 2812 thurcorum
1531 2767 1617 2832 gens

289 2847 403 2924 fetida,
416 2852 511 2910 atrox
525 2847 768 2927 nephandaque
786 2847 905 2910 attulit.
928 2845 1016 2918 Ques
1032 2847 1067 2908 in
1087 2847 1254 2927 presentie
1277 2853 1426 2926 repetere
1449 2849 1484 2910 in
1504 2851 1617 2913 animo

288 2963 355 3010 non
369 2950 430 3009 est.
442 2947 507 3010 Nec
522 2946 609 3008 enim
625 2946 754 3009 dicendi
765 2944 903 3028 facultas
916 2961 976 3006 nec
988 2945 1112 3026 ingenii
1125 2945 1175 3007 vis
1186 2945 1343 3024 suppetit,
1359 2951 1396 3008 ut
1410 2946 1515 3010 latum
1529 2947 1617 3011 hunc

288 3044 452 3108 scribendi
477 3061 629 3124 campum
647 3043 783 3106 introire
805 3042 924 3106 ausim.
941 3043 1023 3106 Sunt
1040 3042 1127 3106 enim
1151 3043 1358 3123 percelebres
1379 3043 1440 3106 viri
1462 3045 1522 3126 qni
1536 3045 1615 3127 (non

288 3142 435 3222 ambigo)
455 3159 494 3205 ea
517 3142 707 3220 peroribunt
729 3145 762 3204 et
785 3140 904 3203 melius
928 3140 1024 3203 etatis
1047 3145 1159 3203 nostre
1179 3145 1276 3221 gesta
1300 3141 1481 3221 perspicaci
1503 3151 1616 3209 mente

287 3245 418 3303 norunt.
436 3241 643 3320 Propositum
656 3245 707 3304 est
719 3239 813 3304 breui
827 3239 960 3320 quidam
977 3255 1129 3301 sermone
1142 3238 1260 3302 docere
1269 3236 1411 3302 foederis
1425 3239 1616 3305 rhodiorum

289 3355 364 3400 cum
384 3339 540 3420 Bagyezit
563 3337 813 3420 (othumennlde
832 3340 1021 3401 thurcorum
1040 3335 1199 3417 principe)
1221 3353 1328 3417 nuper
1348 3339 1499 3418 percussi
1528 3339 1614 3404 cele·

290 3437 444 3501 britatem
459 3441 491 3500 et
506 3453 623 3501 causas
637 3438 810 3518 explicare.

572 3686 585 3718 ι
608 3663 709 3722 Caere
730 3659 787 3742 (ad
800 3679 912 3739 pacem
926 3659 1112 3743 ineundam)
1121 3663 1332 3741 explicantur.

331 3859 343 3891 ι
369 3832 527 3916 Bagyazit
553 3831 641 3895 enim
666 3833 801 3894 orbatus
815 3836 907 3910 patre
929 3831 1131 3911 principatus
1143 3831 1369 3913 gubernacula
1388 3831 1451 3894 sihi
1466 3830 1618 3896 vendicet

289 3947 554 4014 germanumque
569 3946 643 3992 curu
655 3945 694 3992 eo
710 3929 751 3992 de
762 3946 865 4010 regno
876 3928 1129 3993 contendentem
1143 3933 1287 4010 Zyzymy
1299 3945 1412 4010 regem
1423 3930 1494 3993 ssia
1509 3945 1617 3993 srmo-

292 4047 367 4096 rum
390 4031 421 4094 vl
442 4029 577 4108 expulit.
601 4027 663 4107 Qui
686 4029 824 4090 extorris
838 4027 881 4090 ed
900 4027 1034 4091 rhodios
1056 4026 1214 4109 confugit,
1233 4026 1515 4107 quemadmodum
1534 4043 1618 4091 com·

292 4129 453 4195 menterio
465 4127 552 4192 edito
567 4126 666 4190 latius
680 4127 885 4189 describitur.
900 4129 986 4190 Dum
996 4127 1252 4190 otbnmannides
1266 4126 1417 4207 germani
1425 4124 1468 4188 de
1481 4125 1619 4206 irnperio

292 4230 506 4300 contendunt,
532 4229 726 4306 occasioque
750 4231 995 4305 peropportuna
1020 4225 1214 4287 christicolis
1236 4225 1375 4288 iniurias
1398 4221 1617 4288 ulciscendis

293 4329 401 4393 divina
422 4327 597 4390 clemencia
620 4326 727 4401 datur,
749 4340 810 4402 pro
832 4329 869 4386 ut
888 4324 922 4385 in
943 4323 1151 4386 oracluncula
1177 4323 1218 4386 de
1239 4329 1347 4387 morte
1368 4322 1473 4386 thurci
1494 4321 1618 4398 habite,

292 4427 511 4490 exclamatum
527 4431 588 4488 est.
603 4426 691 4488 Gens
704 4423 837 4502 quidem
850 4422 1024 4485 christiana
1038 4421 1151 4484 oculos
1161 4421 1283 4484 mentis
1292 4421 1469 4484 effectuum
1480 4421 1620 4501 caligine

293 4525 452 4589 obductos
472 4523 562 4586 haud
589 4523 753 4602 aperiens,
776 4521 922 4584 oblatam
950 4521 1208 4600 oportunitatem
1241 4520 1398 4600 explodit,
1424 4526 1458 4584 at
1480 4521 1622 4600 quisque

292 4624 430 4705 priuatis
447 4622 548 4686 rebus
569 4621 720 4686 intendit.
745 4619 863 4684 Christi
884 4619 1029 4699 prolecto
1051 4620 1190 4700 sanguis
1208 4619 1243 4683 in
1259 4620 1512 4682 christianorum
1532 4634 1622 4682 men·

292 4724 382 4787 tibus
399 4721 573 4786 sarmatico
596 4721 679 4784 mari
700 4723 751 4784 est
775 4717 915 4800 gelidior
933 4737 941 4780 :
957 4723 989 4782 et
1015 4720 1072 4798 qui
1093 4717 1271 4782 ferventior
1285 4735 1361 4782 esse
1379 4717 1496 4782 debuit
1509 4719 1622 4799 algore

294 4823 433 4902 glaciem
445 4829 623 4899 superante
633 4817 729 4898 riget.
744 4819 813 4880 Heu
823 4817 1002 4897 prohdolor
1019 4837 1026 4880 :
1043 4816 1122 4880 dum
1134 4817 1277 4880 maxime
1302 4816 1362 4880 zeli
1387 4816 1487 4880 ardor
1501 4817 1623 4896 potitur

294 4924 374 4981 tunc
394 4917 520 4980 ebetior
543 4915 690 4980 efficitur.
719 4917 856 4996 Sapiens
879 4915 1022 4996 prolecto
1041 4931 1080 4978 ac
1104 4915 1199 4979 diues
1226 4915 1327 4997 ytalia
1347 4916 1512 4979 intestinis
1540 4912 1623 4978 odiis

297 5017 436 5096 flagret:
453 5020 637 5095 mutuoque
660 5033 816 5078 mucrone
840 5033 915 5078 sese
945 5008 1088 5078 confodit
1110 5015 1211 5078 armis
1235 5019 1354 5094 potens
1377 5013 1498 5076 nobilis
1524 5012 1620 5093 gallie

302 5113 476 5193 pestilente
491 5113 598 5176 sidere
612 5131 809 5193 annoneque
824 5113 962 5194 penuria
982 5119 1121 5178 vexatur
1137 5131 1144 5176 ε
1162 5119 1195 5177 et
1210 5112 1326 5194 helgas
1340 5111 1506 5194 gallorum
1517 5111 1622 5175 fortis
