3436 6038
69 457 212 523 [Decembre
228 457 298 522 1185]
386 453 513 512 RERUM
539 453 768 512 URBANARUM
792 453 1056 513 commentante
1338 467 1390 524 169

109 611 208 688 Feria
231 616 346 702 sexta,
363 616 384 684 9
401 607 536 684 mensis
551 607 755 682 decembris
779 607 845 680 luit
868 607 1053 706 publicum
1075 611 1328 688 consistorium
1349 617 1384 692 in

66 741 173 836 prime
199 737 282 810 aula
303 734 425 834 palatii
454 732 641 832 apostolici
671 733 768 830 apud
789 758 819 806 s.
845 737 1004 826 Petrum,
1032 733 1164 831 inquo
1189 741 1232 810 D.
1261 743 1388 815 Petrus

65 885 172 962 nepos
190 859 422 936 illustrissimi
438 857 656 954 Portugallic
677 858 787 954 regis,
809 857 984 956 magister
1003 859 1138 934 ordinis
1159 885 1188 934 s.
1205 864 1329 938 tacobi
1345 867 1389 942 de

65 993 229 1087 Spalaei
243 985 390 1084 quidam
414 985 507 1060 alius
528 983 670 1080 collega
689 1007 775 1058 suus
795 989 957 1058 oratores
973 983 1137 1082 ejusdem
1150 987 1245 1084 regis
1261 991 1325 1062 SS.
1346 994 1394 1066 D:

65 1121 102 1190 t.
120 1113 351 1212 prestiterunt
374 1109 618 1184 obedientiam
649 1109 808 1182 debitam
833 1115 869 1184 et
893 1096 1119 1202 consuetam,
1147 1121 1182 1186 et
1206 1113 1242 1186 in
1262 1115 1394 1190 eodem·

65 1239 201 1338 publico
224 1235 440 1313 consistorio
464 1235 617 1334 petitum
643 1233 890 1326 ctohtentum
920 1233 987 1309 luit
1014 1237 1161 1334 pallium
1185 1263 1250 1336 pro
1275 1241 1393 1316 eleeto

67 1361 232 1461 {spalensi
259 1386 268 1436 :
294 1359 333 1432 in
357 1357 453 1432 dieto
486 1357 701 1432 consistorio
728 1381 802 1430 non
825 1355 986 1432 interluit
1010 1359 1138 1457 aliquis
1162 1361 1392 1440 dominorum

65 1488 389 1586 protonotariorum
415 1491 524 1584 Papa,
556 1509 711 1584 quorum
734 1492 883 1583 propter
901 1484 1101 1560 absentiam
1125 1487 1207 1561 dedi
1233 1487 1392 1564 fimbrias

65 1613 277 1712 auriphrygii
305 1615 399 1710 Papa
424 1617 466 1686 D.
494 1612 645 1705 Sinolio,
668 1633 812 1686 camere
833 1610 1030 1709 apostolice
1053 1610 1186 1687 clerico
1205 1637 1213 1686 :
1232 1637 1293 1686 eas
1319 1621 1391 1690 tam

65 1741 107 1812 ad
130 1741 381 1815 consistorium
408 1739 583 1814 veniendo
608 1761 716 1836 quern
740 1737 823 1811 inde
844 1739 888 1810 ad
912 1759 1095 1813 cameram
1116 1735 1393 1835 redeundopor-

67 1867 158 1940 tavit.

112 1992 296 2066 [lominica
315 1990 425 2066 tertia
448 1990 637 2082 aduentus,
663 1989 821 2064 Gaudete
844 1996 1063 2088 nuncupata,
1084 1995 1122 2063 ll
1147 1991 1233 2066 dicti
1252 1991 1391 2068 mensis

68 2115 275 2208 decembris
308 2119 433 2190 limus.
463 2119 505 2190 l).
533 2115 724 2190 cardinalis
749 2139 778 2190 s.
802 2115 996 2190 Clementis
1023 2114 1216 2190 celebravit
1239 2117 1388 2192 missam

68 2241 239 2338 publicam
256 2241 294 2314 in
318 2242 457 2340 capella
481 2218 703 2340 supradicte,
726 2246 821 2340 Papo
841 2247 1023 2338 presente,
1041 2239 1086 2314 de
1102 2243 1206 2338 cujus
1222 2243 1392 2316 mandale

69 2365 144 2440 dedi
157 2367 276 2442 locum
293 2366 501 2464 supradicto
516 2370 559 2440 ll.
578 2370 698 2458 Petro,
717 2365 851 2440 oratori
865 2371 900 2440 et
915 2365 1038 2462 nepoti
1050 2364 1146 2461 regis
1157 2367 1390 2464 Portugallie,

71 2493 315 2566 nonobstante
340 2491 438 2588 quod
461 2491 650 2594 religiosus
675 2501 785 2582 esset,
812 2493 848 2565 in
874 2491 1048 2589 superiori
1070 2492 1184 2590 gradu
1202 2492 1279 2574 solii
1297 2496 1394 2590 Papo

72 2639 172 2714 snpra
189 2617 341 2693 tratrem·
359 2621 470 2715 Papo,
497 2623 533 2691 et
557 2617 631 2690 filio
655 2641 698 2692 ec
721 2617 845 2715 generi
867 2617 1020 2692 oratoris
1045 2617 1208 2715 ejusdem
1228 2641 1273 2693 ex
1286 2617 1391 2690 simili

72 2742 229 2818 mandato
249 2742 332 2816 dedi
349 2741 471 2817 locum
487 2743 524 2816 in
545 2742 706 2817 inferiori
723 2742 836 2840 gradu
852 2743 931 2816 solii
948 2743 1125 2840 ejusdem.
1149 2744 1296 2816 iuterim
1312 2765 1392 2817 oar-

73 2865 190 2942 diuslis
212 2867 401 2943 celebrans
422 2875 506 2942 ante
529 2868 684 2966 primam
705 2869 905 2944 orationem
920 2867 1008 2942 dixit
1027 2895 1033 2940 :
1055 2869 1141 2941 Pac
1155 2869 1262 2958 vobis,
1279 2868 1387 2942 loco:

73 2989 230 3065 dominos
254 2993 448 3084 vobiscum,
475 3017 521 3066 ex
539 2992 702 3070 fatuitate
726 2994 902 3067 lobannis
926 2993 1059 3083 Marie,
1078 2991 1164 3064 socii
1178 2993 1248 3066 mei
1268 3021 1275 3066 :
1295 2993 1392 3066 idem

75 3115 173 3188 etiem
200 3115 374 3213 superiori
398 3140 494 3191 anno
517 3140 583 3215 per
604 3139 765 3190 errorem
789 3115 931 3190 eccidit.
958 3113 1038 3187 Alia
1056 3117 1179 3190 omnia
1202 3114 1391 3188 observata

77 3239 209 3314 luerunt
224 3263 330 3316 more
353 3242 471 3316 solito.
498 3245 711 3316 Sermonem
739 3241 824 3315 iecit
847 3247 1060 3339 procurator
1082 3241 1217 3315 ordinis
1238 3239 1390 3313 fratrum

74 3364 322 3440 heremitarum
338 3391 369 3440 s.
383 3366 589 3464 Augustini.

119 3491 215 3566 Faria
228 3492 367 3588 quinta,
387 3499 430 3566 15
451 3493 535 3566 dicti
552 3493 689 3566 mensis
704 3493 921 3586 decembris,
941 3499 1054 3570 Rome
1069 3495 1105 3568 in
1120 3494 1275 3570 ecclesia
1288 3495 1393 3570 beate

75 3617 173 3690 llario
187 3617 231 3690 de
248 3618 398 3716 Populo,
425 3618 550 3711 habite
574 3626 657 3693 sunt
680 3618 830 3714 exequie
852 3619 947 3694 bone
963 3621 1195 3694 memorial).
1217 3620 1394 3694 Leonardi

76 3741 323 3840 archiepiscopi
339 3744 597 3835 Beneuentani,
617 3747 681 3820 SS.
704 3750 746 3819 D.
765 3747 808 3817 N.
827 3768 919 3842 pape
936 3746 1132 3820 secretarii.
1149 3746 1295 3820 Missam
1316 3768 1395 3821 rna⁴

74 3865 177 3959 jerem
192 3867 385 3942 celebravit
400 3873 441 3942 R.
462 3872 501 3942 P.
522 3873 565 3944 [1.
583 3869 741 3943 Thomas
757 3869 949 3967 episcopus
965 3870 1153 3944 Exineusis
1169 3871 1232 3961 (l).
1252 3873 1398 3944 Sermo·

78 4013 149 4066 nem
172 3993 255 4069 iecit
280 3993 500 4091 Pomponius
532 3994 568 4066 iu
593 3999 688 4068 veste
710 4017 775 4066 sua
798 3994 1018 4090 quotidiana,
1045 3995 1132 4091 quia
1155 4017 1270 4092 cappe
1293 4017 1394 4068 more

78 4118 200 4213 capelle
214 4125 337 4194 nostre
362 4120 411 4192 uti
436 4119 550 4192 uoluit
570 4147 577 4192 :
596 4141 667 4215 qno
688 4119 802 4210 finite,
821 4141 991 4195 unacum
1007 4119 1212 4194 celebrante
1232 4118 1397 4194 absolve·

81 4249 150 4314 runt
173 4247 242 4318 RR.
272 4247 341 4316 PP.
370 4243 554 4340 Philippus
579 4243 870 4342 archiepiscopus
894 4245 1154 4336 antibarensis,
1182 4243 1389 4318 Leonardus

78 4363 364 4463 tibengaueusis,
385 4371 544 4441 loannes
557 4368 825 4465 Stronguleusis
842 4375 877 4442 et
894 4370 1064 4444 Silvester
1078 4369 1279 4467 Glugiensis
1295 4369 1391 4466 epis-

81 4493 162 4588 copi.
176 4492 422 4568 lnterluerunt
437 4493 646 4589 hujusmodi
662 4493 785 4568 oificio
806 4495 930 4568 thmi.
950 4498 1023 4568 oo.
1043 4519 1072 4567 s.
1087 4493 1211 4583 Marci,
1229 4491 1394 4588 andega-

83 4619 187 4694 rensis
221 4625 258 4692 et
293 4617 547 4693 Ulixbonensis
588 4619 790 4694 cardinales
819 4627 855 4692 et
890 4619 1024 4694 familie
1053 4621 1117 4694 SS.
1148 4623 1190 4692 Ι).
1222 4622 1265 4696 Ν.
1300 4622 1395 4716 Papo

78 4765 112 4816 ac
126 4743 274 4818 aliorum
289 4741 539 4832 cardinalium,
551 4749 587 4818 et
603 4743 755 4818 curiales
771 4744 807 4816 iu
821 4767 973 4820 numero
986 4744 1133 4841 copioso
1148 4768 1155 4834 ;
1170 4743 1394 4816 funestorum

81 4869 210 4966 triginta
229 4869 286 4944 vel
316 4869 416 4942 circa
443 4893 598 4966 quorum
627 4869 765 4966 primus
788 4875 864 4944 erat
887 4873 1044 4943 loannes
1070 4869 1230 4966 Baptista
1257 4869 1387 4960 GriiuS,

109 5057 131 5112 l.
150 5077 163 5106 o
174 5056 290 5114 Thomas
305 5055 424 5114 isilcrius
439 5055 516 5125 ciris,
534 5055 680 5130 episcopus
699 5055 823 5113 AEsinns.
838 5077 852 5109 s
868 5055 950 5130 (Voy.
973 5053 1090 5130 Ughelli,
1107 5059 1127 5113 l.
1143 5053 1163 5127 l,
1180 5058 1231 5112 col.
1246 5055 1322 5124 283.)
1343 5053 1394 5112 lesi

81 5159 109 5206 tu
122 5145 199 5216 bissi,
215 5149 285 5205 dans
301 5147 328 5203 la
343 5145 619 5206 horchadensem.
1328 5147 1331 5156 “
