3424 6038
78 493 212 564 [DutDD
388 491 514 548 RERUM
540 487 769 547 UDBANAHUM
793 487 1057 547 COMMENTADH.
1340 495 1394 553 309

76 653 129 725 SS.
147 652 187 721 D.
205 651 262 735 N.‚
279 650 425 743 paratus
440 667 541 718 more
558 643 678 732 solito,
696 641 795 715 venit
817 641 862 715 ad
881 640 1057 737 capellam
1074 644 1250 739 majorem
1270 645 1392 740 palatii

75 781 103 847 et
116 771 195 846 lecit
210 769 371 845 officium
385 775 492 868 prout
508 776 564 842 est
579 775 807 842 consuetum.
922 791 925 798 ·

115 897 212 972 Faria
226 895 363 994 quinta,
388 901 430 969 15
454 893 590 968 mensis
615 893 714 982 maii,
739 893 871 966 festum
893 892 1118 966 ascensionis
1141 895 1299 986 Domini,
1325 899 1388 970 SS.

75 1028 110 1096 D.
126 1025 165 1095 N.
182 1026 325 1118 paratus
343 1026 380 1093 ut
396 1019 505 1093 moris
517 1027 585 1101 est,
600 1018 695 1091 veuit
709 1018 753 1090 ad
764 1016 949 1091 basilicam
962 1017 1134 1114 principis
1146 1021 1391 1115 apostolorum

74 1144 123 1216 ubi
147 1167 227 1216 cum
254 1141 496 1215 cardinalibus
530 1140 640 1213 misse
677 1139 831 1214 solemni
861 1139 1035 1229 interluit,
1062 1163 1170 1236 quam
1198 1143 1392 1218 celebravit

75 1273 186 1340 Rmus.
205 1271 247 1340 D.
266 1267 458 1342 cardinalis
479 1291 508 1339 s.
535 1265 730 1339 Clementis
749 1265 785 1336 in
808 1264 1029 1360 paramentis
1050 1265 1154 1338 albis.
1178 1269 1391 1342 Sermonem

72 1394 144 1466 lecit
156 1393 396 1492 Hieronymus
410 1390 658 1488 Traguriensis
675 1387 720 1487 (l)
739 1389 830 1462 Rmi.
847 1391 886 1462 D.
900 1389 1026 1462 datarii
1043 1391 1263 1487 capellanus
1275 1393 1391 1466 Finito

73 1541 242 1608 sermone,
259 1539 334 1590 non
346 1515 540 1614 publicavit
563 1514 825 1611 indulgentias3
844 1513 908 1587 sed
929 1513 1020 1587 tacta
1036 1515 1278 1606 consessione,
1297 1521 1394 1616 Papa

73 1643 182 1717 statim
207 1643 306 1717 dedit
341 1639 606 1715 absolutionem
643 1645 678 1712 et
712 1638 1018 1712 benedictionem.
1055 1641 1164 1714 Facta
1194 1634 1393 1716 elevatione

72 1770 273 1844 sacramenti
298 1768 335 1841 in
359 1765 473 1856 altari,
499 1769 562 1839 SS.
591 1768 634 1838 D.
662 1767 721 1854 N.‚
746 1762 791 1836 ad
815 1763 1114 1860 supplicationem
1135 1789 1269 1856 meam,
1296 1767 1393 1840 dedit

72 1895 242 1968 licentiam
277 1893 377 1990 quod
405 1891 520 1965 vultus
557 1889 700 1964 Domini
728 1889 863 1986 populo
892 1888 1145 1963 ostenderetur
1175 1896 1213 1964 ut
1239 1892 1418 1989 populus¹

71 2019 189 2094 deinde
211 2018 402 2094 ecclesiam
428 2017 543 2090 exiret
566 2038 632 2113 pro
655 2014 798 2112 publica
820 2013 1073 2088 bencdictione
1089 2016 1268 2106 habenda,
1287 2024 1393 2114 prout

73 2142 288 2215 factumest.
326 2141 442 2213 Finita
471 2140 580 2212 missa
608 2145 643 2212 et
667 2137 921 2212 benedictione
954 2161 1021 2236 per
1052 2140 1262 2236 pontificem
1294 2140 1389 2232 data,

71 2267 218 2362 pontifex
227 2290 294 2363 per
309 2288 436 2338 navem
451 2263 657 2354 Salvatoris,
676 2263 712 2335 in
724 2285 794 2359 qua
806 2263 940 2336 vultum
952 2271 1116 2336 sanctum
1128 2265 1195 2338 sibi
1207 2272 1393 2340 ostensum

71 2392 158 2480 vidit,
183 2391 347 2466 ascendit
373 2390 418 2464 ad
439 2390 561 2463 locum
582 2411 646 2486 pro
672 2387 925 2462 benedictione
951 2388 1096 2484 publica
1119 2391 1251 2487 populo
1275 2391 1394 2463 danda

74 2525 307 2614 preparatum,
330 2517 390 2588 ubi
411 2523 522 2602 stanS,
549 2513 681 2610 populo
702 2511 913 2586 solemniter
932 2512 1115 2586 benedixit
1135 2521 1170 2587 et
1193 2515 1392 2612 plenariam

75 2643 223 2715 omnium
238 2647 471 2740 peccatorum
488 2639 740 2712 remissionem
751 2637 861 2727 dedit,
881 2661 989 2746 quam
1004 2639 1196 2735 publicavit
1207 2645 1331 2714 Rmus.
1347 2646 1389 2715 D.

76 2766 253 2840 cardinalis
274 2766 445 2840 Senensis
469 2765 506 2837 iu
527 2763 638 2836 latino
659 2763 758 2836 etde
780 2762 955 2835 Columna
975 2764 1167 2838 cardinalis
1186 2767 1223 2839 iu
1240 2767 1389 2864 vulgari.

75 2893 213 2984 Deinde,
229 2891 386 2965 dimissis
403 2890 437 2962 iu
454 2889 553 2964 curia
568 2887 822 2978 cardinalibus,
842 2889 939 2982 Papa
954 2887 1116 2960 ascendit
1133 2889 1177 2961 ad
1193 2913 1389 2982 cameram,

74 3023 104 3088 et
117 3017 184 3092 hoc
198 3040 306 3091 mane
322 3019 420 3112 Papa
435 3021 508 3089 tam
526 3015 569 3087 de
593 3037 738 3088 camera
762 3013 806 3086 ad
827 3012 1020 3086 ecclesiam
1041 3037 1149 3108 quam
1175 3015 1393 3090 deecclesia

75 3139 113 3210 ad
127 3139 242 3214 locum
255 3139 399 3237 publice
415 3138 677 3213 benedictionis
693 3138 788 3212 venit
805 3139 870 3212 sub
885 3139 1113 3230 baldachino,
1137 3146 1175 3211 ut
1194 3139 1305 3213 muris
1321 3147 1388 3214 est.

75 3259 144 3335 Alia
158 3264 389 3337 omniamore
407 3261 513 3336 solito
530 3267 611 3334 sunt
628 3261 828 3335 observata.

116 3387 280 3478 Sabbata,
306 3393 352 3460 lt
373 3386 470 3475 maii,
492 3385 610 3482 vigilia
625 3389 873 3476 pentecostes,
896 3389 959 3460 SS.
982 3390 1024 3460 D.
1052 3390 1093 3460 N.
1124 3393 1265 3484 paratus
1290 3409 1391 3460 more

75 3510 167 3584 solito
185 3513 280 3587 veuit
300 3513 346 3587 ad
364 3511 540 3608 capellam
563 3513 739 3607 majorem
760 3512 879 3608 palatii
902 3512 955 3584 sui
975 3535 1041 3609 pro
1065 3512 1223 3609 vesperis
1250 3519 1286 3584 ct
1307 3511 1390 3584 lecit

74 3635 220 3710 ollvcium
236 3661 338 3712 more
354 3641 530 3710 consueto
544 3641 580 3709 et
595 3659 669 3709 nou
680 3635 814 3733 incepit
829 3636 1018 3736 hymnum.

117 3763 311 3852 Dominica,
330 3767 375 3835 25
397 3761 495 3850 maii,
518 3760 648 3833 testum
671 3763 919 3850 Pentecostes,
944 3765 1007 3836 SS.
1033 3765 1074 3835 D.
1104 3765 1145 3836 N.
1169 3768 1327 3860 paratus
1352 3769 1391 3837 ut

75 3886 171 3957 novis
186 3893 252 3978 est,
271 3885 555 3960 adbasilicams.
575 3885 671 3958 Petri
688 3885 783 3958 venit
802 3885 878 3958 sine
899 3885 1129 3980 baldachino,
1151 3887 1211 3961 ubi
1232 3889 1391 3962 interluit

74 4009 171 4084 nisse
195 4010 347 4084 solemni
364 4033 473 4106 quam
489 4009 683 4084 celebravit
700 4013 824 4082 Rmus.
844 4013 887 4083 D.
914 4012 1105 4085 cardinalis
1122 4038 1151 4086 s.
1168 4013 1277 4086 ltlavci
1294 4013 1390 4109 epis-

75 4151 173 4228 copus
188 4133 421 4206 Preuestinus
435 4132 472 4204 in
487 4131 708 4230 paramentis
722 4132 856 4205 rubeis.
876 4137 1089 4208 Sermonem
1107 4135 1271 4238 tecit...
1292 4137 1337 4236 (t)
1355 4145 1390 4211 et

77 4256 129 4328 SS.
147 4261 187 4332 D.
200 4261 243 4332 N.
261 4258 442 4332 concessit
457 4255 717 4354 indulgentiam
728 4257 926 4354 plenariam
942 4283 1051 4355 quam
1068 4261 1319 4357 pronunciavit
1331 4261 1390 4358 qui

76 4377 148 4454 lecit
163 4405 380 4457 sermonem.
399 4383 478 4458 Alia
493 4383 681 4456 observata
702 4389 784 4456 sunt
802 4405 903 4456 more
920 4383 1037 4457 solito.

119 4507 281 4598 Sabbato,
300 4513 339 4582 31
363 4508 461 4598 maii,
479 4499 596 4605 vigilia
612 4531 641 4579 S.
657 4507 851 4599 Trinitatis,
872 4510 933 4582 SS.
951 4511 1043 4583 DN.
1058 4517 1216 4608 paratus,
1231 4512 1390 4584 utmoris

77 4635 133 4718 est,
144 4632 236 4705 venit
252 4633 298 4705 ad
313 4631 488 4729 capellum
501 4633 678 4729 majorem
694 4631 815 4728 palatii
831 4655 895 4729 pro
909 4635 1067 4730 vesperis
1081 4641 1116 4708 et
1132 4635 1215 4708 lecit
1231 4635 1390 4709 osticium

76 4771 162 4826 nore
177 4761 366 4830 consueto.
383 4754 564 4828 Mandavit
578 4754 687 4828 etiam
704 4753 881 4826 Sanctitas
903 4777 981 4846 sua,
1006 4777 1064 4829 me
1082 4756 1328 4853 interrogante
1345 4782 1390 4831 an

77 4881 446 4955 commemorationem
474 4880 553 4954 fieri
579 4879 686 4953 vellet
711 4879 756 4952 de
787 4878 969 4953 dominica
993 4881 1096 4976 juxta
1127 4881 1389 4956 ordinationem

107 5059 435 5130 bbmmfflmm

105 5147 624 5212 zmmmmmnmmwm
