3436 6038
320 455 375 510 232
776 457 951 516 Joaannvs
975 458 1197 531 nauculam,
1410 459 1554 523 [Decembre
1567 463 1626 528 vna}

322 607 565 704 evangelium
583 616 632 698 et,
650 619 732 707 post
747 612 908 703 missam,
927 613 1118 710 publicavit
1134 612 1312 710 plenarias
1327 611 1559 708 indulgentias
1571 637 1627 710 per

325 737 456 830 Papam
473 756 679 826 concessas,
696 743 732 809 et
748 741 791 810 ll.
810 737 1123 812 vicecancellarius
1144 737 1211 812 fnit
1227 738 1416 811 assistens.
1440 740 1525 810 Dato
1539 762 1625 830 ense,

325 862 421 954 Papa
430 859 603 956 venitper
612 861 704 934 viam
718 863 924 952 SalvatoriS,
938 863 997 937 ubi
1010 869 1176 937 ostensus
1190 842 1321 960 estper
1332 867 1373 936 [l.
1388 866 1426 936 L.
1439 862 1627 960 episcopum

324 984 600 1079 'traguriensem
628 986 799 1061 vicarium
820 1011 850 1060 s.
873 987 968 1061 Petri
988 988 1103 1061 vultus
1132 994 1301 1078 sanctus;
1320 986 1518 1060 cardinales
1535 987 1628 1082 aliqui

326 1107 362 1179 in
386 1110 620 1204 paramentis,
646 1111 704 1184 alii
732 1113 823 1203 sine,
852 1113 1078 1186 associarunt
1105 1117 1239 1210 Papam
1264 1135 1378 1208 usque
1404 1113 1450 1186 ad
1472 1113 1629 1210 porticum

325 1257 355 1306 s.
375 1234 485 1324 Petri,
503 1235 564 1308 ubi
581 1239 677 1332 Papa
692 1237 790 1309 dedit
805 1238 972 1311 omnibus
987 1238 1184 1312 licentiam.
1203 1241 1333 1312 Comes
1346 1237 1518 1328 Tendille,
1534 1239 1630 1312 milite

326 1381 391 1433 suo
421 1382 505 1432 cum
535 1384 621 1433 ense
650 1361 769 1457 ipsum
802 1363 1035 1459 precedente,
1070 1362 1259 1436 associavit
1291 1366 1426 1460 Papam
1459 1363 1631 1458 usquead

203 1590 210 1599 Ι
325 1501 507 1556 cameram
539 1483 729 1581 papaqalli,
761 1485 891 1559 deinde
922 1486 1109 1560 deseendit
1132 1487 1177 1562 de
1201 1487 1334 1584 palatio
1356 1494 1392 1560 et
1411 1486 1635 1560 associatusa

324 1607 471 1704 prelatis
498 1607 618 1704 palatii
643 1631 686 1684 aa
713 1607 847 1682 familia
879 1612 974 1706 Papa
998 1616 1036 1684 et
1064 1611 1268 1685 oratoribus
1291 1635 1404 1707 usque
1433 1611 1479 1684 ad
1505 1611 1635 1684 domum

324 1731 556 1806 habitationis
572 1741 636 1808 'sue
652 1733 689 1806 in
708 1756 836 1831 campo
853 1734 972 1824 Flore,
987 1735 1157 1830 equitavit
1172 1735 1311 1809 medius
1330 1735 1425 1809 inter
1438 1735 1637 1810 vicecancel-

324 1857 454 1932 larium
468 1881 491 1931 a
504 1857 637 1932 dextris
654 1865 690 1932 et
708 1859 920 1955 episcopum
936 1859 1089 1932 Exinum
1106 1883 1127 1933 a
1145 1859 1312 1933 sinistris.
1333 1863 1417 1934 Post
1434 1884 1532 1950 eum,
1558 1883 1636 1934 unus

326 1981 485 2079 prelatus
509 1982 630 2080 palatii
655 2007 675 2056 a
701 1982 835 2056 dextris
860 1987 896 2055 et
920 2007 1012 2057 unus
1032 1989 1171 2057 'orator
1188 1979 1221 2056 ¹a
1249 1983 1416 2076 sinistris,
1440 1984 1568 2058 deinde
1589 1983 1636 2057 alii

326 2106 488 2205 episcopi
501 2107 711 2183 cubicularii
726 2113 762 2180 et
777 2112 859 2181 ante
880 2107 998 2205 ipsum
1020 2109 1178 2182 scutiferi
1200 2113 1295 2205 Pape
1316 2117 1353 2184 et
1371 2110 1554 2207 proximus
1567 2117 1636 2182 ante

326 2255 410 2306 enm
429 2255 554 2306 comes
574 2232 634 2306 ille
653 2255 737 2332 cum
761 2255 848 2306 ense
869 2241 905 2306 et
931 2232 1026 2330 pileo
1050 2257 1058 2306 :
1078 2239 1161 2306 ante
1184 2233 1332 2308 domum
1351 2235 1508 2333 peractis
1532 2233 1637 2332 gratiis

326 2357 507 2446 omnibus,
525 2357 669 2430 intravit
685 2357 846 2432 domum.

376 2481 612 2574 Feriatertia,
639 2486 684 2555 26
710 2481 925 2574 decembris,
955 2483 992 2556 in
1015 2485 1153 2581 capella
1174 2486 1312 2582 majore
1338 2483 1459 2582 palatii
1488 2483 1636 2581 predicti,

327 2611 452 2682 limus.
481 2611 524 2680 D.
546 2606 737 2682 cardinalis
756 2607 1048 2700 Mediolanensis,
1074 2609 1167 2684 festo
1192 2635 1223 2683 s.
1248 2609 1436 2706 Stephani,
1463 2607 1639 2682 celebravit

326 2731 473 2806 missam
495 2730 709 2822 solemnem,
731 2735 825 2829 Papa
852 2739 888 2806 et
912 2733 1158 2808 cardinalibus
1176 2735 1416 2832 presentibus.
1442 2735 1639 2808 Sermonem

326 2859 410 2932 tecit
440 2856 585 2954 quidam
620 2856 729 2930 irater
753 2857 951 2954 Seraphius
981 2859 1026 2932 de
1053 2861 1142 2936 Vico
1174 2859 1309 2934 ordinis
1337 2858 1592 2932 heremitarum
1613 2881 1637 2927 s.

325 2981 512 3080 Augustini
536 2981 596 3077 qui
619 2980 673 3054 bis
688 2980 817 3055 erravit
844 2987 879 3054 et
904 2981 1078 3056 titubavit.
1106 2983 1185 3056 Atia
1219 2981 1341 3056 omnia
1362 2983 1549 3057 observata
1569 2985 1638 3054 sunt

326 3131 427 3182 more
448 3111 636 3182 consueto.

376 3231 480 3306 Feria
503 3237 644 3326 quarta,
679 3231 722 3300 27
753 3228 971 3320 decembris,
994 3231 1126 3306 lestum
1154 3256 1184 3304 s.
1211 3232 1386 3306 Johannis
1415 3233 1636 3330 Evangeliste,

325 3361 389 3432 SS.
419 3361 462 3430 D.
490 3359 532 3430 N.
559 3358 704 3451 paratus
728 3353 876 3443 amictu,
901 3354 993 3444 alba,
1019 3355 1176 3451 cingulo,
1208 3357 1299 3432 stola
1331 3357 1414 3430 alba
1438 3355 1590 3454 pretiosa
1611 3364 1639 3428 et

327 3481 465 3578 capello
489 3480 533 3553 de
556 3477 775 3567 cremesino,
802 3477 900 3552 cirea
925 3478 1056 3553 horam
1075 3496 1149 3572 xvv,
1171 3481 1450 3577 precedentibus
1484 3504 1586 3555 cruce
1611 3489 1638 3554 et

326 3605 582 3695 cardinalibus,
600 3603 770 3698 equitavit
783 3603 828 3677 de
843 3603 975 3700 palatio
996 3628 1062 3680 suo
1077 3606 1123 3678 ad
1137 3606 1332 3681 ecelesiam
1347 3609 1462 3682 sancti
1483 3607 1638 3681 lobannis

328 3728 593 3818 LateranensiS,
619 3727 693 3818 ubi,
719 3727 912 3802 ecclesiam
935 3729 1015 3825 ipso
1038 3730 1208 3822 intrante,
1242 3733 1343 3828 prior
1371 3732 1465 3806 illius
1487 3731 1635 3818 ecclesie,

327 3853 468 3952 pluviali
489 3853 648 3938 indutuS,
670 3850 921 3926 assistentibus
947 3853 1013 3926 sibi
1038 3855 1236 3947 canonicis,
1259 3879 1404 3932 erucem
1427 3857 1570 3930 tenebat
1587 3876 1638 3950 per

328 3983 461 4077 Papam
486 3976 725 4052 osculandam
743 3999 852 4073 quam
873 3977 1036 4076 recipere
1054 3980 1182 4070 noluit,
1205 3987 1241 4054 et
1263 3982 1357 4056 bene
1378 3981 1523 4056 lecisset
1543 3977 1637 4054 cardi·

326 4104 417 4178 natis
442 4129 471 4178 s.
499 4101 595 4176 Petri
620 4102 665 4176 ad
689 4102 854 4193 Vincula,
887 4103 1180 4204 archipresbyter
1205 4106 1299 4180 illius
1315 4107 1485 4198 ecclesie,
1511 4125 1635 4182 crucem

326 4231 478 4327 prebere
494 4231 589 4326 Pape
602 4226 835 4302 osculandam
850 4252 858 4317 ;
876 4228 939 4301 sed
955 4229 1145 4304 cardinalis
1161 4233 1333 4306 Senensis
1353 4231 1451 4305 illam
1467 4229 1598 4328 accepit
1609 4233 1635 4300 et

325 4357 421 4451 Pape
436 4351 608 4450 porrexit,
626 4351 750 4425 dicens
767 4351 802 4423 id
818 4351 863 4424 ad
878 4376 983 4427 suum
1003 4355 1184 4450 pertinere
1208 4355 1381 4448 cilicium,
1404 4363 1441 4430 et
1461 4352 1633 4430 maledixit

325 4485 362 4554 et
385 4479 481 4570 lecit,
516 4477 601 4551 licet
637 4476 818 4550 contrarie
855 4485 976 4551 essent
1011 4480 1191 4577 opinionis
1223 4481 1537 4555 vicecancellarius
1564 4483 1632 4552 ets.

325 4603 435 4676 Marci
452 4602 652 4677 cardinales
668 4625 710 4675 aa
726 4601 919 4697 episcopus
936 4602 1134 4694 Plentinus,
1152 4605 1487 4680 dieenteoardinale
1501 4630 1528 4678 s.
1542 4599 1632 4678 lttarci

325 4729 435 4824 quod,
453 4728 567 4804 lelicis
589 4726 848 4802 reeordationis
870 4727 969 4802 Sixto
982 4732 1080 4826 Papa
1092 4733 1154 4804 llll
1173 4731 1353 4822 veniente,
1371 4729 1449 4828 ipse
1466 4725 1632 4804 cardinalis

327 4877 357 4927 s,
375 4853 486 4926 ltlarci
498 4875 643 4949 semper
653 4875 800 4926 erucem
808 4851 1018 4949 hujusmodi
1029 4855 1405 4952 supradictoporrexit
1420 4853 1632 4930 osculandam

326 4978 437 5071 Pape,
451 4975 654 5050 introeunte
666 4976 786 5073 priore
797 4977 1004 5072 incipiente,
1018 4979 1180 5052 canonici
1195 4981 1389 5054 cantabant
1401 4981 1631 5078 antiphonam,

325 5097 533 5171 sacerdotes
566 5107 601 5172 et
621 5101 782 5196 pontilex
811 5129 818 5172 :
851 5100 897 5174 Te
922 5103 1053 5195 naam,
1081 5116 1145 5176 etc.
1177 5104 1324 5178 Interim
1352 5109 1450 5202 Papa
1477 5105 1581 5178 oravit
1607 5099 1632 5170 ir
