3508 6034
158 493 301 559 [tratura]
491 484 616 540 RERUM
643 484 866 542 URBANAHUNI
891 485 1152 542 CONlNlENTAltll.
1435 488 1486 542 477

207 673 224 708 «
243 645 296 715 De
311 639 480 712 mandato
498 643 560 713 SS.
580 643 621 714 D.
649 643 692 714 N.
718 666 809 739 pape
827 642 1013 715 intimetur
1036 643 1177 716 RRmis.
1194 647 1270 716 Db.
1298 643 1486 718 cardinali-

154 767 221 840 bus
237 764 335 862 quod
347 764 403 838 die
422 764 578 838 crastina
596 765 691 838 inter
710 790 801 839 xvur
822 775 858 841 et
874 791 936 840 xix
950 767 1079 842 horam
1099 767 1244 842 intrabit
1266 766 1400 842 Urbem
1422 792 1486 864 per

155 897 299 988 portam
316 893 597 965 Laterancnsem
613 889 760 964 illustris
786 891 953 990 princeps
976 898 1108 989 Capue,
1134 891 1191 966 cui
1218 893 1319 966 ibunt
1345 891 1484 966 obviarn

155 1022 255 1090 extra
271 1017 437 1090 eamdem
451 1021 593 1114 portam
609 1017 732 1090 thmi.
752 1021 826 1091 Ul).
855 1018 1054 1092 cardinales
1073 1021 1347 1092 Beneventanus
1366 1025 1402 1093 et
1419 1024 1486 1094 Se·

155 1140 298 1230 neusis;
316 1139 375 1212 alii
388 1163 515 1215 omnes
531 1141 674 1215 mittent
694 1141 846 1217 familias
869 1169 952 1218 suas
968 1153 1003 1218 et
1018 1143 1084 1242 ipsi
1106 1143 1308 1220 cardinales
1323 1145 1425 1219 ibunt
1440 1145 1483 1217 ad

153 1267 327 1365 palatium
344 1273 383 1341 ut
406 1267 603 1364 receptioni
628 1265 906 1366 dicti'principis
921 1269 1108 1360 intersint;
1126 1275 1296 1366 poterunt
1318 1276 1486 1367 preterea

154 1391 281 1466 RRmi.
301 1395 376 1466 DI).
393 1392 593 1466 cardinales
614 1391 758 1466 familiis
779 1394 853 1467 suis
874 1395 1099 1469 committere
1120 1401 1172 1485 ut,
1190 1394 1353 1492 principe
1366 1395 1485 1470 hono-

154 1527 246 1609 rato,
272 1517 418 1617 prelatis
441 1542 526 1592 cum
545 1519 708 1617 principe
733 1519 1016 1610 remanentibus,
1038 1520 1149 1594 ceteri
1170 1519 1317 1594 domum
1337 1521 1485 1596 redeant

152 1645 198 1718 ad
210 1645 413 1720 cardinales
430 1669 527 1734 suos,
545 1645 591 1718 ad
603 1645 776 1742 palatium
795 1645 1031 1743 apostolicum
1051 1645 1262 1719 associaturi
1287 1670 1349 1720 eos
1369 1647 1437 1736 vel,
1456 1647 1484 1718 si

153 1769 270 1866 magis
293 1771 448 1868 placeat,
472 1775 641 1867 poterunt
666 1769 867 1844 cardinales
889 1769 988 1867 prius
1014 1771 1060 1844 ad
1085 1771 1257 1869 palatium
1283 1773 1483 1871 predictum

152 1897 218 1986 ire,
247 1895 378 1970 deiude
407 1895 579 1968 lamiliam
611 1919 676 1993 pro
702 1895 916 1971 honorando
942 1896 1105 1994 principe
1134 1897 1297 1995 predicto
1324 1897 1481 1972 mittere.

152 2021 345 2095 lntimetur
370 2021 479 2095 etiam
508 2021 696 2118 capitaneo
717 2021 893 2112 Ecclesie,
918 2022 1076 2096 senatori
1099 2022 1203 2096 Urbis
1226 2027 1262 2097 el
1282 2022 1484 2096 oratoribus

153 2146 359 2245 principum
376 2153 411 2221 et
426 2153 677 2244 potentatuum
692 2147 729 2220 iu
749 2147 845 2248 Urbe
861 2147 1097 2222 existentibus
1118 2147 1291 2221 adventus
1314 2147 1484 2244 principis

153 2271 308 2370 predicti
338 2280 374 2347 et
399 2273 496 2370 quod
518 2273 551 2346 ei
571 2273 712 2347 honore
741 2272 862 2346 debito
884 2272 1025 2346 obviam
1047 2279 1142 2347 eant.
1174 2271 1346 2347 Similiter
1374 2278 1409 2347 et
1439 2276 1482 2344 D.

155 2398 329 2496 Raphaeli
347 2399 392 2474 de
407 2402 503 2474 Sena
515 2398 715 2496 expeditori
729 2401 792 2473 SS.
815 2401 857 2471 D.
877 2401 918 2471 N.
938 2421 1044 2496 pape,
1066 2397 1337 2496 rice-magistro
1354 2397 1484 2471 domus

153 2525 251 2621 quod
274 2525 393 2599 mittat
407 2525 453 2600 ob
476 2547 623 2600 causam
644 2525 842 2623 predictam
858 2523 1010 2622 principi
1032 2524 1173 2598 obviam
1188 2524 1347 2622 prelatos
1363 2523 1484 2620 palatii

153 2658 189 2726 et
212 2651 384 2725 familiam
402 2656 496 2750 Pape
519 2675 621 2726 more
639 2651 757 2725 solito.
785 2681 801 2716 »

203 2777 408 2862 Dominica,
428 2781 471 2849 27
487 2777 572 2851 dicti
589 2778 724 2852 mensis
740 2775 838 2867 maii,
863 2777 908 2850 de
924 2775 1093 2850 mandato
1110 2779 1174 2852 SS.
1194 2782 1237 2851 D.
1255 2779 1295 2852 N.
1312 2799 1404 2875 pape
1415 2797 1481 2875 per

152 2903 359 2978 iohannem
382 2903 532 2977 Pavonis
558 2903 638 2977 heri
660 2927 742 2978 sero
768 2901 927 2978 secundo
950 2903 1038 2976 mihi
1064 2902 1172 2993 lacto,
1196 2903 1287 2976 bora
1309 2925 1406 2978 uuna
1429 2903 1484 2976 vel

152 3028 264 3118 circa,
284 3051 449 3103 reversus
466 3053 510 3104 ex
526 3005 620 3104 Urbe
636 3029 813 3104 Marinum
835 3027 894 3102 ubi
911 3027 1057 3101 illustris
1073 3027 1240 3124 princeps
1257 3030 1376 3125 Capue
1392 3032 1481 3117 erat,

152 3155 199 3227 ad
210 3153 487 3252 significandum
504 3155 537 3228 ei
551 3179 622 3252 quo
644 3155 768 3231 ordine
790 3161 824 3230 et
846 3154 976 3251 quibus
997 3153 1214 3227 ceremoniis
1232 3152 1277 3226 ad
1299 3152 1433 3228 Urbem
1449 3157 1485 3226 et

153 3281 218 3352 SS.
238 3283 281 3352 D.
299 3281 341 3353 N.
361 3289 458 3354 esset
470 3303 704 3370 accessurum
722 3286 761 3354 ut
775 3279 863 3353 mihi
880 3278 1114 3353 commissum
1130 3283 1220 3353 erat.
1244 3275 1340 3350 lllus.
1360 3275 1484 3350 Domi-

152 3402 290 3477 natioui
307 3428 371 3478 sue
388 3405 553 3504 exposui,
571 3429 612 3480 ao
633 3430 716 3480 cum
736 3405 810 3479 suis
835 3403 879 3478 dc
906 3402 1071 3478 omnibus
1096 3401 1259 3477 ordinem
1279 3399 1375 3490 dedi,
1398 3399 1485 3474 licet
1557 3461 1562 3470 .

151 3529 340 3604 nonluerit
350 3531 561 3605 observatus
576 3557 584 3605 :
599 3531 750 3606 recessit
761 3531 843 3604 inde
856 3529 1062 3604 Dominatio
1074 3524 1484 3603 suaciroahoramdeci-

151 3677 250 3728 mam
261 3655 894 3751 quintam.Processeruntmuliones
907 3679 991 3730 cum
1004 3653 1153 3752 psalmis
1165 3675 1318 3726 numero
1330 3673 1481 3738 cxxxur3

152 3777 284 3852 deiude
303 3781 494 3854 servitores
508 3782 680 3872 minoreS,
699 3781 899 3855 successive
917 3781 1073 3878 majores
1089 3779 1278 3877 gradatim,
1295 3785 1404 3876 prout
1420 3801 1486 3874 per

152 3927 238 3977 suos
255 3904 429 3980 officiales
443 3905 571 3981 adhoc
585 3907 851 4006 deputatossuit
866 3905 1082 3980 ordinatum.
1097 3905 1237 3979 Primus
1252 3928 1295 3978 ex
1308 3902 1484 3977 nobilibus

152 4024 375 4124 principibus
395 4027 461 4101 luit
478 4032 520 4101 D.
539 4029 745 4127 Alphonsus
756 4031 800 4106 de
809 4031 1003 4129 dragonia,
1015 4030 1178 4104 marchio
1191 4028 1405 4117 Giracensis,
1417 4028 1485 4100 lra-

153 4156 211 4224 ter
225 4152 465 4227 consobrinus
479 4153 665 4252 principis,
683 4156 862 4230 secundus
877 4157 1025 4230 illustris
1039 4155 1110 4229 dux
1124 4153 1400 4252 Amalphitanus
1416 4151 1485 4224 tra-

152 4283 209 4350 ter
234 4275 328 4351 Rmi.
354 4282 396 4354 l).
427 4279 618 4354 cardinalis
642 4281 826 4372 Senensis,
854 4282 981 4356 tertius
1005 4279 1220 4378 magnificus
1246 4282 1288 4353 Ι).
1319 4275 1483 4351 marchio

152 4401 310 4478 Pisearie
327 4411 362 4479 et
374 4404 447 4496 alii,
462 4413 569 4504 prout
583 4407 621 4480 in
634 4406 719 4481 lista
733 4407 882 4512 interius
895 4404 1329 4506 registratumridebitur:
1346 4426 1412 4502 per
1420 4425 1483 4476 sex

151 4527 318 4603 milliaria
346 4530 401 4605 vel
424 4531 520 4605 circa
548 4539 649 4606 extra
671 4534 805 4608 Urbem
826 4539 1002 4608 venerunt
1023 4532 1164 4608 obviam
1186 4529 1337 4630 principi
1358 4551 1483 4604 comes

151 4653 306 4727 Pitiliaui
334 4655 541 4754 capitaneus
566 4657 745 4748 Ecclesia,
776 4659 989 4733 Franciscus
1014 4658 1101 4731 Cibo
1130 4655 1224 4730 fitius
1245 4658 1341 4754 Pape
1364 4661 1400 4729 et
1421 4653 1482 4727 ΑΙ-

149 4777 313 4874 phonsus
329 4782 374 4855 de
391 4784 551 4858 Carretto
568 4784 730 4859 marchio
744 4783 876 4857 Finarii
889 4789 924 4859 et
941 4788 982 4857 D.
1001 4782 1209 4857 Dominicus
1226 4779 1333 4854 [toria
1347 4779 1482 4877 capita-

149 4927 241 4978 neus
255 4905 375 5003 palatii
394 4912 501 5008 Pape,
520 4932 603 4984 cum
622 4932 748 4982 eorum
764 4918 871 5006 gente
891 4907 1019 5006 :primi
1038 4916 1110 4979 tres
1127 4931 1200 4978 non
1216 4905 1481 4979 descenderunt

151 5032 327 5129 exequie,
346 5033 410 5111 sed
426 5040 469 5110 D.
488 5034 700 5110 Dominicus
717 5035 824 5111 Dorio
840 5041 995 5108 tantum.

200 5154 373 5255 Princeps
400 5159 537 5256 recepit
563 5157 740 5233 adextris
772 5159 1001 5257 capitaneum
1028 5158 1189 5234 Ecclesia
1217 5165 1254 5234 et
1281 5183 1302 5234 a
1329 5155 1482 5232 sinistris
