3508 6034
375 468 427 524 428
826 461 1000 522 Jouannls
1025 460 1245 530 BURCHARDI,
1460 460 1616 532 [Novembre
1629 466 1687 533 11111

375 619 446 694 duo
458 626 610 718 nepotes
625 619 817 694 cardinalis
829 616 1002 706 defuncti,
1018 615 1140 690 clerici
1156 615 1193 688 in
1207 613 1305 688 nulla
1317 614 1492 712 dignitate
1507 617 1688 692 constituti.

374 726 585 820 Ordinatum
613 745 679 818 init
708 743 805 842 quod
830 744 946 842 prima
973 742 1031 816 die
1054 739 1279 814 celebrarent
1305 745 1482 836 quotquot
1508 741 1689 837 presbyteri

372 871 549 959 venirent,
569 869 735 944 similiter
749 876 786 943 et
800 868 945 955 ultima;
964 874 999 942 et
1015 865 1174 962 qualibet
1189 863 1246 938 die
1262 865 1356 938 intra
1364 887 1543 937 novenam
1553 865 1691 962 quadra-

372 997 472 1094 ginta
483 995 701 1093 presbytcri,
720 993 783 1070 sad
799 993 892 1067 male
908 992 971 1066 luit
988 993 1230 1065 observatum.

421 1127 620 1218 Deputatus
635 1119 701 1194 luit
715 1142 781 1216 pro
797 1117 916 1190 missis
938 1116 1147 1190 ordinandis
1170 1116 1351 1212 quondam
1372 1117 1563 1215 presbyter
1574 1118 1690 1192 lohan-

371 1271 437 1320 nes
453 1246 497 1320 de
513 1243 667 1318 Castello
689 1250 724 1318 et
747 1243 950 1316 ordinatum
973 1240 1069 1338 quod
1091 1240 1239 1314 cuilibet
1261 1241 1458 1315 celebranti
1475 1266 1587 1316 unum
1602 1267 1689 1340 gros-

372 1396 451 1446 sum
467 1370 698 1446 florentinum
722 1367 885 1444 donaret.
910 1366 1010 1442 ldem
1030 1367 1140 1440 etiam
1160 1366 1352 1463 deputatus
1371 1367 1435 1441 luit
1452 1391 1519 1464 pro
1534 1377 1687 1466 computo

372 1521 456 1570 cere
482 1495 638 1570 tenendo
668 1501 704 1572 et
726 1494 823 1568 illam
844 1493 1088 1591 dispensando
1111 1499 1147 1566 et
1169 1491 1219 1566 illi
1242 1493 1459 1589 principales
1481 1493 1593 1570 additi
1614 1497 1686 1568 socii

371 1623 431 1720 qui
446 1646 579 1721 magna
594 1621 780 1720 diligentia
794 1625 1002 1718 rapuerunt.
1029 1618 1149 1692 Prima
1170 1618 1228 1693 die
1250 1619 1369 1716 posita
1391 1619 1536 1694 luerunt
1559 1645 1622 1720 per
1638 1645 1687 1694 ec-

371 1747 518 1822 clesiam
535 1748 571 1820 in
587 1749 747 1846 quolibet
765 1747 879 1822 latera
899 1743 1080 1818 intorticia
1098 1743 1222 1840 viginti
1242 1744 1414 1840 quinque,
1437 1769 1546 1844 supra
1564 1755 1686 1844 portum

371 1879 468 1962 octo,
487 1872 608 1946 media
621 1872 866 1971 pretermissa,
885 1877 921 1945 ct
933 1870 969 1942 in
981 1875 1223 1942 transversum
1233 1891 1341 1964 supra
1350 1871 1625 1968 presbyterium,
1640 1875 1688 1947 tri-

370 1997 437 2072 bus
461 1999 718 2095 pretermissis,
741 2004 890 2096 propter
909 1997 1094 2073 introitum
1115 2007 1151 2074 et
1170 2001 1320 2090 exitum,
1339 2021 1448 2096 snpra
1462 2007 1617 2074 castrum
1632 2025 1685 2072 no-

369 2147 450 2196 rem
473 2129 509 2198 et
531 2125 629 2196 circa
656 2124 803 2222 triginta
827 2123 912 2212 duo,
936 2123 1103 2198 videlicet
1125 2125 1309 2200 sexdecim
1332 2127 1369 2198 in
1392 2125 1554 2222 quolibet
1572 2125 1682 2203 latere.

370 2246 441 2320 duo
464 2248 561 2320 circa
582 2247 786 2347 depositum
810 2272 874 2321 seu
897 2249 1143 2346 sepulchrum,
1161 2250 1310 2326 candele
1333 2251 1493 2347 quinque
1515 2251 1684 2324 unciarum

370 2395 478 2469 supra
499 2379 657 2447 castrum
679 2397 809 2448 novem
831 2373 887 2446 vel
909 2373 1017 2462 circa,
1041 2385 1148 2473 prout
1170 2377 1286 2452 dictus
1307 2376 1499 2474 presbyter
1517 2375 1683 2450 lohannes

369 2499 459 2572 mihi
475 2501 608 2575 retulit.

287 2652 291 2660 ·
422 2626 551 2700 Omnia
565 2621 903 2700 intorticia'lucrunt
925 2633 1080 2723 quatuor
1099 2627 1270 2700 librarum
1286 2627 1342 2700 vel
1358 2627 1474 2715 circa;
1496 2652 1560 2724 pro
1580 2627 1683 2701 elers-

369 2755 467 2830 tione
484 2751 699 2826 sacramenti
715 2758 798 2826 octo
814 2758 850 2825 et
866 2752 1013 2826 cuilibet
1029 2752 1201 2826 cardinali
1216 2775 1346 2842 unum;
1364 2759 1399 2827 et
1415 2754 1539 2828 omnia
1551 2753 1618 2826 alia
1630 2753 1682 2826 ob

370 2885 510 2953 servata
525 2885 607 2951 sunt
622 2901 722 2952 more
738 2877 856 2951 solito.

419 3005 584 3078 Ordinavi
602 3009 723 3076 autem
740 3003 949 3076 schedulam
965 3027 1030 3102 pro
1046 3004 1196 3078 custode
1213 3029 1295 3080 cere
1317 3005 1526 3104 hujusmodi
1543 3005 1678 3092 tenoris,

369 3154 436 3228 pro
452 3129 568 3227 prima
583 3128 641 3200 die
658 3127 892 3224 exequiarum
911 3151 918 3200 :

417 3253 599 3327 intorticia
627 3275 690 3324 sex
719 3251 892 3324 librarum
926 3251 1112 3347 quodlibet
1145 3275 1211 3350 pro
1244 3251 1346 3327 altari
1377 3260 1413 3327 et
1442 3253 1676 3327 cardinalibus.
1726 3233 1727 3287 l

368 3402 533 3452 numero.

416 3501 597 3576 intorticia
616 3507 771 3598 quatuor
784 3502 958 3576 librarum
978 3503 1163 3601 quodlibet
1180 3527 1246 3601 pro
1265 3505 1432 3597 ecclesia,
1453 3529 1554 3579 num.
1596 3525 1676 3576 mun
1725 3523 1726 3581 l

413 3627 509 3700 circa
530 3632 688 3698 castrum
739 3681 1554 3705 ...............
1597 3651 1676 3705 xxm

415 3750 571 3847 desuper
595 3775 665 3848 que
687 3777 751 3851 pro
772 3755 892 3827 missis
912 3753 1027 3828 bassis
1033 3809 1552 3830 ..........
1633 3775 1675 3826 nu
1724 3801 1725 3808 1

416 3897 482 3972 pro
500 3875 695 3972 sepultura,
714 3880 865 3953 sacrista
879 3883 974 3976 Pape
996 3886 1032 3954 et
1052 3888 1198 3954 oraturo
1204 3939 1554 3956 .......
1632 3903 1673 3953 nn

418 4002 605 4075 lutorticia
633 4003 765 4077 similia
793 4006 874 4094 tria,
906 4029 1016 4078 unum
1046 4030 1112 4103 pro
1140 4013 1292 4104 regente
1317 4009 1550 4100 cancellarie,

371 4125 469 4198 aliud
484 4150 549 4224 pro
566 4129 714 4204 custode
736 4131 914 4228 ejusdem,
932 4136 1078 4209 tertium
1094 4136 1552 4234 procapellaservientium

372 4275 555 4326 armorum
561 4311 1093 4334 ..........
1139 4275 1141 4280 ·
1142 4317 1549 4335 ........
1642 4275 1670 4326 111
1722 4317 1723 4350 1

414 4378 532 4453 facule
569 4380 721 4452 duarum
751 4381 924 4456 librarum
954 4385 1114 4481 quelibet
1141 4409 1207 4483 pro
1234 4387 1352 4478 altari,
1383 4389 1545 4484 prelatis,

371 4503 573 4578 oratoribus
602 4513 638 4580 et
668 4505 833 4596 funestis,
865 4531 1018 4582 numero
1024 4565 1548 4586 ..........
1626 4525 1670 4579 11111

407 4629 529 4702 lacule
550 4630 655 4703 unius
676 4631 766 4704 libre
787 4633 947 4728 quelibet
966 4659 1032 4731 pro
1054 4635 1296 4729 cubiculariis
1320 4637 1548 4728 officialibus,

365 4775 1721 4838 numero..................own

415 4877 533 4954 lacule
565 4881 686 4955 medie
708 4881 798 4956 libre
823 4907 889 4980 pro
910 4885 1091 4960 scutiferis
1116 4889 1311 4962 curialibus
1316 4941 1549 4964 .....
1621 4901 1669 4954 011

288 5033 292 5046 ·
354 5003 355 5010 ’
418 5002 533 5080 lacule
570 5007 727 5105 quinque
756 5009 945 5084 unciarum
974 5035 1039 5109 pro
1068 5021 1188 5088 castro
1215 5013 1350 5088 doloris
1372 5022 1409 5090 et
1431 5015 1550 5090 distri·
1719 5099 1720 5102 Ἴ

368 5125 1543 5221 bucnde,numer0...............
1647 5151 1666 5202 11
