<?xml version="1.0" encoding="UTF-8"?>
<!DOCTYPE html PUBLIC "-//W3C//DTD XHTML 1.0 Transitional//EN"
    "http://www.w3.org/TR/xhtml1/DTD/xhtml1-transitional.dtd">
<html xmlns="http://www.w3.org/1999/xhtml" xml:lang="en" lang="en">
 <head>
  <title>
</title>
<meta http-equiv="Content-Type" content="text/html;charset=utf-8" />
  <meta name='ocr-system' content='tesseract 3.04.00' />
  <meta name='ocr-capabilities' content='ocr_page ocr_carea ocr_par ocr_line ocrx_word'/>
</head>
<body>
  <div class='ocr_page' id='page_1' title='image "./johannisburchar02burcgoog/johannisburchar02burcgoog_0160.png"; bbox 0 0 3496 6056; ppageno 0'>
   <div class='ocr_carea' id='block_1_1' title="bbox 80 479 1411 544">
    <p class='ocr_par' dir='ltr' id='par_1_1' title="bbox 80 479 1411 544">
     <span class='ocr_line' id='line_1_1' title="bbox 80 479 1411 544; baseline -0.003 0"><span class='ocrx_word' id='word_1_1' title='bbox 80 479 223 544; x_wconf 61' lang='lat' dir='ltr'>[lltlllffil</span> <span class='ocrx_word' id='word_1_2' title='bbox 404 479 529 538; x_wconf 73' lang='lat' dir='ltr'>ubuum</span> <span class='ocrx_word' id='word_1_3' title='bbox 557 482 783 544; x_wconf 76' lang='lat' dir='ltr'>URBANARUM</span> <span class='ocrx_word' id='word_1_4' title='bbox 808 485 1071 544; x_wconf 82' lang='lat' dir='ltr'>COMblENTARll.</span> <span class='ocrx_word' id='word_1_5' title='bbox 1360 489 1411 544; x_wconf 72' lang='lat'>147</span> 
     </span>
    </p>
   </div>
   <div class='ocr_carea' id='block_1_2' title="bbox 71 629 1473 1987">
    <p class='ocr_par' dir='ltr' id='par_1_2' title="bbox 75 629 1413 1107">
     <span class='ocr_line' id='line_1_2' title="bbox 75 629 1412 736; baseline 0.004 -32"><span class='ocrx_word' id='word_1_6' title='bbox 75 629 375 718; x_wconf 83' lang='lat' dir='ltr'>llediolanensis3</span> <span class='ocrx_word' id='word_1_7' title='bbox 411 655 493 706; x_wconf 91' lang='lat' dir='ltr'>cum</span> <span class='ocrx_word' id='word_1_8' title='bbox 528 659 549 708; x_wconf 90' lang='lat' dir='ltr'>a</span> <span class='ocrx_word' id='word_1_9' title='bbox 582 637 717 712; x_wconf 80' lang='lat' dir='ltr'>familia</span> <span class='ocrx_word' id='word_1_10' title='bbox 748 639 842 712; x_wconf 90' lang='lat' dir='ltr'>lerti1</span> <span class='ocrx_word' id='word_1_11' title='bbox 875 637 1079 726; x_wconf 86' lang='lat' dir='ltr'>cardinalis,</span> <span class='ocrx_word' id='word_1_12' title='bbox 1114 635 1251 736; x_wconf 89' lang='lat' dir='ltr'>primus</span> <span class='ocrx_word' id='word_1_13' title='bbox 1289 643 1412 712; x_wconf 90' lang='lat' dir='ltr'>orator</span> 
     </span>
     <span class='ocr_line' id='line_1_3' title="bbox 77 756 1413 862; baseline 0.006 -34"><span class='ocrx_word' id='word_1_14' title='bbox 77 756 340 844; x_wconf 89' lang='lat' dir='ltr'>Ferrariensis;</span> <span class='ocrx_word' id='word_1_15' title='bbox 359 781 441 830; x_wconf 89' lang='lat' dir='ltr'>cum</span> <span class='ocrx_word' id='word_1_16' title='bbox 456 783 478 832; x_wconf 91' lang='lat' dir='ltr'>a</span> <span class='ocrx_word' id='word_1_17' title='bbox 492 759 627 836; x_wconf 90' lang='lat' dir='ltr'>lamilia</span> <span class='ocrx_word' id='word_1_18' title='bbox 642 765 758 860; x_wconf 91' lang='lat' dir='ltr'>quarti</span> <span class='ocrx_word' id='word_1_19' title='bbox 774 765 978 852; x_wconf 88' lang='lat' dir='ltr'>cardinalis,</span> <span class='ocrx_word' id='word_1_20' title='bbox 996 764 1124 837; x_wconf 90' lang='lat' dir='ltr'>iterum</span> <span class='ocrx_word' id='word_1_21' title='bbox 1136 763 1273 862; x_wconf 93' lang='lat' dir='ltr'>primus</span> <span class='ocrx_word' id='word_1_22' title='bbox 1289 772 1413 838; x_wconf 89' lang='lat' dir='ltr'>orator</span> 
     </span>
     <span class='ocr_line' id='line_1_4' title="bbox 76 883 1411 986; baseline 0.005 -30"><span class='ocrx_word' id='word_1_23' title='bbox 76 886 253 974; x_wconf 71' lang='lat' dir='ltr'>Venetae,</span> <span class='ocrx_word' id='word_1_24' title='bbox 272 889 307 956; x_wconf 88' lang='lat' dir='ltr'>et</span> <span class='ocrx_word' id='word_1_25' title='bbox 324 883 375 957; x_wconf 91' lang='lat' dir='ltr'>sio</span> <span class='ocrx_word' id='word_1_26' title='bbox 391 887 635 962; x_wconf 90' lang='lat' dir='ltr'>continuando</span> <span class='ocrx_word' id='word_1_27' title='bbox 648 895 686 962; x_wconf 90' lang='lat' dir='ltr'>ut</span> <span class='ocrx_word' id='word_1_28' title='bbox 700 889 812 985; x_wconf 86' lang='lat' dir='ltr'>prius,</span> <span class='ocrx_word' id='word_1_29' title='bbox 830 890 913 986; x_wconf 89' lang='lat' dir='ltr'>quia</span> <span class='ocrx_word' id='word_1_30' title='bbox 928 888 986 962; x_wconf 87' lang='lat' dir='ltr'>alii</span> <span class='ocrx_word' id='word_1_31' title='bbox 997 893 1161 962; x_wconf 90' lang='lat' dir='ltr'>oratores</span> <span class='ocrx_word' id='word_1_32' title='bbox 1174 914 1247 962; x_wconf 91' lang='lat' dir='ltr'>non</span> <span class='ocrx_word' id='word_1_33' title='bbox 1264 914 1411 986; x_wconf 91' lang='lat' dir='ltr'>respou-</span> 
     </span>
     <span class='ocr_line' id='line_1_5' title="bbox 75 1009 428 1107; baseline 0.014 -27"><span class='ocrx_word' id='word_1_34' title='bbox 75 1009 207 1083; x_wconf 82' lang='lat' dir='ltr'>derunt</span> <span class='ocrx_word' id='word_1_35' title='bbox 222 1011 428 1107; x_wconf 88' lang='lat' dir='ltr'>quicquam.</span> 
     </span>
    </p>

    <p class='ocr_par' dir='ltr' id='par_1_3' title="bbox 71 1137 1473 1987">
     <span class='ocr_line' id='line_1_6' title="bbox 122 1137 1411 1236; baseline 0.003 -28"><span class='ocrx_word' id='word_1_36' title='bbox 122 1137 298 1209; x_wconf 90' lang='lat' dir='ltr'>lnlrando</span> <span class='ocrx_word' id='word_1_37' title='bbox 321 1137 453 1212; x_wconf 83' lang='lat' dir='ltr'><strong>Urbem</strong></span> <span class='ocrx_word' id='word_1_38' title='bbox 469 1144 505 1211; x_wconf 91' lang='lat' dir='ltr'>et</span> <span class='ocrx_word' id='word_1_39' title='bbox 530 1161 598 1236; x_wconf 93' lang='lat' dir='ltr'>per</span> <span class='ocrx_word' id='word_1_40' title='bbox 616 1162 696 1212; x_wconf 90' lang='lat' dir='ltr'>eam</span> <span class='ocrx_word' id='word_1_41' title='bbox 717 1139 923 1235; x_wconf 78' lang='lat' dir='ltr'>equitando,</span> <span class='ocrx_word' id='word_1_42' title='bbox 946 1139 1082 1236; x_wconf 90' lang='lat' dir='ltr'>primus</span> <span class='ocrx_word' id='word_1_43' title='bbox 1102 1145 1223 1214; x_wconf 88' lang='lat' dir='ltr'>orator</span> <span class='ocrx_word' id='word_1_44' title='bbox 1243 1137 1411 1234; x_wconf 78' lang='lat' dir='ltr'><strong>equitavit</strong></span> 
     </span>
     <span class='ocr_line' id='line_1_7' title="bbox 74 1260 1473 1363; baseline 0.003 -31"><span class='ocrx_word' id='word_1_45' title='bbox 74 1261 217 1334; x_wconf 88' lang='lat' dir='ltr'>medius</span> <span class='ocrx_word' id='word_1_46' title='bbox 230 1261 524 1361; x_wconf 88' lang='lat' dir='ltr'>interdespotum</span> <span class='ocrx_word' id='word_1_47' title='bbox 538 1265 793 1363; x_wconf 76' lang='lat' dir='ltr'>imperatorem</span> <span class='ocrx_word' id='word_1_48' title='bbox 807 1264 1234 1363; x_wconf 89' lang='lat' dir='ltr'>constantinopolitanum</span> <span class='ocrx_word' id='word_1_49' title='bbox 1244 1287 1265 1336; x_wconf 92' lang='lat' dir='ltr'>a</span> <span class='ocrx_word' id='word_1_50' title='bbox 1277 1260 1411 1336; x_wconf 82' lang='lat' dir='ltr'>dextris</span> <span class='ocrx_word' id='word_1_51' title='bbox 1470 1261 1473 1268; x_wconf 75' lang='grc'><strong>’</strong></span> 
     </span>
     <span class='ocr_line' id='line_1_8' title="bbox 72 1387 1412 1482; baseline 0.001 -23"><span class='ocrx_word' id='word_1_52' title='bbox 72 1393 105 1459; x_wconf 85' lang='lat' dir='ltr'>et</span> <span class='ocrx_word' id='word_1_53' title='bbox 126 1387 411 1482; x_wconf 75' lang='lat' dir='ltr'>gubernatorem</span> <span class='ocrx_word' id='word_1_54' title='bbox 439 1389 542 1462; x_wconf 88' lang='lat' dir='ltr'>Urbis</span> <span class='ocrx_word' id='word_1_55' title='bbox 564 1415 585 1463; x_wconf 92' lang='lat' dir='ltr'>a</span> <span class='ocrx_word' id='word_1_56' title='bbox 605 1389 772 1464; x_wconf 85' lang='lat' dir='ltr'>sinistris.</span> <span class='ocrx_word' id='word_1_57' title='bbox 800 1391 941 1464; x_wconf 92' lang='lat' dir='ltr'>Primus</span> <span class='ocrx_word' id='word_1_58' title='bbox 964 1399 1085 1463; x_wconf 90' lang='lat' dir='ltr'>orator</span> <span class='ocrx_word' id='word_1_59' title='bbox 1105 1390 1213 1464; x_wconf 84' lang='lat' dir='ltr'>Ducis</span> <span class='ocrx_word' id='word_1_60' title='bbox 1237 1388 1412 1464; x_wconf 88' lang='lat' dir='ltr'>Mediola-</span> 
     </span>
     <span class='ocr_line' id='line_1_9' title="bbox 73 1511 1415 1611; baseline 0.002 -29"><span class='ocrx_word' id='word_1_61' title='bbox 73 1511 200 1584; x_wconf 88' lang='lat' dir='ltr'>nensis</span> <span class='ocrx_word' id='word_1_62' title='bbox 217 1512 385 1608; x_wconf 82' lang='lat' dir='ltr'>equitavit</span> <span class='ocrx_word' id='word_1_63' title='bbox 400 1514 541 1587; x_wconf 91' lang='lat' dir='ltr'>medios</span> <span class='ocrx_word' id='word_1_64' title='bbox 556 1515 652 1587; x_wconf 94' lang='lat' dir='ltr'>inter</span> <span class='ocrx_word' id='word_1_65' title='bbox 662 1513 976 1611; x_wconf 86' lang='lat' dir='ltr'>archiepiscopum</span> <span class='ocrx_word' id='word_1_66' title='bbox 988 1517 1281 1586; x_wconf 74' lang='lat' dir='ltr'>Beneventanum</span> <span class='ocrx_word' id='word_1_67' title='bbox 1296 1535 1415 1585; x_wconf 88' lang='lat' dir='ltr'>secre-</span> 
     </span>
     <span class='ocr_line' id='line_1_10' title="bbox 75 1635 1414 1736; baseline 0.001 -28"><span class='ocrx_word' id='word_1_68' title='bbox 75 1635 212 1709; x_wconf 86' lang='lat' dir='ltr'>tarium</span> <span class='ocrx_word' id='word_1_69' title='bbox 240 1641 335 1734; x_wconf 87' lang='lat' dir='ltr'>Pape</span> <span class='ocrx_word' id='word_1_70' title='bbox 363 1663 385 1732; x_wconf 82' lang='lat' dir='ltr'>a</span> <span class='ocrx_word' id='word_1_71' title='bbox 414 1639 549 1712; x_wconf 82' lang='lat' dir='ltr'>dextris</span> <span class='ocrx_word' id='word_1_72' title='bbox 573 1645 614 1718; x_wconf 88' lang='lat' dir='ltr'>et</span> <span class='ocrx_word' id='word_1_73' title='bbox 642 1639 694 1712; x_wconf 88' lang='lat' dir='ltr'>lll.</span> <span class='ocrx_word' id='word_1_74' title='bbox 732 1643 774 1713; x_wconf 90' lang='grc' dir='ltr'>Ι).</span> <span class='ocrx_word' id='word_1_75' title='bbox 808 1643 862 1712; x_wconf 92' lang='lat' dir='ltr'>Jo.</span> <span class='ocrx_word' id='word_1_76' title='bbox 900 1639 945 1712; x_wconf 90' lang='lat' dir='ltr'>de</span> <span class='ocrx_word' id='word_1_77' title='bbox 977 1637 1157 1736; x_wconf 83' lang='lat' dir='ltr'>Aragonia</span> <span class='ocrx_word' id='word_1_78' title='bbox 1186 1638 1278 1712; x_wconf 90' lang='lat' dir='ltr'>alme</span> <span class='ocrx_word' id='word_1_79' title='bbox 1310 1637 1414 1711; x_wconf 87' lang='lat' dir='ltr'>Urbis</span> 
     </span>
     <span class='ocr_line' id='line_1_11' title="bbox 73 1758 1417 1861; baseline -0.001 -28"><span class='ocrx_word' id='word_1_80' title='bbox 73 1761 282 1858; x_wconf 78' lang='lat' dir='ltr'>prefectum</span> <span class='ocrx_word' id='word_1_81' title='bbox 300 1785 448 1836; x_wconf 90' lang='lat' dir='ltr'>romane</span> <span class='ocrx_word' id='word_1_82' title='bbox 470 1763 631 1837; x_wconf 86' lang='lat' dir='ltr'>Ecclesia</span> <span class='ocrx_word' id='word_1_83' title='bbox 653 1763 881 1861; x_wconf 81' lang='lat' dir='ltr'>capitaneum</span> <span class='ocrx_word' id='word_1_84' title='bbox 901 1763 1108 1857; x_wconf 75' lang='lat' dir='ltr'>generalem</span> <span class='ocrx_word' id='word_1_85' title='bbox 1125 1760 1218 1835; x_wconf 88' lang='lat' dir='ltr'>Rmi.</span> <span class='ocrx_word' id='word_1_86' title='bbox 1237 1762 1280 1833; x_wconf 95' lang='grc' dir='ltr'>Ι).</span> <span class='ocrx_word' id='word_1_87' title='bbox 1299 1758 1417 1834; x_wconf 87' lang='lat' dir='ltr'>cardi-</span> 
     </span>
     <span class='ocr_line' id='line_1_12' title="bbox 71 1887 1418 1987; baseline -0.002 -28"><span class='ocrx_word' id='word_1_88' title='bbox 71 1887 161 1961; x_wconf 89' lang='lat' dir='ltr'>nalis</span> <span class='ocrx_word' id='word_1_89' title='bbox 196 1912 232 1960; x_wconf 92' lang='lat' dir='ltr'>s.</span> <span class='ocrx_word' id='word_1_90' title='bbox 270 1888 366 1962; x_wconf 87' lang='lat' dir='ltr'>Petri</span> <span class='ocrx_word' id='word_1_91' title='bbox 390 1889 435 1962; x_wconf 95' lang='lat' dir='ltr'>ad</span> <span class='ocrx_word' id='word_1_92' title='bbox 464 1889 616 1964; x_wconf 89' lang='lat' dir='ltr'>Vincula</span> <span class='ocrx_word' id='word_1_93' title='bbox 641 1913 869 1987; x_wconf 83' lang='lat' dir='ltr'>germanum,</span> <span class='ocrx_word' id='word_1_94' title='bbox 896 1888 1106 1964; x_wconf 89' lang='lat' dir='ltr'>asinistris.</span> <span class='ocrx_word' id='word_1_95' title='bbox 1130 1887 1272 1960; x_wconf 87' lang='lat' dir='ltr'>Primus</span> <span class='ocrx_word' id='word_1_96' title='bbox 1297 1891 1418 1960; x_wconf 90' lang='lat' dir='ltr'>orator</span> 
     </span>
    </p>
   </div>
   <div class='ocr_carea' id='block_1_3' title="bbox 73 2011 1530 2111">
    <p class='ocr_par' dir='ltr' id='par_1_4' title="bbox 73 2011 1530 2111">
     <span class='ocr_line' id='line_1_13' title="bbox 73 2011 1530 2111; baseline 0 -27"><span class='ocrx_word' id='word_1_97' title='bbox 73 2011 320 2086; x_wconf 81' lang='lat' dir='ltr'>Ferrariensis</span> <span class='ocrx_word' id='word_1_98' title='bbox 350 2012 520 2110; x_wconf 91' lang='lat' dir='ltr'>equitavit</span> <span class='ocrx_word' id='word_1_99' title='bbox 554 2013 695 2088; x_wconf 89' lang='lat' dir='ltr'>medius</span> <span class='ocrx_word' id='word_1_100' title='bbox 732 2015 827 2088; x_wconf 88' lang='lat' dir='ltr'>inter</span> <span class='ocrx_word' id='word_1_101' title='bbox 859 2015 967 2088; x_wconf 87' lang='lat' dir='ltr'>alium</span> <span class='ocrx_word' id='word_1_102' title='bbox 1002 2011 1205 2111; x_wconf 83' lang='lat' dir='ltr'>predictum</span> <span class='ocrx_word' id='word_1_103' title='bbox 1240 2011 1416 2108; x_wconf 87' lang='lat' dir='ltr'>prelatum</span> <span class='ocrx_word' id='word_1_104' title='bbox 1528 2079 1530 2084; x_wconf 89' lang='lat'><em>.</em></span> 
     </span>
    </p>
   </div>
   <div class='ocr_carea' id='block_1_4' title="bbox 71 2135 1416 5230">
    <p class='ocr_par' dir='ltr' id='par_1_5' title="bbox 71 2135 1416 3618">
     <span class='ocr_line' id='line_1_14' title="bbox 73 2135 1416 2236; baseline -0.002 -26"><span class='ocrx_word' id='word_1_105' title='bbox 73 2138 199 2234; x_wconf 86' lang='lat' dir='ltr'>palatii</span> <span class='ocrx_word' id='word_1_106' title='bbox 231 2138 411 2211; x_wconf 81' lang='lat' dir='ltr'>adexlris</span> <span class='ocrx_word' id='word_1_107' title='bbox 441 2145 477 2212; x_wconf 90' lang='lat' dir='ltr'>et</span> <span class='ocrx_word' id='word_1_108' title='bbox 508 2147 691 2213; x_wconf 88' lang='lat' dir='ltr'>oratorem</span> <span class='ocrx_word' id='word_1_109' title='bbox 719 2140 813 2236; x_wconf 81' lang='lat' dir='ltr'>regis</span> <span class='ocrx_word' id='word_1_110' title='bbox 837 2139 964 2236; x_wconf 82' lang='lat' dir='ltr'>Anglie</span> <span class='ocrx_word' id='word_1_111' title='bbox 988 2163 1009 2210; x_wconf 93' lang='lat' dir='ltr'>a</span> <span class='ocrx_word' id='word_1_112' title='bbox 1032 2137 1197 2212; x_wconf 86' lang='lat' dir='ltr'>sinistris.</span> <span class='ocrx_word' id='word_1_113' title='bbox 1228 2135 1416 2208; x_wconf 88' lang='lat' dir='ltr'>Secundus</span> 
     </span>
     <span class='ocr_line' id='line_1_15' title="bbox 74 2260 1415 2362; baseline -0.004 -26"><span class='ocrx_word' id='word_1_114' title='bbox 74 2271 202 2338; x_wconf 91' lang='lat' dir='ltr'>orator</span> <span class='ocrx_word' id='word_1_115' title='bbox 221 2263 458 2340; x_wconf 73' lang='lat' dir='ltr'>venetiarum</span> <span class='ocrx_word' id='word_1_116' title='bbox 482 2265 576 2338; x_wconf 90' lang='lat' dir='ltr'>inter</span> <span class='ocrx_word' id='word_1_117' title='bbox 594 2265 702 2338; x_wconf 90' lang='lat' dir='ltr'>alium</span> <span class='ocrx_word' id='word_1_118' title='bbox 725 2265 903 2362; x_wconf 88' lang='lat' dir='ltr'>prelatum</span> <span class='ocrx_word' id='word_1_119' title='bbox 927 2263 1092 2362; x_wconf 81' lang='lat' dir='ltr'>palatiis</span> <span class='ocrx_word' id='word_1_120' title='bbox 1119 2260 1253 2335; x_wconf 86' lang='lat' dir='ltr'>dextris</span> <span class='ocrx_word' id='word_1_121' title='bbox 1274 2267 1310 2332; x_wconf 86' lang='lat' dir='ltr'>et</span> <span class='ocrx_word' id='word_1_122' title='bbox 1333 2283 1415 2332; x_wconf 91' lang='lat' dir='ltr'>ora-</span> 
     </span>
     <span class='ocr_line' id='line_1_16' title="bbox 74 2384 1413 2486; baseline -0.004 -24"><span class='ocrx_word' id='word_1_123' title='bbox 74 2396 196 2464; x_wconf 87' lang='lat' dir='ltr'>torem</span> <span class='ocrx_word' id='word_1_124' title='bbox 214 2389 374 2486; x_wconf 85' lang='lat' dir='ltr'>regalem</span> <span class='ocrx_word' id='word_1_125' title='bbox 390 2389 588 2464; x_wconf 88' lang='lat' dir='ltr'>asinistris.</span> <span class='ocrx_word' id='word_1_126' title='bbox 608 2390 745 2464; x_wconf 87' lang='lat' dir='ltr'>Deinde</span> <span class='ocrx_word' id='word_1_127' title='bbox 766 2391 855 2463; x_wconf 90' lang='lat' dir='ltr'>alius</span> <span class='ocrx_word' id='word_1_128' title='bbox 876 2397 997 2464; x_wconf 91' lang='lat' dir='ltr'>orator</span> <span class='ocrx_word' id='word_1_129' title='bbox 1012 2384 1290 2462; x_wconf 88' lang='lat' dir='ltr'>lllediolnnensis</span> <span class='ocrx_word' id='word_1_130' title='bbox 1307 2389 1342 2458; x_wconf 94' lang='lat' dir='ltr'>et</span> <span class='ocrx_word' id='word_1_131' title='bbox 1360 2384 1413 2457; x_wconf 88' lang='lat' dir='ltr'>sic</span> 
     </span>
     <span class='ocr_line' id='line_1_17' title="bbox 76 2507 1413 2611; baseline -0.004 -24"><span class='ocrx_word' id='word_1_132' title='bbox 76 2515 135 2588; x_wconf 90' lang='lat' dir='ltr'>alii</span> <span class='ocrx_word' id='word_1_133' title='bbox 150 2513 228 2588; x_wconf 90' lang='lat' dir='ltr'>hoc</span> <span class='ocrx_word' id='word_1_134' title='bbox 246 2515 371 2588; x_wconf 89' lang='lat' dir='ltr'>ordine</span> <span class='ocrx_word' id='word_1_135' title='bbox 392 2521 473 2589; x_wconf 90' lang='lat' dir='ltr'>suut</span> <span class='ocrx_word' id='word_1_136' title='bbox 490 2516 617 2608; x_wconf 89' lang='lat' dir='ltr'>secuti,</span> <span class='ocrx_word' id='word_1_137' title='bbox 641 2516 808 2589; x_wconf 89' lang='lat' dir='ltr'>associati</span> <span class='ocrx_word' id='word_1_138' title='bbox 828 2539 940 2611; x_wconf 91' lang='lat' dir='ltr'>usque</span> <span class='ocrx_word' id='word_1_139' title='bbox 963 2514 1008 2588; x_wconf 89' lang='lat' dir='ltr'>ad</span> <span class='ocrx_word' id='word_1_140' title='bbox 1030 2514 1179 2587; x_wconf 91' lang='lat' dir='ltr'>domum</span> <span class='ocrx_word' id='word_1_141' title='bbox 1200 2515 1242 2584; x_wconf 92' lang='grc' dir='ltr'>Ι).</span> <span class='ocrx_word' id='word_1_142' title='bbox 1259 2507 1356 2583; x_wconf 90' lang='lat' dir='ltr'>Petri</span> <span class='ocrx_word' id='word_1_143' title='bbox 1369 2510 1413 2582; x_wconf 91' lang='lat' dir='ltr'>de</span> 
     </span>
     <span class='ocr_line' id='line_1_18' title="bbox 75 2633 1415 2750; baseline -0.006 -38"><span class='ocrx_word' id='word_1_144' title='bbox 75 2645 196 2714; x_wconf 88' lang='lat' dir='ltr'>Roma</span> <span class='ocrx_word' id='word_1_145' title='bbox 212 2663 285 2714; x_wconf 94' lang='lat' dir='ltr'>non</span> <span class='ocrx_word' id='word_1_146' title='bbox 301 2639 409 2737; x_wconf 86' lang='lat' dir='ltr'>longe</span> <span class='ocrx_word' id='word_1_147' title='bbox 433 2643 477 2714; x_wconf 93' lang='lat' dir='ltr'>ab</span> <span class='ocrx_word' id='word_1_148' title='bbox 503 2641 658 2715; x_wconf 89' lang='lat' dir='ltr'>ecclesia</span> <span class='ocrx_word' id='word_1_149' title='bbox 681 2641 785 2714; x_wconf 87' lang='lat' dir='ltr'>beate</span> <span class='ocrx_word' id='word_1_150' title='bbox 806 2640 917 2714; x_wconf 88' lang='lat' dir='ltr'>ltlarie</span> <span class='ocrx_word' id='word_1_151' title='bbox 940 2641 984 2712; x_wconf 91' lang='lat' dir='ltr'>de</span> <span class='ocrx_word' id='word_1_152' title='bbox 1003 2637 1162 2712; x_wconf 85' lang='lat' dir='ltr'>Minerva</span> <span class='ocrx_word' id='word_1_153' title='bbox 1185 2635 1359 2750; x_wconf 66' lang='lat' dir='ltr'>positam,</span> <span class='ocrx_word' id='word_1_154' title='bbox 1377 2633 1415 2704; x_wconf 94' lang='lat' dir='ltr'>in</span> 
     </span>
     <span class='ocr_line' id='line_1_19' title="bbox 74 2765 1416 2864; baseline -0.006 -24"><span class='ocrx_word' id='word_1_155' title='bbox 74 2791 145 2863; x_wconf 91' lang='lat' dir='ltr'>qua</span> <span class='ocrx_word' id='word_1_156' title='bbox 162 2767 367 2864; x_wconf 86' lang='lat' dir='ltr'>hospitatus</span> <span class='ocrx_word' id='word_1_157' title='bbox 388 2771 443 2840; x_wconf 90' lang='lat' dir='ltr'>est</span> <span class='ocrx_word' id='word_1_158' title='bbox 463 2767 600 2864; x_wconf 92' lang='lat' dir='ltr'>primus</span> <span class='ocrx_word' id='word_1_159' title='bbox 620 2773 742 2840; x_wconf 92' lang='lat' dir='ltr'>orator</span> <span class='ocrx_word' id='word_1_160' title='bbox 760 2771 935 2856; x_wconf 88' lang='lat' dir='ltr'>Venetus,</span> <span class='ocrx_word' id='word_1_161' title='bbox 958 2765 1018 2838; x_wconf 94' lang='lat' dir='ltr'>ubi</span> <span class='ocrx_word' id='word_1_162' title='bbox 1037 2787 1165 2837; x_wconf 89' lang='lat' dir='ltr'>omnes</span> <span class='ocrx_word' id='word_1_163' title='bbox 1187 2767 1349 2836; x_wconf 88' lang='lat' dir='ltr'>oratores</span> <span class='ocrx_word' id='word_1_164' title='bbox 1371 2783 1416 2832; x_wconf 87' lang='lat' dir='ltr'>ex</span> 
     </span>
     <span class='ocr_line' id='line_1_20' title="bbox 74 2886 1415 2988; baseline -0.005 -24"><span class='ocrx_word' id='word_1_165' title='bbox 74 2915 171 2988; x_wconf 90' lang='lat' dir='ltr'>equo</span> <span class='ocrx_word' id='word_1_166' title='bbox 188 2893 466 2966; x_wconf 89' lang='lat' dir='ltr'>descendemnt.</span> <span class='ocrx_word' id='word_1_167' title='bbox 490 2893 628 2967; x_wconf 87' lang='lat' dir='ltr'>Deinde</span> <span class='ocrx_word' id='word_1_168' title='bbox 647 2899 808 2968; x_wconf 89' lang='lat' dir='ltr'>oratores</span> <span class='ocrx_word' id='word_1_169' title='bbox 831 2891 931 2965; x_wconf 91' lang='lat' dir='ltr'>ducis</span> <span class='ocrx_word' id='word_1_170' title='bbox 951 2889 1229 2964; x_wconf 85' lang='lat' dir='ltr'>Mediolanensis</span> <span class='ocrx_word' id='word_1_171' title='bbox 1252 2886 1311 2982; x_wconf 91' lang='lat' dir='ltr'>qui</span> <span class='ocrx_word' id='word_1_172' title='bbox 1330 2886 1415 2958; x_wconf 91' lang='lat' dir='ltr'>hos·</span> 
     </span>
     <span class='ocr_line' id='line_1_21' title="bbox 71 3011 1414 3116; baseline -0.002 -29"><span class='ocrx_word' id='word_1_173' title='bbox 71 3015 176 3112; x_wconf 90' lang='lat' dir='ltr'>pitati</span> <span class='ocrx_word' id='word_1_174' title='bbox 198 3016 345 3089; x_wconf 85' lang='lat' dir='ltr'>luerunt</span> <span class='ocrx_word' id='word_1_175' title='bbox 370 3015 407 3089; x_wconf 93' lang='lat' dir='ltr'>in</span> <span class='ocrx_word' id='word_1_176' title='bbox 430 3017 562 3113; x_wconf 86' lang='lat' dir='ltr'>palatio</span> <span class='ocrx_word' id='word_1_177' title='bbox 592 3017 753 3116; x_wconf 91' lang='lat' dir='ltr'>ipsorum</span> <span class='ocrx_word' id='word_1_178' title='bbox 783 3020 827 3093; x_wconf 91' lang='lat' dir='ltr'>de</span> <span class='ocrx_word' id='word_1_179' title='bbox 858 3021 983 3090; x_wconf 89' lang='lat' dir='ltr'>sancta</span> <span class='ocrx_word' id='word_1_180' title='bbox 1011 3020 1125 3090; x_wconf 86' lang='lat' dir='ltr'>Cruce</span> <span class='ocrx_word' id='word_1_181' title='bbox 1155 3038 1228 3086; x_wconf 94' lang='lat' dir='ltr'>non</span> <span class='ocrx_word' id='word_1_182' title='bbox 1251 3011 1359 3107; x_wconf 84' lang='lat' dir='ltr'>longe</span> <span class='ocrx_word' id='word_1_183' title='bbox 1391 3033 1414 3084; x_wconf 87' lang='lat' dir='ltr'>a</span> 
     </span>
     <span class='ocr_line' id='line_1_22' title="bbox 74 3139 1416 3242; baseline -0.004 -28"><span class='ocrx_word' id='word_1_184' title='bbox 74 3163 210 3239; x_wconf 88' lang='lat' dir='ltr'>campo</span> <span class='ocrx_word' id='word_1_185' title='bbox 225 3141 329 3216; x_wconf 86' lang='lat' dir='ltr'>Flore</span> <span class='ocrx_word' id='word_1_186' title='bbox 346 3142 520 3238; x_wconf 87' lang='lat' dir='ltr'>usquead</span> <span class='ocrx_word' id='word_1_187' title='bbox 538 3143 633 3218; x_wconf 89' lang='lat' dir='ltr'>idem</span> <span class='ocrx_word' id='word_1_188' title='bbox 650 3145 818 3242; x_wconf 88' lang='lat' dir='ltr'>palatium</span> <span class='ocrx_word' id='word_1_189' title='bbox 837 3145 944 3218; x_wconf 91' lang='lat' dir='ltr'>etiam</span> <span class='ocrx_word' id='word_1_190' title='bbox 961 3169 982 3217; x_wconf 91' lang='lat' dir='ltr'>a</span> <span class='ocrx_word' id='word_1_191' title='bbox 997 3139 1281 3216; x_wconf 89' lang='lat' dir='ltr'>Ferrariensium</span> <span class='ocrx_word' id='word_1_192' title='bbox 1298 3141 1416 3209; x_wconf 89' lang='lat' dir='ltr'>orato-</span> 
     </span>
     <span class='ocr_line' id='line_1_23' title="bbox 75 3261 1414 3359; baseline -0.004 -21"><span class='ocrx_word' id='word_1_193' title='bbox 75 3267 178 3340; x_wconf 90' lang='lat' dir='ltr'>ribus</span> <span class='ocrx_word' id='word_1_194' title='bbox 194 3267 339 3342; x_wconf 87' lang='lat' dir='ltr'>suerunl</span> <span class='ocrx_word' id='word_1_195' title='bbox 354 3268 540 3358; x_wconf 87' lang='lat' dir='ltr'>associali;</span> <span class='ocrx_word' id='word_1_196' title='bbox 560 3274 635 3342; x_wconf 90' lang='lat' dir='ltr'>tum</span> <span class='ocrx_word' id='word_1_197' title='bbox 655 3270 764 3344; x_wconf 92' lang='lat' dir='ltr'>iidem</span> <span class='ocrx_word' id='word_1_198' title='bbox 784 3277 947 3344; x_wconf 89' lang='lat' dir='ltr'>oratores</span> <span class='ocrx_word' id='word_1_199' title='bbox 968 3267 1217 3342; x_wconf 88' lang='lat' dir='ltr'>Ferrarienses</span> <span class='ocrx_word' id='word_1_200' title='bbox 1238 3261 1414 3359; x_wconf 90' lang='lat' dir='ltr'>usquead</span> 
     </span>
     <span class='ocr_line' id='line_1_24' title="bbox 74 3385 1413 3492; baseline -0.005 -28"><span class='ocrx_word' id='word_1_201' title='bbox 74 3393 229 3467; x_wconf 92' lang='lat' dir='ltr'>domum</span> <span class='ocrx_word' id='word_1_202' title='bbox 259 3393 446 3492; x_wconf 89' lang='lat' dir='ltr'>cujusdam</span> <span class='ocrx_word' id='word_1_203' title='bbox 472 3394 650 3467; x_wconf 89' lang='lat' dir='ltr'>Joaebimi</span> <span class='ocrx_word' id='word_1_204' title='bbox 680 3395 725 3470; x_wconf 89' lang='lat' dir='ltr'>de</span> <span class='ocrx_word' id='word_1_205' title='bbox 749 3396 883 3468; x_wconf 83' lang='lat' dir='ltr'>Narnia</span> <span class='ocrx_word' id='word_1_206' title='bbox 909 3394 1070 3468; x_wconf 86' lang='lat' dir='ltr'>advocati</span> <span class='ocrx_word' id='word_1_207' title='bbox 1095 3386 1354 3465; x_wconf 88' lang='lat' dir='ltr'>consistorialis</span> <span class='ocrx_word' id='word_1_208' title='bbox 1376 3385 1413 3458; x_wconf 92' lang='lat' dir='ltr'>in</span> 
     </span>
     <span class='ocr_line' id='line_1_25' title="bbox 76 3517 1216 3618; baseline -0.004 -26"><span class='ocrx_word' id='word_1_209' title='bbox 76 3517 289 3614; x_wconf 85' lang='lat' dir='ltr'>pelliciaria,</span> <span class='ocrx_word' id='word_1_210' title='bbox 309 3520 344 3591; x_wconf 93' lang='lat' dir='ltr'>in</span> <span class='ocrx_word' id='word_1_211' title='bbox 360 3545 429 3616; x_wconf 91' lang='lat' dir='ltr'>qua</span> <span class='ocrx_word' id='word_1_212' title='bbox 443 3519 614 3618; x_wconf 90' lang='lat' dir='ltr'>hospitati</span> <span class='ocrx_word' id='word_1_213' title='bbox 631 3521 787 3612; x_wconf 89' lang='lat' dir='ltr'>luerunt,</span> <span class='ocrx_word' id='word_1_214' title='bbox 802 3519 968 3594; x_wconf 89' lang='lat' dir='ltr'>associati</span> <span class='ocrx_word' id='word_1_215' title='bbox 979 3543 1081 3592; x_wconf 92' lang='lat' dir='ltr'>more</span> <span class='ocrx_word' id='word_1_216' title='bbox 1098 3517 1216 3590; x_wconf 92' lang='lat' dir='ltr'>solito.</span> 
     </span>
    </p>

    <p class='ocr_par' dir='ltr' id='par_1_6' title="bbox 74 3642 1415 4475">
     <span class='ocr_line' id='line_1_26' title="bbox 126 3642 1413 3744; baseline -0.004 -26"><span class='ocrx_word' id='word_1_217' title='bbox 126 3643 299 3732; x_wconf 87' lang='lat' dir='ltr'>Sabbata,</span> <span class='ocrx_word' id='word_1_218' title='bbox 329 3649 373 3718; x_wconf 82' lang='lat'>28</span> <span class='ocrx_word' id='word_1_219' title='bbox 399 3646 533 3720; x_wconf 88' lang='lat' dir='ltr'>mensis</span> <span class='ocrx_word' id='word_1_220' title='bbox 555 3647 654 3738; x_wconf 85' lang='lat' dir='ltr'>maii,</span> <span class='ocrx_word' id='word_1_221' title='bbox 679 3647 798 3744; x_wconf 81' lang='lat' dir='ltr'>vigilia</span> <span class='ocrx_word' id='word_1_222' title='bbox 823 3673 853 3718; x_wconf 90' lang='lat' dir='ltr'>s.</span> <span class='ocrx_word' id='word_1_223' title='bbox 881 3645 1063 3736; x_wconf 88' lang='lat' dir='ltr'>trinitatis,</span> <span class='ocrx_word' id='word_1_224' title='bbox 1090 3642 1235 3717; x_wconf 90' lang='lat' dir='ltr'>luerunt</span> <span class='ocrx_word' id='word_1_225' title='bbox 1264 3663 1413 3737; x_wconf 89' lang='lat' dir='ltr'>vespere</span> 
     </span>
     <span class='ocr_line' id='line_1_27' title="bbox 76 3763 1413 3870; baseline -0.006 -26"><span class='ocrx_word' id='word_1_226' title='bbox 76 3770 226 3867; x_wconf 87' lang='lat' dir='ltr'>papales</span> <span class='ocrx_word' id='word_1_227' title='bbox 248 3771 285 3843; x_wconf 91' lang='lat' dir='ltr'>in</span> <span class='ocrx_word' id='word_1_228' title='bbox 305 3771 443 3869; x_wconf 86' lang='lat' dir='ltr'>capella</span> <span class='ocrx_word' id='word_1_229' title='bbox 462 3773 600 3869; x_wconf 86' lang='lat' dir='ltr'>majore</span> <span class='ocrx_word' id='word_1_230' title='bbox 626 3773 843 3870; x_wconf 87' lang='lat' dir='ltr'>supradicta,</span> <span class='ocrx_word' id='word_1_231' title='bbox 869 3776 965 3868; x_wconf 89' lang='lat' dir='ltr'>Papa</span> <span class='ocrx_word' id='word_1_232' title='bbox 984 3769 1147 3860; x_wconf 87' lang='lat' dir='ltr'>absente,</span> <span class='ocrx_word' id='word_1_233' title='bbox 1172 3763 1413 3841; x_wconf 87' lang='lat' dir='ltr'>cardinalibus</span> 
     </span>
     <span class='ocr_line' id='line_1_28' title="bbox 74 3891 1413 3988; baseline 0 -24"><span class='ocrx_word' id='word_1_234' title='bbox 74 3894 320 3988; x_wconf 90' lang='lat' dir='ltr'>presentibus.</span> <span class='ocrx_word' id='word_1_235' title='bbox 339 3896 463 3968; x_wconf 85' lang='lat' dir='ltr'>Rmus.</span> <span class='ocrx_word' id='word_1_236' title='bbox 483 3899 525 3969; x_wconf 92' lang='grc' dir='ltr'>Ι).</span> <span class='ocrx_word' id='word_1_237' title='bbox 544 3895 736 3970; x_wconf 89' lang='lat' dir='ltr'>cardinalis</span> <span class='ocrx_word' id='word_1_238' title='bbox 751 3901 955 3972; x_wconf 85' lang='lat' dir='ltr'>Parmensis</span> <span class='ocrx_word' id='word_1_239' title='bbox 971 3898 1057 3972; x_wconf 87' lang='lat' dir='ltr'>lecit</span> <span class='ocrx_word' id='word_1_240' title='bbox 1073 3895 1251 3984; x_wconf 84' lang='lat' dir='ltr'>officium;</span> <span class='ocrx_word' id='word_1_241' title='bbox 1267 3899 1302 3966; x_wconf 86' lang='lat' dir='ltr'>et</span> <span class='ocrx_word' id='word_1_242' title='bbox 1317 3891 1413 3964; x_wconf 90' lang='lat' dir='ltr'>diota</span> 
     </span>
     <span class='ocr_line' id='line_1_29' title="bbox 75 4013 1415 4119; baseline -0.003 -30"><span class='ocrx_word' id='word_1_243' title='bbox 75 4017 257 4110; x_wconf 88' lang='lat' dir='ltr'>oratione,</span> <span class='ocrx_word' id='word_1_244' title='bbox 275 4045 333 4093; x_wconf 90' lang='lat' dir='ltr'>me</span> <span class='ocrx_word' id='word_1_245' title='bbox 349 4019 551 4118; x_wconf 84' lang='lat' dir='ltr'>ignorante,</span> <span class='ocrx_word' id='word_1_246' title='bbox 567 4027 734 4096; x_wconf 87' lang='lat' dir='ltr'>cantores</span> <span class='ocrx_word' id='word_1_247' title='bbox 750 4021 916 4096; x_wconf 86' lang='lat' dir='ltr'>dixemnt</span> <span class='ocrx_word' id='word_1_248' title='bbox 932 4018 1289 4119; x_wconf 89' lang='lat' dir='ltr'>antiphonamprime</span> <span class='ocrx_word' id='word_1_249' title='bbox 1301 4013 1415 4088; x_wconf 74' lang='lat' dir='ltr'>domi2</span> 
     </span>
     <span class='ocr_line' id='line_1_30' title="bbox 76 4137 1407 4246; baseline -0.004 -32"><span class='ocrx_word' id='word_1_250' title='bbox 76 4142 179 4234; x_wconf 56' lang='lat' dir='ltr'>ni,ce;</span> <span class='ocrx_word' id='word_1_251' title='bbox 193 4169 237 4218; x_wconf 86' lang='lat' dir='ltr'>ex</span> <span class='ocrx_word' id='word_1_252' title='bbox 252 4169 323 4240; x_wconf 91' lang='lat' dir='ltr'>quo</span> <span class='ocrx_word' id='word_1_253' title='bbox 340 4148 498 4246; x_wconf 92' lang='lat' dir='ltr'>oportuit</span> <span class='ocrx_word' id='word_1_254' title='bbox 514 4145 736 4220; x_wconf 85' lang='lat' dir='ltr'>cardinalem</span> <span class='ocrx_word' id='word_1_255' title='bbox 754 4146 955 4222; x_wconf 90' lang='lat' dir='ltr'>orationem</span> <span class='ocrx_word' id='word_1_256' title='bbox 971 4143 1245 4219; x_wconf 87' lang='lat' dir='ltr'>convenientem</span> <span class='ocrx_word' id='word_1_257' title='bbox 1260 4137 1407 4228; x_wconf 89' lang='lat' dir='ltr'>addere,</span> 
     </span>
     <span class='ocr_line' id='line_1_31' title="bbox 79 4262 1410 4369; baseline -0.003 -31"><span class='ocrx_word' id='word_1_258' title='bbox 79 4291 155 4364; x_wconf 90' lang='lat' dir='ltr'>quo</span> <span class='ocrx_word' id='word_1_259' title='bbox 174 4291 262 4368; x_wconf 84' lang='lat' dir='ltr'>ergo</span> <span class='ocrx_word' id='word_1_260' title='bbox 284 4272 371 4345; x_wconf 91' lang='lat' dir='ltr'>alios</span> <span class='ocrx_word' id='word_1_261' title='bbox 392 4273 428 4345; x_wconf 93' lang='lat' dir='ltr'>in</span> <span class='ocrx_word' id='word_1_262' title='bbox 449 4271 588 4369; x_wconf 88' lang='lat' dir='ltr'>capella</span> <span class='ocrx_word' id='word_1_263' title='bbox 612 4271 786 4369; x_wconf 85' lang='lat' dir='ltr'>predicta,</span> <span class='ocrx_word' id='word_1_264' title='bbox 816 4279 853 4346; x_wconf 91' lang='lat' dir='ltr'>ut</span> <span class='ocrx_word' id='word_1_265' title='bbox 884 4272 1029 4368; x_wconf 92' lang='lat' dir='ltr'>quidam</span> <span class='ocrx_word' id='word_1_266' title='bbox 1053 4268 1263 4355; x_wconf 87' lang='lat' dir='ltr'>retulerunt,</span> <span class='ocrx_word' id='word_1_267' title='bbox 1295 4262 1410 4337; x_wconf 91' lang='lat' dir='ltr'>omitti</span> 
     </span>
     <span class='ocr_line' id='line_1_32' title="bbox 81 4399 280 4475; baseline 0.03 -7"><span class='ocrx_word' id='word_1_268' title='bbox 81 4399 280 4475; x_wconf 80' lang='lat' dir='ltr'>consuevit.</span> 
     </span>
    </p>

    <p class='ocr_par' dir='ltr' id='par_1_7' title="bbox 79 4513 1416 5230">
     <span class='ocr_line' id='line_1_33' title="bbox 135 4513 1407 4624; baseline -0.01 -27"><span class='ocrx_word' id='word_1_269' title='bbox 135 4525 324 4600; x_wconf 87' lang='lat' dir='ltr'>Dominica</span> <span class='ocrx_word' id='word_1_270' title='bbox 346 4527 523 4624; x_wconf 88' lang='lat' dir='ltr'>sequenti,</span> <span class='ocrx_word' id='word_1_271' title='bbox 546 4527 636 4602; x_wconf 86' lang='lat' dir='ltr'>sesto</span> <span class='ocrx_word' id='word_1_272' title='bbox 652 4525 818 4600; x_wconf 84' lang='lat' dir='ltr'>videlicet</span> <span class='ocrx_word' id='word_1_273' title='bbox 842 4549 871 4596; x_wconf 90' lang='lat' dir='ltr'>s.</span> <span class='ocrx_word' id='word_1_274' title='bbox 892 4521 1072 4610; x_wconf 86' lang='lat' dir='ltr'>trinitatis,</span> <span class='ocrx_word' id='word_1_275' title='bbox 1099 4518 1195 4592; x_wconf 93' lang='lat' dir='ltr'>idem</span> <span class='ocrx_word' id='word_1_276' title='bbox 1215 4518 1340 4588; x_wconf 85' lang='lat' dir='ltr'>llmus.</span> <span class='ocrx_word' id='word_1_277' title='bbox 1365 4513 1407 4584; x_wconf 92' lang='grc' dir='ltr'>Ι).</span> 
     </span>
     <span class='ocr_line' id='line_1_34' title="bbox 82 4637 1411 4727; baseline -0.01 -7"><span class='ocrx_word' id='word_1_278' title='bbox 82 4649 274 4725; x_wconf 85' lang='lat' dir='ltr'>cardinalis</span> <span class='ocrx_word' id='word_1_279' title='bbox 318 4653 523 4727; x_wconf 90' lang='lat' dir='ltr'>Parmensis</span> <span class='ocrx_word' id='word_1_280' title='bbox 565 4651 757 4726; x_wconf 83' lang='lat' dir='ltr'>celebravit</span> <span class='ocrx_word' id='word_1_281' title='bbox 794 4649 942 4723; x_wconf 86' lang='lat' dir='ltr'>missam</span> <span class='ocrx_word' id='word_1_282' title='bbox 980 4645 1181 4718; x_wconf 90' lang='lat' dir='ltr'>solemnem</span> <span class='ocrx_word' id='word_1_283' title='bbox 1215 4641 1251 4714; x_wconf 90' lang='lat' dir='ltr'>in</span> <span class='ocrx_word' id='word_1_284' title='bbox 1284 4637 1411 4712; x_wconf 89' lang='lat' dir='ltr'>eadem</span> 
     </span>
     <span class='ocr_line' id='line_1_35' title="bbox 80 4757 1414 4876; baseline -0.01 -28"><span class='ocrx_word' id='word_1_285' title='bbox 80 4775 345 4876; x_wconf 44' lang='lat' dir='ltr'>capella,⁴Papa</span> <span class='ocrx_word' id='word_1_286' title='bbox 360 4780 523 4872; x_wconf 87' lang='lat' dir='ltr'>absente,</span> <span class='ocrx_word' id='word_1_287' title='bbox 543 4777 781 4853; x_wconf 88' lang='lat' dir='ltr'>cardinalibus</span> <span class='ocrx_word' id='word_1_288' title='bbox 801 4771 1040 4874; x_wconf 76' lang='lat' dir='ltr'>presentibus,</span> <span class='ocrx_word' id='word_1_289' title='bbox 1064 4771 1099 4842; x_wconf 88' lang='lat' dir='ltr'>in</span> <span class='ocrx_word' id='word_1_290' title='bbox 1118 4793 1189 4866; x_wconf 90' lang='lat' dir='ltr'>qua</span> <span class='ocrx_word' id='word_1_291' title='bbox 1203 4757 1301 4838; x_wconf 91' lang='lat' dir='ltr'>nulla</span> <span class='ocrx_word' id='word_1_292' title='bbox 1317 4787 1414 4838; x_wconf 91' lang='lat' dir='ltr'>com·</span> 
     </span>
     <span class='ocr_line' id='line_1_36' title="bbox 82 4888 1414 4997; baseline -0.008 -27"><span class='ocrx_word' id='word_1_293' title='bbox 82 4902 297 4976; x_wconf 89' lang='lat' dir='ltr'>memoratio</span> <span class='ocrx_word' id='word_1_294' title='bbox 313 4904 436 4980; x_wconf 87' lang='lat' dir='ltr'>habita</span> <span class='ocrx_word' id='word_1_295' title='bbox 452 4910 520 4978; x_wconf 86' lang='lat' dir='ltr'>est.</span> <span class='ocrx_word' id='word_1_296' title='bbox 535 4907 749 4979; x_wconf 88' lang='lat' dir='ltr'>Sermonem</span> <span class='ocrx_word' id='word_1_297' title='bbox 765 4901 848 4976; x_wconf 90' lang='lat' dir='ltr'>lecit</span> <span class='ocrx_word' id='word_1_298' title='bbox 863 4897 1007 4997; x_wconf 88' lang='lat' dir='ltr'>quidam</span> <span class='ocrx_word' id='word_1_299' title='bbox 1024 4895 1135 4986; x_wconf 90' lang='lat' dir='ltr'>Brito,</span> <span class='ocrx_word' id='word_1_300' title='bbox 1153 4893 1263 4966; x_wconf 88' lang='lat' dir='ltr'>lroter</span> <span class='ocrx_word' id='word_1_301' title='bbox 1278 4888 1414 4964; x_wconf 90' lang='lat' dir='ltr'>ordinis</span> 
     </span>
     <span class='ocr_line' id='line_1_37' title="bbox 79 5016 1416 5128; baseline -0.007 -33"><span class='ocrx_word' id='word_1_302' title='bbox 79 5025 276 5120; x_wconf 90' lang='lat' dir='ltr'>minorum,</span> <span class='ocrx_word' id='word_1_303' title='bbox 301 5031 508 5128; x_wconf 89' lang='lat' dir='ltr'>capellanus</span> <span class='ocrx_word' id='word_1_304' title='bbox 528 5030 621 5103; x_wconf 91' lang='lat' dir='ltr'>Rmi.</span> <span class='ocrx_word' id='word_1_305' title='bbox 642 5033 682 5104; x_wconf 88' lang='grc' dir='ltr'>Ι).</span> <span class='ocrx_word' id='word_1_306' title='bbox 703 5027 893 5104; x_wconf 86' lang='lat' dir='ltr'>cardinalis</span> <span class='ocrx_word' id='word_1_307' title='bbox 912 5051 940 5098; x_wconf 93' lang='lat' dir='ltr'>s.</span> <span class='ocrx_word' id='word_1_308' title='bbox 959 5021 1116 5119; x_wconf 85' lang='lat' dir='ltr'>Georgii.</span> <span class='ocrx_word' id='word_1_309' title='bbox 1135 5019 1212 5094; x_wconf 82' lang='lat' dir='ltr'>Alia</span> <span class='ocrx_word' id='word_1_310' title='bbox 1228 5016 1416 5091; x_wconf 84' lang='lat' dir='ltr'>observata</span> 
     </span>
     <span class='ocr_line' id='line_1_38' title="bbox 82 5156 410 5230; baseline 0.027 -9"><span class='ocrx_word' id='word_1_311' title='bbox 82 5156 410 5230; x_wconf 88' lang='lat' dir='ltr'>suntmoresolito.</span> 
     </span>
    </p>
   </div>
   <div class='ocr_carea' id='block_1_5' title="bbox 0 0 1752 6053">
    <p class='ocr_par' dir='ltr' id='par_1_8' title="bbox 0 0 1752 6053">
     <span class='ocr_line' id='line_1_39' title="bbox 0 0 1752 6053; baseline 0 0"><span class='ocrx_word' id='word_1_312' title='bbox 0 0 1752 6053; x_wconf 95' lang='lat' dir='ltr'> </span> 
     </span>
    </p>
   </div>
  </div>
 </body>
</html>
