3600 6094
136 505 293 572 [Decembre
311 502 382 566 1113]
472 499 598 556 RERUM
618 497 845 555 URBANARUM
866 498 1127 557 COMMENTARII.
1453 505 1470 560 3

134 669 172 735 ct
191 656 360 734 Ilcinensi
387 654 568 754 prefectus
586 660 653 744 est,
679 675 721 727 ac
742 652 823 728 loco
844 661 879 728 et
899 655 1020 729 olticio
1042 655 1252 753 hujusmodi
1276 657 1398 740 cessit,
1416 664 1466 748 et,

134 786 302 860 cessione
325 782 496 871 admissa,
525 779 672 854 deloco
697 778 742 852 ab
767 780 853 876 ipsis
878 804 944 877 per
974 781 1241 854 sanctissimum
1265 782 1301 854 in
1327 781 1469 855 Christo

136 919 278 1008 patrem
306 915 343 983 et
368 909 410 980 1).
431 909 473 980 N.
500 907 543 978 1).
568 903 720 994 Sixtum,
748 904 865 978 divina
893 906 1115 1002 providentia
1148 931 1279 1004 papam
1304 909 1380 998 IIII,
1407 929 1473 1003 per

135 1036 273 1110 litteras
292 1057 376 1108 suas
400 1029 618 1129 apostolicas
640 1030 706 1104 sub
732 1030 815 1104 data
836 1031 941 1106 tertio
959 1031 1132 1106 kalendas
1153 1031 1355 1114 decembris
1377 1055 1472 1104 anno

138 1161 283 1236 Domini
303 1160 635 1248 rrcccctrtxxlrl,
652 1157 883 1256 pontificatus
900 1157 954 1231 sui
974 1182 1069 1232 anno
1089 1159 1196 1234 tertio
1219 1159 1360 1233 decimo
1383 1158 1473 1231 mihi

137 1285 322 1384 provisum
342 1284 426 1375 Iuit3
445 1305 511 1379 pro
529 1281 658 1378 quibus
679 1281 765 1355 solvi
785 1281 926 1378 pretato
950 1285 993 1356 D.
1017 1284 1188 1380 episcopo
1213 1283 1377 1357 Pientino
1402 1305 1474 1356 una

137 1435 223 1486 cum
245 1410 414 1508 expensis
440 1407 571 1482 habitis
594 1413 790 1503 propterea
813 1407 850 1479 in
879 1415 994 1482 totum
1017 1408 1113 1482 circa
1132 1408 1282 1482 ducatos
1302 1407 1474 1505 quadrin-

137 1542 266 1636 gentos
281 1533 541 1632 quinquaginta
560 1531 638 1605 auri
660 1529 705 1604 de
724 1553 869 1604 camera
887 1531 925 1604 in
945 1555 1046 1621 auro,
1069 1539 1175 1628 prout
1196 1533 1233 1605 in
1255 1531 1473 1607 bastardello

135 1671 371 1760 receptorum
384 1683 429 1735 ex
442 1639 652 1756 hujusmodi
667 1655 790 1730 osticio
808 1655 940 1731 clarius
956 1659 1136 1732 annotavi.

186 1784 395 1862 Cardinales
431 1787 660 1857 sacrosancte
695 1803 844 1855 romane
872 1780 1032 1856 Ecclesia
1066 1782 1127 1878 qui
1157 1788 1320 1881 tempore
1352 1806 1476 1882 recep·

135 1911 245 1985 tionis
257 1933 340 1986 mec
362 1908 561 1984 addictum
581 1903 743 1980 officium
764 1904 923 1994 luerunt,
947 1913 1021 1978 tam
1042 1905 1078 1978 in
1098 1929 1250 1981 romana
1265 1907 1365 1982 curia
1383 1909 1473 1983 resi-

132 2035 265 2112 dentes
281 2057 393 2135 quam
406 2033 452 2110 ab
467 2057 512 2110 ea
525 2031 694 2109 absentes
713 2057 720 2103 :
739 2031 789 2104 hii
809 2038 891 2106 sunt
908 2031 1070 2108 videlicet
1084 2032 1283 2110 residentes
1298 2033 1335 2108 in
1350 2033 1469 2110 curia:

639 2205 641 2210 ¹
708 2213 903 2312 Episcopi:

186 2359 399 2452 Rodericus‚
418 2359 610 2459 episcopus
623 2358 847 2450 portuensis,
867 2383 897 2432 s.
918 2383 945 2431 r.
963 2361 1004 2432 11.
1022 2357 1349 2434 vicecancellarius.

187 2488 377 2580 Olivarius,
396 2486 587 2586 episcopus
603 2483 826 2574 Sabinensis,
850 2507 878 2558 s.
898 2509 927 2555 r.
944 2487 984 2556 Ε.
1000 2483 1191 2558 cardinalis
1203 2482 1472 2581 Neapolitanus.

185 2621 344 2705 Marcus,
362 2613 554 2710 episcopus
568 2607 846 2700 Prenestiensis,
867 2608 1058 2684 cardinalis
1074 2634 1108 2682 s.
1130 2609 1259 2682 IIIarie.

186 2741 364 2830 Julianus,
393 2738 585 2836 episcopus
612 2735 801 2825 Ostiensis,
830 2734 1020 2808 cardinalis
1052 2760 1082 2808 s.
1113 2735 1208 2809 Petri
1232 2733 1279 2809 ad
1304 2733 1470 2826 Vincula,

134 2895 165 2943 s.
187 2893 215 2942 r.
235 2869 273 2940 E.
292 2865 410 2964 major
424 2860 716 2961 penitentiarius.

186 2991 361 3091 Baptista,
373 2989 564 3088 episcopus
582 2985 878 3078 Tusculanensis,
895 2987 1084 3062 cardinalis
1100 3013 1130 3062 s.
1142 2988 1253 3062 Ilarie
1264 2988 1300 3062 in
1313 2987 1471 3064 Porticu.

694 3183 901 3280 Presbyteri
921 3211 933 3257 .·

187 3339 412 3439 Stephanus,
435 3336 529 3412 tituli
559 3361 589 3411 s.
619 3335 730 3412 IIarie
757 3337 1030 3432 Transtibenm,
1057 3337 1247 3438 presbyter
1283 3337 1475 3414 cardinalis

138 3462 436 3544 Mediolanensis.
1478 3537 1479 3542 ,

188 3592 390 3680 Iohannes,
420 3587 511 3662 tituli
537 3613 572 3660 s.
603 3586 787 3677 Praxedis,
810 3587 999 3688 presbyter
1018 3587 1210 3664 cardinalis
1232 3588 1472 3665 Novariensis.

188 3715 374 3791 Iohannes
399 3715 573 3813 baptista,
600 3713 692 3787 tituli
718 3739 751 3786 s.
776 3713 919 3806 Cecilie,
942 3715 1133 3814 presbyter
1149 3715 1340 3792 cardinalis
1360 3714 1477 3790 Melfi-

138 3841 267 3920 tensis.

192 3965 425 4057 Philibertus,
448 3963 540 4038 tituli
555 3971 762 4040 sanctorum
777 3966 954 4042 iohannis
975 3972 1010 4042 et
1029 3965 1143 4058 Pauli,
1161 3965 1351 4064 presbyter
1365 3963 1479 4040 cardi-

139 4091 236 4170 nalis
250 4090 535 4166 Ilatisconensis.

137 4315 219 4384 bioli,
235 4333 305 4389 pour
320 4314 361 4372 les
382 4314 482 4388 quitter
495 4311 709 4392 delinitirement
724 4313 748 4369 le
768 4315 800 4371 31
818 4315 871 4370 mai
888 4315 966 4372 1188.
983 4314 1089 4372 Aldelto
1105 4313 1283 4372 Piccolomini
1296 4313 1334 4370 lui
1349 4314 1477 4370 succede.

175 4405 314 4465 Mobillon
329 4421 346 4461 1
360 4405 430 4460 donc
445 4403 493 4461 tait
507 4421 561 4460 une
575 4401 676 4458 double
688 4419 781 4458 erreur
795 4421 828 4458 en
846 4404 1007 4477 pretendant
1019 4423 1072 4477 quo
1087 4403 1186 4460 Patrizi
1201 4403 1241 4460 lut
1256 4403 1369 4459 d'ebord
1385 4405 1479 4458 mettre

137 4497 191 4553 des
207 4493 376 4551 ceremonias
392 4511 457 4552 sous
477 4495 610 4551 Innocent
623 4491 686 4548 VIII
703 4497 730 4547 et
745 4492 853 4547 ensuite
872 4497 975 4566 dvdque
992 4493 1025 4548 de
1040 4494 1150 4563 Pienza,
1167 4513 1200 4550 en
1218 4493 1295 4549 1183.
1313 4492 1395 4566 (Voy.
1412 4493 1479 4546 Mu·

136 4601 223 4639 scum
242 4585 391 4652 Itaticum,
407 4588 426 4640 t.
443 4583 465 4652 I,
480 4601 508 4656 p.
523 4585 586 4653 255,
603 4583 752 4652 adnotatio,
769 4587 785 4638 rt
804 4583 833 4638 la
852 4583 924 4638 suite
945 4585 977 4639 de
997 4583 1025 4640 la
1041 4584 1104 4641 Vita
1124 4584 1235 4640 Fabiani
1257 4583 1373 4656 Bencii],
1390 4600 1481 4639 crreur

139 4673 208 4748 qu'il
224 4673 409 4748 reproduisoit
423 4673 530 4746 d'apres
547 4672 655 4747 Uglrelli
669 4675 771 4744 (lectio
787 4691 884 4741 sacra,
897 4673 1029 4741 I'cnotiis,
1045 4677 1124 4744 1717,
1140 4681 1159 4730 t.
1177 4675 1198 4742 I,
1215 4671 1266 4728 col.
1281 4674 1370 4746 1178),
1387 4679 1414 4729 et
1427 4691 1481 4746 que

138 4762 274 4820 bluratori
297 4780 314 4818 a
334 4760 439 4817 relerte
458 4761 527 4818 dans
547 4779 579 4818 sa
604 4763 711 4836 prtiace
730 4766 746 4818 rt
765 4761 793 4818 lo
812 4761 926 4819 relation
950 4763 983 4818 de
1004 4762 1103 4818 Potrici
1123 4781 1128 4819 :
1151 4764 1189 4818 De
1210 4763 1328 4820 adventu
1352 4762 1481 4818 Friderici

139 4851 317 4926 Imperatoris
333 4851 429 4923 (llum,
442 4853 507 4908 Rcr.
524 4853 594 4908 Ital.
608 4853 729 4923 Scrtpt,
744 4858 764 4908 t.
775 4853 876 4920 XXIII,
894 4870 922 4926 p.
936 4853 999 4907 203.
1016 4851 1097 4926 (Voy.
1116 4851 1247 4924 Apostolo
1263 4851 1355 4908 Zeno:
1372 4853 1481 4905 Disser-

140 4944 253 4997 toztom'
279 4942 425 5008 Vossianc,
446 4939 574 5009 Veneria,
595 4942 676 5010 1755,
697 4948 716 4996 t.
739 4942 773 5010 II,
795 4941 905 4996 dissert.
929 4961 958 5011 x,
978 4959 1006 5014 p.
1027 4942 1070 5010 96,
1093 4945 1128 4996 od
1149 4940 1265 4997 l'auteur
1284 4959 1300 4996 1
1319 4939 1408 4996 donne
1428 4956 1481 4994 une

140 5037 256 5088 sanante
276 5027 441 5102 biographie
462 5029 495 5084 de
515 5030 625 5099 Patrizi,
646 5030 715 5087 mais
735 5048 787 5103 quc
808 5029 832 5086 le
852 5036 926 5086 texte
947 5030 969 5085 si
985 5033 1073 5103 preoIs
1094 5030 1126 5085 da
1143 5028 1285 5086 Burchard
1303 5034 1407 5102 pormet
1420 5033 1482 5083 tou-

140 5119 223 5178 tefois
243 5119 277 5174 de
296 5116 414 5174 rectifier
432 5124 459 5174 ct
477 5118 511 5174 de
530 5119 676 5192 completor
696 5137 743 5174 sur
761 5117 900 5192 plusieurs
921 5119 1023 5192 points.
1035 5120 1106 5193 Voy.
1124 5120 1201 5176 aussi
1221 5121 1248 5176 la
1267 5119 1355 5175 notice
1371 5118 1483 5192 blogra·
1568 5135 1572 5143 ⁸

142 5209 246 5285 phique
266 5207 301 5263 de
321 5205 474 5276 Burchard,
490 5212 510 5264 t.
526 5209 564 5263 III
579 5209 613 5264 de
628 5214 696 5264 cette
717 5208 794 5282 edit.)
