3508 6034
356 461 408 517 aar
808 460 984 524 rosanus
1009 457 1230 526 eunonium,
1369 425 1372 428 “
1491 454 1603 516 [revees
1618 459 1677 520 ua]

358 614 400 684 Ν.
432 610 596 685 mandavi
613 610 788 686 ambobus
803 621 842 690 ut
862 615 1000 711 capella
1019 615 1172 704 exirent,
1206 611 1302 709 quod
1322 610 1432 686 etiem
1455 611 1576 684 statim
1592 610 1677 684 lece-

355 741 450 810 runt.
477 739 516 808 ln
538 735 832 836 eademoapella
852 739 1012 815 interfuit
1036 743 1078 813 Ι).
1110 738 1328 812 Philibertus
1351 735 1569 824 Naturellus,
1593 736 1676 810 filius

356 866 476 934 orator
497 859 727 934 illustrissimi
752 867 794 937 Ι).
821 865 974 962 Philippi
1003 863 1208 938 archiducis
1236 860 1379 935 Austris
1409 867 1446 934 et
1475 859 1578 934 ducis
1600 865 1676 936 Bur-

356 983 488 1080 gundie
505 985 568 1058 filii
584 985 805 1060 serenissimi
821 989 1054 1062 Maximiliani
1071 993 1317 1063 Romanorum
1331 985 1426 1080 regis
1440 985 1674 1083 primogeniti.

355 1107 415 1204 qui
431 1109 607 1194 ambobus
622 1110 823 1184 oratoribus
838 1113 1009 1209 predictis
1025 1113 1146 1186 locum
1167 1111 1280 1198 dedit,
1298 1132 1465 1184 asserens
1480 1133 1519 1184 se
1536 1111 1573 1183 in
1588 1136 1676 1186 man-

355 1232 447 1307 datis
469 1233 603 1308 habere
630 1253 676 1304 ne
701 1256 784 1306 cum
807 1235 1009 1310 oratoribus
1032 1234 1232 1310 electorum
1261 1231 1399 1328 imperii
1424 1233 1673 1310 conscenderet

354 1358 418 1432 sed
432 1381 495 1432 eos
511 1359 646 1455 absque
662 1359 894 1433 contentione
906 1360 1103 1459 precedere
1114 1359 1340 1457 permitteret
1351 1382 1360 1430 ι
1371 1359 1551 1454 precessit
1566 1369 1673 1433 auteur

355 1483 452 1556 idem
468 1492 589 1558 orator
603 1483 704 1558 ducis
721 1486 927 1582 Burgundio
944 1493 1106 1562 oratores
1120 1489 1358 1574 Venetorum,
1375 1484 1673 1558 Mediolanensem

354 1617 390 1683 et
425 1607 527 1700 alios,
554 1609 690 1705 absque
717 1609 861 1683 illorum
891 1609 1177 1686 contradictione
1201 1608 1344 1704 aliqua:
1376 1610 1526 1684 nomina
1555 1610 1673 1684 civium

355 1734 643 1832 supradictorum
658 1735 919 1826 absolutorum,
938 1743 1024 1826 etc,
1043 1743 1126 1810 sunt
1140 1735 1210 1808 hec
1215 1791 1286 1808 .....

404 1861 594 1936 Dominica
627 1862 751 1958 quinta
778 1860 964 1950 februarii,
1001 1864 1063 1936 SS.
1102 1865 1145 1936 Ι).
1176 1863 1219 1934 Ν.
1251 1859 1348 1934 bono
1382 1882 1502 1951 mane,
1540 1869 1673 1958 paratus

272 2039 275 2048 ·
355 1987 503 2077 amictu,
528 1987 620 2078 alba,
646 1986 805 2083 cingulo,
836 1985 928 2061 stola
948 1986 1109 2084 pretiosa
1131 1991 1167 2059 et
1194 1985 1390 2082 capuccino
1419 1985 1502 2059 albo
1531 2011 1603 2082 quo
1629 1989 1671 2060 uti

353 2113 480 2202 voluit,
498 2135 557 2186 me
573 2112 658 2188 licet
672 2114 766 2190 reris
787 2121 822 2187 et
841 2112 1004 2186 honestis
1024 2111 1224 2186 rationibus
1244 2110 1465 2186 contrarium
1487 2111 1670 2208 allegante.
1733 2099 1734 2104 ¹

353 2236 520 2311 videlicet
535 2239 632 2334 quod
651 2239 764 2313 rubeo
780 2261 853 2310 non
873 2238 955 2311 elbo
976 2236 1173 2334 capuccino
1193 2237 1243 2310 uti
1262 2234 1388 2310 liceret
1406 2243 1442 2310 et
1461 2236 1670 2333 precedente

354 2370 536 2452 cruce,‚et
559 2363 813 2454 cardinalibus,
845 2363 906 2460 qui
934 2363 1032 2436 hunc
1060 2361 1238 2450 ordinem,
1269 2361 1355 2436 licet
1383 2363 1585 2438 indebitum
1613 2365 1669 2436 sibi

353 2493 596 2582 sumpserunt,
613 2488 710 2562 venit
726 2487 762 2560 in
776 2487 948 2562 continua
959 2485 1078 2584 pluvia
1091 2485 1136 2559 de
1149 2485 1283 2582 palatio
1296 2485 1496 2581 apostolico
1509 2487 1556 2560 ad
1569 2489 1671 2563 eccle-

353 2611 443 2682 siam
463 2610 652 2708 hospitalis
673 2611 787 2684 sancti
807 2610 932 2686 Jacobi
953 2610 998 2684 de
1020 2609 1181 2699 Gallicis,
1204 2610 1375 2708 Hispania
1391 2612 1602 2708 nuncupati,
1619 2613 1669 2684 ubi

351 2754 417 2827 per
436 2731 644 2829 episcopum
660 2736 939 2831 Ampuriensem
954 2733 1098 2830 pluviali
1112 2739 1277 2830 paratum
1293 2757 1438 2809 erucem
1455 2743 1669 2832 apportatum

353 2879 372 2928 e
397 2857 563 2930 manibus
593 2858 786 2933 cardinalis
811 2859 982 2935 Senensis
1011 2865 1066 2932 est
1088 2858 1270 2934 osculatus
1294 2865 1331 2932 et
1352 2857 1546 2932 ecclesiam
1566 2860 1668 2956 ipsam

350 2980 534 3076 ingressus
558 2990 633 3071 est;
660 2991 696 3059 et
719 2984 814 3061 lacta
835 3009 959 3060 coram
988 2983 1186 3058 taldistorio
1216 2983 1393 3073 oratione,
1424 3007 1526 3058 more
1556 2984 1665 3076 solitu,

351 3105 526 3201 depositis
543 3107 636 3180 stola
649 3115 686 3184 et
705 3109 848 3206 pluviali
868 3110 982 3184 rubeo
1002 3106 1182 3204 precioso,
1206 3107 1291 3182 lecit
1312 3108 1581 3185 consessionem
1595 3132 1668 3184 cum

350 3229 578 3306 celebraturo
605 3231 759 3327 prelato,
788 3234 951 3310 ascendit
976 3232 1107 3308 deinde
1130 3232 1274 3306 solium.
1300 3237 1542 3312 decesserunt
1565 3235 1669 3310 cardi-

348 3354 450 3428 nales
466 3355 511 3427 ad
528 3357 766 3432 reverentiam
783 3367 819 3435 et
834 3360 903 3434 alia
917 3381 1019 3433 more
1035 3354 1141 3432 solito
1158 3365 1239 3434 sunt
1255 3357 1456 3434 observata.
1734 3439 1735 3458 ἶ

393 3481 498 3554 Prior
516 3483 812 3580 presbyterorum
837 3481 1072 3558 cardinalium
1097 3481 1270 3556 assistens
1290 3481 1383 3558 sedit
1402 3483 1439 3556 in
1459 3483 1613 3559 scabello
1629 3485 1665 3558 ad
1734 3487 1735 3492 ’

350 3605 547 3696 sinistram,
565 3615 604 3681 ut
619 3609 731 3682 moris
747 3616 802 3683 est
813 3634 821 3698 ;
834 3615 870 3682 et
885 3609 1098 3704 quiasermo
1113 3607 1303 3682 habendus
1319 3608 1593 3684 eratinlaudem
1608 3610 1664 3684 Dei

348 3752 413 3826 pro
433 3731 583 3804 victoria
602 3756 667 3829 per
689 3758 813 3832 regem
836 3741 872 3808 et
892 3733 1057 3830 reginam
1078 3731 1329 3829 Hispaniarum
1351 3741 1478 3808 contra
1498 3735 1664 3810 civitatem

348 3857 502 3927 Granate
533 3861 569 3929 et
598 3857 675 3953 ejus
711 3882 835 3954 regem
865 3858 1031 3948 obtenta,
1063 3857 1216 3934 etmihi
1253 3857 1437 3934 videretur
1470 3883 1662 3934 sermonem

351 3979 468 4075 ipsum
487 3977 523 4052 in
544 3978 616 4054 fine
636 3983 746 4058 misse
769 3989 805 4058 et
826 4007 900 4060 non
921 3989 1003 4081 post
1018 3982 1243 4078 evangelium
1265 4007 1346 4056 esse
1362 3983 1570 4076 dicendum,
1590 4007 1662 4058 cum

346 4126 420 4176 non
435 4113 532 4178 esset
546 4127 604 4179 res
620 4107 766 4204 propria
786 4109 832 4182 de
854 4109 1006 4206 epistola
1024 4107 1080 4182 vel
1101 4107 1288 4205 evangelio
1308 4107 1431 4200 misse,
1455 4114 1496 4184 R.
1521 4115 1561 4186 Ι).
1583 4111 1662 4208 epis-

345 4249 457 4324 copus
498 4228 686 4304 Pientinus
720 4233 789 4308 luit
818 4233 998 4307 contrarie
1033 4231 1232 4329 opinionis,
1266 4231 1434 4307 videlicet
1469 4237 1564 4332 quod
1591 4243 1660 4332 post

345 4353 567 4450 evangelium
584 4353 662 4430 fieri
685 4355 849 4447 deberet,
868 4365 975 4454 prout
990 4364 1025 4430 et
1045 4358 1123 4431 lieri
1142 4362 1418 4450 ordinaveram3
1437 4371 1571 4453 tamen,
1590 4359 1662 4457 quia

344 4485 429 4552 tunc
452 4479 637 4575 processio
659 4480 746 4556 cleri
768 4482 873 4556 Urbis
894 4483 1087 4558 ecclesiam
1108 4485 1224 4582 ipsam
1243 4487 1354 4579 venit,
1372 4497 1521 4586 propter
1534 4487 1659 4562 illorum

344 4602 536 4676 tumultum
567 4627 687 4677 sermo
710 4604 786 4702 ipse
814 4627 888 4679 non
925 4606 991 4680 luit
1013 4616 1096 4704 post
1122 4610 1349 4707 evangelium
1372 4611 1516 4686 habitus
1542 4611 1598 4686 sed
1621 4609 1658 4682 de

343 4726 514 4800 mandato
531 4729 594 4802 SS.
615 4731 658 4801 Ι).
676 4732 718 4802 N.
738 4754 851 4826 usque
867 4729 912 4804 ad
931 4730 1042 4806 finem
1065 4732 1175 4808 misse
1194 4743 1412 4810 reservatus.
1436 4738 1550 4811 Finita
1568 4735 1659 4832 igitur

343 4851 467 4940 missa,
491 4859 686 4950 antequam
716 4857 778 4928 SS.
806 4858 849 4929 Ι).
880 4863 1006 4930 noster
1032 4859 1166 4956 populo
1196 4857 1409 4935 solemniter
1426 4859 1654 4946 benediceret,

345 4977 387 5046 Ι).
408 4977 535 5050 Petrus
552 4980 681 5069 Rusca,
700 5003 906 5054 sermonem
928 4981 1101 5074 facturus,
1126 4983 1311 5060 osculatus
1332 4992 1388 5060 est
1400 4988 1530 5090 pedem
1545 4987 1600 5059 ss,
1616 4987 1653 5056 Ι).

343 5100 470 5190 nostri,
506 5103 608 5198 petiit
641 5103 933 5180 benedictionem
962 5105 1081 5181 minus
1114 5115 1236 5182 tamen
1267 5110 1505 5208 pertinenter,
1529 5109 1556 5181 si
1575 5108 1654 5179 bene
