3422 6034
301 461 354 518 348
754 458 930 516 ιῙΟΗΑΝΝΙΒ
956 458 1176 532 abacelam,
1465 459 1538 524 [bnt
1551 463 1609 526 tiso]

308 621 384 684 tum
408 613 607 688 reverentia
621 636 643 685 a
657 612 907 686 cardinalibus.
928 613 1074 688 Missam
1088 612 1269 710 publicam
1284 613 1479 688 celebravit
1502 619 1610 690 anus.

305 741 348 810 D.
366 736 674 812 vicecancellarius
694 736 898 844 cardinalis,
926 745 1030 834 prout
1054 737 1089 810 in
1107 739 1302 812 ordinario.
1329 741 1439 814 Facta
1453 761 1517 836 per
1541 764 1610 814 eum

302 861 574 952 communione,
598 863 727 958 prelati
750 872 969 960 acceperunt
988 873 1200 960 paramenta
1222 889 1288 938 sua
1307 871 1407 940 entra
1437 865 1609 962 capellam.

302 989 419 1062 Finita
434 989 543 1062 missa
559 996 595 1063 et
608 989 859 1063 benedictione
875 990 1157 1086 perpontilicem
1173 991 1257 1080 data
1271 1015 1313 1064 ac
1328 990 1502 1087 depositis
1515 993 1613 1064 omni-

299 1113 365 1186 bus
380 1115 601 1211 paramentis
612 1137 677 1212 per
693 1114 1038 1206 vicecancellarium,
1065 1117 1264 1191 cardinales
1284 1123 1503 1212 acceperunt
1522 1141 1613 1213 para-

298 1244 423 1314 menta
439 1241 565 1314 ordine
590 1262 655 1313 suo
675 1240 941 1329 convenientia3
968 1241 1131 1317 similiter
1151 1251 1186 1317 et
1204 1242 1519 1316 vicecancellarius
1534 1243 1615 1339 apud

299 1364 536 1438 faldistorium
551 1389 616 1438 sua
629 1371 840 1461 paramenta
852 1365 1003 1462 accepit.
1018 1367 1165 1440 luterim
1182 1367 1267 1440 socii
1284 1367 1356 1441 mei
1367 1366 1614 1440 distribuerunt
1701 1361 1702 1410 ⁷

307 1490 476 1566 candelas
497 1495 591 1587 Papa
619 1491 862 1566 cardinalibus
875 1498 911 1564 et
925 1489 1086 1586 prelatis,
1116 1499 1153 1562 ut
1173 1490 1283 1564 moris
1303 1497 1371 1578 est,
1402 1495 1437 1562 ct
1458 1495 1614 1564 cantores
1701 1523 1702 1526 ¹

298 1615 462 1690 dixerunt
479 1639 646 1713 vesperas
666 1623 787 1712 preter
807 1615 1122 1704 consuetudinem,
1143 1623 1179 1688 et
1194 1615 1300 1688 male.
1327 1618 1525 1711 Propterea
1538 1615 1614 1712 ipsis

295 1739 434 1814 inhibui
450 1763 495 1815 ne
510 1742 679 1838 deinceps
691 1741 760 1814 hae
772 1741 829 1816 die
841 1741 910 1815 hac
921 1741 1189 1837 horavespevas
1201 1740 1331 1814 dicant.
1343 1743 1432 1812 Cum
1444 1740 1615 1816 diceretur

294 1867 513 1966 Mopnificut
526 1870 622 1964 Papa
640 1867 794 1940 surrexit
806 1867 883 1940 sine
894 1866 1001 1940 mitra
1019 1889 1101 1939 cum
1118 1865 1298 1940 diceretur
1311 1865 1473 1939 Christvcv
1487 1868 1611 1965 sactus,

293 2007 357 2068 etc.
377 1999 473 2091 Papa
487 1993 581 2067 venit
601 1993 646 2067 ad
666 1991 916 2080 faldistorium,
940 2001 976 2066 et
996 1992 1091 2066 dicto
1113 1993 1224 2070 Pater
1243 2004 1359 2066 noster
1382 1999 1417 2066 et
1432 1991 1610 2083 Miserere,

295 2127 391 2218 Papa
401 2119 487 2193 dixit
502 2118 635 2194 ibidem
647 2118 849 2194 orationem
864 2117 1012 2214 Respice
1026 2142 1216 2215 patescimus
1234 2130 1314 2207 etc„
1332 2123 1438 2215 prout
1455 2117 1492 2190 in
1509 2127 1615 2192 matu·

291 2250 386 2324 tinis.
405 2248 523 2322 Finita
533 2247 709 2337 oratione,
727 2250 823 2342 Papa
837 2251 936 2316 stans
952 2244 1086 2317 ibidem
1103 2243 1180 2316 sine
1194 2243 1301 2316 mitra
1317 2244 1488 2340 imposuit
1499 2245 1615 2320 incen-

293 2374 422 2448 sumin
437 2371 717 2462 duothuribula,
736 2377 810 2445 tum
831 2369 993 2443 ascendit
1013 2369 1057 2442 ad
1079 2356 1290 2465 supremum
1304 2369 1457 2466 gradum
1482 2371 1613 2458 altaris,

294 2498 353 2570 ubi
370 2497 581 2593 genuflexus
602 2495 796 2569 incensavit
814 2517 897 2568 cum
916 2517 988 2566 uno
1006 2517 1050 2566 ex
1074 2493 1265 2567 thuribulis
1281 2505 1550 2568 sacramentum
1568 2505 1617 2568 ter

294 2621 383 2698 illud
397 2621 546 2710 ducens,
572 2619 701 2694 deinde
721 2619 786 2694 sibi
806 2619 998 2715 genuflexo
1021 2641 1086 2714 per
1108 2619 1197 2691 duos
1218 2617 1389 2690 diaconos
1410 2618 1616 2692 assistentes

292 2747 501 2844 impositum
519 2754 572 2820 est
586 2745 703 2820 velum
720 2745 874 2818 sericum
891 2743 987 2818 circa
1007 2742 1139 2816 collum
1156 2749 1192 2814 et
1206 2765 1271 2836 per
1286 2741 1616 2816 vicecancellarium

125 2957 129 2964 Ι
245 2919 248 2924 ·
292 2879 501 2970 porrectum
517 2877 781 2944 sacramentum
794 2869 888 2964 quod
900 2877 1105 2965 propterea,
1116 2867 1260 2940 detecto
1277 2868 1407 2963 capite,
1424 2869 1617 2964 preceden-

293 2997 386 3070 tibus
403 2996 569 3070 omnibus
589 2995 736 3092 prelatis
752 2995 886 3091 paratis
900 3000 934 3066 et
949 2993 1192 3066 cardinalibus
1214 2992 1291 3064 sine
1313 2991 1429 3065 mitris
1445 2999 1482 3065 et
1496 2993 1615 3066 biretis

289 3123 353 3196 sad
374 3122 549 3220 capitibus
576 3121 728 3196 detectis
753 3128 787 3193 et
808 3119 999 3194 duodecim
1029 3117 1219 3192 intorticiis
1241 3141 1307 3214 per
1329 3141 1392 3191 sex
1413 3118 1614 3214 capellanos

290 3249 505 3323 celebrantis
521 3247 670 3344 portatis
682 3246 748 3318 sub
759 3244 973 3318 baldachino
990 3243 1087 3338 quod
1098 3243 1225 3340 prelati
1237 3243 1449 3316 assistentes
1460 3245 1614 3340 quinque

289 3383 408 3450 attres
425 3372 584 3470 episcopi
608 3379 768 3444 oratores
791 3375 978 3466 portarunt
998 3368 1169 3464 quoniam
1189 3368 1436 3441 assistentium
1461 3369 1612 3465 quinque

289 3507 426 3572 tantum
443 3503 558 3587 erant,
574 3496 729 3592 demptis
741 3495 995 3591 protonotariis
1007 3493 1137 3588 quibus
1149 3493 1236 3566 illud
1246 3499 1390 3588 portare
1407 3517 1482 3568 uon
1494 3494 1609 3573 licuit:

288 3630 324 3696 et
348 3627 389 3696 n.
419 3621 630 3695 Franciscus
657 3622 745 3694 Cibo
773 3623 836 3694 SS.
865 3623 908 3692 D.
943 3623 986 3694 N.
1019 3618 1113 3692 svlius
1145 3618 1300 3692 caudam
1327 3619 1492 3715 pluvialis
1523 3624 1611 3717 Papa
1703 3655 1704 3658 ¹

288 3747 603 3845 processionaliter
624 3745 777 3841 portavit
797 3745 841 3818 ad
857 3767 1003 3841 parvam
1018 3743 1193 3840 capellam
1210 3767 1324 3839 usque
1346 3744 1392 3816 ad
1412 3744 1526 3819 altare
1542 3747 1608 3832 ubi,

288 3895 410 3946 coram
422 3871 523 3944 altari
532 3871 568 3944 in
581 3893 749 3966 supremo
759 3870 872 3966 gradu
883 3869 1108 3964 genullcxuS,
1122 3865 1609 3944 deditilludvicecanccllario

287 3997 348 4094 qui
363 3996 450 4070 illud
465 3995 583 4092 posuit
599 3995 633 4066 in
650 4019 796 4090 capsam
818 4001 977 4091 paratam
1000 3999 1036 4066 el
1059 3999 1253 4089 propterea
1268 3992 1387 4070 adhuc
1403 3995 1609 4090 genuflexus

287 4121 423 4218 absque
440 4143 484 4195 eo
500 4121 595 4216 quod
609 4121 796 4194 incensum
817 4119 861 4192 de
877 4141 969 4192 novo
985 4119 1200 4214 imponeret,
1219 4118 1430 4210 incensavit,
1448 4127 1488 4192 ut
1503 4120 1606 4216 prius.

288 4252 365 4332 Quo
389 4247 590 4335 incensato,
611 4245 761 4318 sacrista
785 4245 912 4318 clausit
928 4267 1073 4339 capsam
1099 4249 1135 4316 et
1159 4243 1257 4318 dedit
1276 4243 1414 4318 clavem
1437 4249 1542 4318 Rmo.
1568 4249 1605 4318 D.

287 4373 458 4446 cardinali
475 4397 504 4444 s.
525 4372 619 4446 Petri
635 4371 681 4444 ad
693 4370 844 4446 Vincula
859 4370 895 4440 in
910 4369 1105 4442 crastinum
1121 4368 1360 4458 celebraturo,
1379 4376 1414 4443 et
1431 4373 1531 4467 Papa
1544 4394 1608 4442 sur-

288 4500 378 4572 rexit
412 4505 447 4573 et
477 4495 752 4594 precedentibus
784 4493 988 4590 prelatiset
1012 4493 1265 4584 cardinalibus
1287 4517 1415 4568 omnes
1438 4495 1606 4592 capitibus

285 4624 569 4720 detectisetipse
581 4619 985 4718 capitedetecto,exivit
998 4619 1172 4716 capellam
1184 4620 1383 4716 predictam
1397 4629 1605 4718 extraquavn

288 4755 433 4845 paratus
450 4750 526 4844 ipse
542 4756 576 4820 et
593 4770 719 4822 omnes
736 4751 954 4842 acceperunt
979 4746 1116 4836 mitras,
1135 4753 1170 4818 et
1185 4745 1281 4818 venit
1301 4747 1606 4842 processionaliter

286 4875 332 4947 ud
345 4875 464 4946 locum
481 4871 743 4948 benedictionis
758 4871 818 4944 uhi
830 4877 913 4942 ante
926 4871 1049 4943 sedem
1063 4869 1129 4942 sibi
1143 4875 1306 4966 paratam
1318 4869 1603 4968 dimisitpluviale

286 5005 321 5070 et
340 4998 468 5070 stolam
482 4997 581 5072 albas
598 5003 633 5070 ot
647 4997 786 5092 accepit
798 4995 927 5068 rubeas
944 4995 1133 5091 pretiosas,
1152 5005 1188 5068 et
1204 4994 1300 5068 lacta
1312 5001 1366 5068 est
1380 4995 1447 5068 sihi
1465 4996 1603 5070 acardi-

287 5121 428 5196 nalibus
445 5122 646 5196 reverentia
659 5130 845 5196 consueta.
863 5125 941 5206 Qua
955 5119 1063 5210 lacta,
1079 5125 1183 5194 hmo.
1208 5123 1249 5193 D.
1266 5118 1437 5192 cardinali
1454 5143 1484 5192 s.
1502 5116 1600 5194 ilani
