3436 6038
84 472 206 538 melltta}
390 469 516 527 RERUM
541 467 769 526 URBANARUM
794 467 1056 530 COMMENTARll.
1337 481 1391 536 203

124 626 218 702 Faria
229 627 366 724 quinta,
385 625 546 714 eeneii,
562 625 693 700 testum
714 625 947 700 sacratissimi
967 628 1130 726 corporis
1147 629 1277 705 Christi
1294 631 1391 706 circa

82 756 191 828 baram
214 751 405 834 decimam,
433 750 579 847 incepta
597 749 665 824 luit
693 752 906 848 processio:
930 753 1048 826 clerus
1074 754 1176 828 Urbis
1197 759 1386 854 precessit,

82 880 161 952 inter
181 900 269 974 quos
290 875 436 950 ultimus
457 875 522 948 luit
544 874 661 949 clerus
682 900 711 949 s.
738 875 832 950 Petri
857 877 901 950 de
927 878 1097 952 mandato
1126 883 1234 978 Papa,
1257 883 1387 958 deinde

81 1001 237 1078 officiales
255 1025 406 1076 romane
427 1000 540 1090 curie,
565 1009 673 1098 prout
698 1025 807 1099 supra
828 1001 893 1075 luit
917 1003 1134 1078 ordinatum.
1161 1011 1268 1105 Papa,
1295 1009 1390 1084 lacta

80 1131 236 1226 inparve
264 1125 402 1224 capella
434 1127 597 1200 oratione
625 1126 663 1200 iu
692 1125 891 1200 faldistorio
925 1129 1078 1204 surrexit
1107 1155 1116 1202 :
1146 1139 1305 1206 amotum
1335 1139 1388 1208 est

80 1251 316 1342 faldistorium.;
337 1255 435 1348 Papa
447 1250 728 1349 stansimposuit
743 1251 946 1344 incensum,
964 1257 1175 1352 genuflexus
1189 1257 1389 1334 incensavit

79 1385 330 1455 sacramentum
349 1382 405 1452 ter
426 1377 563 1452 ducens
581 1375 804 1451 thuribulum
825 1377 1020 1478 :imposita
1043 1383 1110 1456 sibi
1130 1383 1195 1456 luit
1214 1409 1281 1481 per
1298 1385 1389 1460 duos

78 1507 231 1580 decanos
264 1502 478 1578 assistentes
512 1501 681 1600 mappula
716 1503 866 1600 pulchra
901 1506 946 1580 ad
980 1505 1126 1600 collum,
1167 1511 1321 1585 surrexit
1354 1519 1389 1587 et

77 1632 214 1708 accessit
229 1631 275 1706 ad
294 1630 405 1704 altare
427 1652 510 1703 cum
531 1627 601 1702 alia
619 1653 729 1728 parva
747 1629 930 1726 mappula,
951 1631 1091 1730 accepit
1116 1633 1388 1709 tabernaculum

77 1783 133 1856 per
164 1759 294 1857 pedem
319 1781 403 1833 curn
437 1762 666 1832 sacramento
692 1763 741 1847 et,
778 1756 922 1830 detecto
957 1757 1088 1854 capite,
1120 1761 1273 1857 portauit
1301 1761 1390 1836 eitra

76 1909 204 1982 parram
220 1885 398 1982 capellam
410 1883 609 1982 predictam
620 1907 628 1973 3
641 1882 776 1956 ibidem
790 1881 881 1956 sedit
893 1881 930 1954 in
941 1882 1066 1958 sedem
1080 1885 1146 1957 sub
1158 1885 1387 1976 baldachino,

77 2017 107 2084 et
132 2019 279 2107 accepto
309 2010 426 2084 bireto
456 2015 594 2082 tantum
622 2007 776 2106 portavit
798 2031 912 2106 usqua
938 2011 983 2085 ad
1008 2011 1146 2087 curiam
1170 2013 1304 2109 palatii,
1330 2015 1389 2088 ubi

76 2143 209 2234 accepta
223 2135 333 2209 mitra
347 2134 524 2232 preciosa,
538 2131 692 2230 portavit
710 2156 777 2230 per
794 2138 907 2208 totam
926 2135 1197 2232 processionem
1217 2138 1263 2210 ad
1277 2139 1389 2212 altare

77 2261 251 2336 basilicos.
278 2261 387 2334 Petri.
412 2259 601 2334 Processio
621 2259 717 2332 iacta
736 2265 791 2333 est
812 2283 877 2356 per
899 2261 991 2333 riam
1007 2263 1142 2334 Novam
1165 2263 1209 2335 ad
1231 2271 1389 2338 castrum

76 2411 100 2458 s.
122 2387 258 2484 Angeli,
286 2385 416 2460 deinde
440 2408 507 2483 per
530 2389 699 2459 Sanctam
714 2385 760 2458 ad
781 2385 964 2459 basilicam
983 2385 1184 2484 predictam
1206 2387 1266 2460 ubi
1294 2391 1390 2486 Papa

75 2512 226 2609 deposuit
251 2517 520 2595 sacramentum
550 2533 660 2608 super
682 2509 794 2585 altare
813 2535 821 2582 :
840 2516 953 2602 stans,
981 2511 1152 2609 imposuit
1181 2512 1386 2604 incensum;

75 2637 274 2732 genuflexus
302 2613 498 2710 incensavit
523 2641 804 2727 sacramentum,
842 2635 928 2708 dixit
959 2635 1090 2711 deinde
1122 2638 1389 2713 contessionem

75 2767 104 2834 et
124 2762 187 2836 alia
207 2785 313 2836 more
337 2759 442 2834 solito
458 2768 541 2834 sunt
562 2761 763 2836 observata.
795 2762 942 2836 Missam
967 2761 1161 2836 celebravit
1190 2766 1314 2836 Rmus.
1344 2767 1387 2837 D.

74 2887 298 2964 cardinalias.
316 2885 511 2962 Clementis
535 2887 596 2984 qui
616 2909 690 2960 non
709 2888 806 2962 venit
821 2888 867 2960 ad
886 2887 1179 2986 processionem
1199 2889 1275 2980 sed,
1295 2894 1391 2987 Papa

73 3014 305 3090 descendente
321 3037 404 3088 cum
427 3017 654 3103 sacramento
674 3013 720 3087 de
734 3012 881 3111 palatio,
903 3011 1091 3086 descendit
1108 3013 1186 3110 ipse
1208 3015 1252 3088 ad
1268 3015 1391 3088 basili-

74 3165 141 3216 cam
164 3142 222 3216 ubi
248 3141 391 3237 aceepit
413 3143 626 3236 paramenta
649 3147 717 3236 pro'
737 3138 849 3212 missa
874 3137 1040 3213 dicenda.
1067 3139 1144 3211 Non
1169 3138 1233 3212 luit
1253 3163 1388 3214 sermo.

75 3266 176 3340 Finita
188 3266 316 3356 missa,
335 3269 431 3364 Papa
443 3262 542 3338 dedit
556 3262 817 3360 indulgentiam
833 3268 973 3361 septem
992 3285 1170 3336 annorum
1191 3269 1226 3338 el
1242 3265 1389 3339 totidem

73 3387 1390 3490 quadragenarumquampronunciavitpredictuscardinaliasdlementis

75 3517 263 3593 celebrans.

98 3647 341 3738 ,Feriasexta
361 3647 406 3716 26
427 3641 525 3733 maii,
549 3639 615 3712 fuit
638 3640 820 3737 publicum
843 3641 1099 3714 consistorium
1117 3641 1155 3714 in
1176 3641 1292 3739 prima
1311 3642 1392 3716 aula

72 3769 180 3866 palatii
202 3767 395 3868 apostolici
424 3767 520 3864 apud
540 3791 570 3839 s.
596 3769 755 3856 Petrum,
780 3765 817 3836 in
836 3788 908 3862 quo
930 3767 972 3838 D.
992 3766 1175 3840 lohannes
1196 3773 1231 3840 et
1252 3767 1392 3864 collega

72 3917 160 3988 suus,
180 3903 347 3970 oratores
367 3891 463 3990 regis
479 3889 641 3980 Palania,
668 3893 875 3988 prestarunt
897 3890 1043 3964 nomine
1066 3892 1162 3986 regis
1184 3891 1240 3964 sui
1263 3894 1325 3967 SS.
1345 3897 1388 3967 D.

73 4020 107 4090 l.
133 4043 224 4118 pape
252 4016 498 4094 obedientiam
528 4013 699 4104 debitam,
733 4020 937 4088 asserentes
971 4015 1211 4104 Karimirum,
1244 4017 1392 4089 Polonie

71 4169 196 4242 regem,
227 4141 393 4244 profiteri
423 4143 675 4217 innocentium
705 4149 868 4218 octavum
902 4166 1026 4216 verum
1059 4119 1189 4216 christi
1220 4140 1392 4214 ricarium

72 4293 314 4347 successorem
330 4266 440 4344 Patri.
459 4267 666 4343 Orationem
682 4268 1011 4366 lecitpredictuslt.
1023 4267 1207 4342 lohannes
1221 4267 1257 4338 in
1270 4267 1391 4340 babitu

72 4395 234 4488 clericali,
260 4416 335 4468 non
361 4393 503 4494 prelati,
527 4415 611 4466 eum
634 4392 763 4466 electio
783 4393 928 4492 capituli
947 4417 1021 4466 non
1046 4392 1107 4466 det
1125 4391 1304 4481 habitum,
1328 4393 1392 4465 sed

73 4519 192 4596 electio
208 4525 306 4618 Papa
327 4525 480 4610 tantum,
498 4519 671 4596 inhabita
683 4520 790 4595 etiam
803 4519 959 4594 clericali
971 4524 1122 4610 tantum,
1138 4517 1222 4590 utin
1239 4517 1391 4591 adventu

74 4668 130 4718 suo
151 4647 288 4721 Urbem
310 4645 464 4720 intravit.
489 4646 605 4721 Finito
625 4646 768 4744 publico
789 4644 1016 4734 consistorio,
1040 4642 1241 4717 cardinales
1264 4653 1391 4716 ornnes

73 4780 296 4849 accesserunt
316 4773 362 4848 ad
376 4771 586 4872 pontificem
610 4771 669 4869 qui
694 4771 827 4846 ibidem
843 4769 1023 4870 adstatim,
1048 4769 1093 4843 de
1108 4767 1258 4842 consilio
1274 4767 1392 4841 cardi-

71 4897 211 4994 nalium,
230 4898 478 4998 pronunciavit
496 4904 637 4973 secrete
658 4903 781 4972 tamen
803 4896 1005 4994 predictum
1020 4897 1062 4968 D.
1082 4893 1284 4966 iohannem
1300 4893 1392 4968 elec-

72 5027 139 5098 tum
181 5024 475 5102 Premisliensem
507 5030 543 5102 ct
577 5047 662 5100 eum
696 5022 849 5098 ecclesie
885 5019 1128 5094 Premislienei
1166 5019 1318 5116 prefecit
1355 5021 1390 5091 in

71 5148 273 5246 episcopum
301 5156 337 5224 et
356 5155 553 5246 pastorem,
589 5147 667 5245 ipso
694 5147 933 5245 personaliter
957 5168 1080 5218 coram
1109 5167 1152 5218 eo
1175 5145 1387 5240 genutlex03
1432 5139 1434 5144 ⁸
