3600 6094
287 455 323 512 22
743 451 917 508 ronanus
942 411 1162 520 euasurum,
1453 451 1533 516 [ratu
1548 451 1615 515 ror]

338 606 491 703 qualiter
509 606 567 678 dia
584 604 754 694 crastina,
772 629 841 702 que
858 607 924 680 erit
935 605 1028 704 jovis
1046 611 1090 680 26
1111 606 1290 702 presentis
1306 606 1441 680 mensis
1461 607 1614 702 augusti,

288 756 412 806 coram
446 731 588 805 RRmis.
615 735 690 804 no.
720 731 971 824 cardinalibus,
994 733 1259 833 quamprimum
1286 709 1456 806 conclave
1482 732 1616 806 intrare

288 859 372 947 rint,
397 883 436 930 sa
460 861 669 954 presentent
693 857 737 930 ad
762 859 1013 953 exequendum
1042 884 1084 932 ea
1107 885 1174 956 que
1198 885 1263 957 per
1289 857 1437 932 eosdem
1461 861 1613 930 ltltmos.

287 987 362 1060 Du.
381 982 580 1056 cardinales
596 980 681 1078 ipsis
697 982 979 1057 committentur.
1001 1014 1018 1050 »

336 1108 469 1182 Eadem
485 1108 541 1181 die
563 1107 686 1182 ltRmi.
710 1109 785 1180 bl).
809 1108 1008 1182 cardinales
1029 1109 1142 1183 sancti
1162 1109 1286 1199 Marci,
1314 1115 1348 1182 et
1371 1107 1485 1182 sancti
1504 1110 1614 1181 Geor-

285 1233 347 1328 gii,
359 1232 486 1328 quibus
498 1231 674 1304 ordinatio
686 1231 866 1308 conclavis
881 1256 947 1330 per
961 1255 1103 1306 sacrum
1119 1233 1311 1331 collegium
1327 1233 1520 1306 commissa
1535 1233 1612 1315 luit,

284 1357 542 1432 distribuerunt
564 1363 659 1430 sorte
686 1381 849 1432 cameras
870 1381 936 1456 pro
966 1359 1206 1432 cardinalibus
1234 1337 1440 1456 designatas
1462 1359 1531 1430 hoc
1555 1382 1613 1430 or-

282 1483 378 1558 dine.
394 1483 538 1577 Signata
555 1483 693 1558 fueraut
709 1509 836 1559 omnes
852 1509 994 1560 camere
1014 1485 1128 1558 literis
1147 1485 1325 1582 alphabeti
1347 1509 1413 1582 per
1433 1485 1609 1574 ordinem,

282 1611 404 1708 quevis
434 1634 578 1684 camera
608 1636 677 1684 una
701 1613 823 1700 litera3
856 1613 973 1709 prima
1003 1611 1047 1684 ad
1079 1611 1274 1700 sinistram,
1307 1609 1472 1684 videlicet
1501 1633 1611 1684 cornu

281 1737 431 1834 epistole
452 1737 573 1811 altaris
594 1740 729 1834 capelle
751 1739 911 1834 majoris
934 1739 1058 1834 inqua
1082 1737 1250 1810 conclave
1274 1741 1364 1822 erat,
1389 1735 1528 1832 signata
1548 1735 1611 1808 luit

279 1864 327 1953 A,
346 1863 504 1936 secunda
517 1863 562 1954 B,
581 1863 686 1936 tertia
704 1863 746 1951 C,
765 1869 800 1937 et
817 1864 868 1936 sic
891 1863 934 1936 do
958 1862 1101 1936 ceteris.
1126 1861 1246 1936 Tertia
1261 1861 1401 1936 decima
1417 1883 1561 1934 camera
1576 1862 1610 1933 in

282 1990 340 2063 illo
355 1990 467 2063 latere
488 1989 553 2062 luit
580 1989 719 2086 signata
732 1989 783 2076 N,
806 2014 912 2086 quam
932 1989 1056 2062 habuit
1076 1993 1200 2061 Rmus.
1220 1992 1262 2060 o.
1287 1987 1476 2061 cardinalis
1497 1986 1610 2060 sancti

279 2114 410 2200 llaroi;
429 2114 493 2188 luit
514 2115 677 2212 proxima
698 2115 743 2188 ad
765 2115 895 2188 ostium
924 2113 1060 2210 capelle
1090 2113 1252 2211 predicta
1281 2113 1326 2185 ad
1350 2113 1536 2187 dexteram
1561 2113 1612 2184 in-

279 2239 424 2326 trantis;
443 2239 549 2314 aliam
572 2240 607 2312 iu
630 2240 795 2338 opposito
819 2241 911 2313 illius
934 2240 1043 2314 etiam
1066 2240 1157 2314 ostio
1187 2238 1458 2336 proximiorem,
1486 2239 1609 2312 habuit
1644 2333 1645 2338 Ἰ

278 2367 468 2440 cardinalis
490 2369 744 2466 Neapolitanus
766 2367 811 2438 ad
833 2365 1014 2439 sinistram
1037 2365 1219 2454 intrantia,
1246 2369 1281 2436 et
1303 2363 1361 2436 illa
1383 2363 1447 2438 luit
1470 2363 1610 2461 signata
1630 2357 1638 2376 ”

280 2490 324 2579 0,
349 2497 384 2563 et
407 2515 561 2588 sequens
580 2492 639 2580 P‚·
663 2491 715 2565 sic
740 2491 783 2564 de
809 2493 887 2564 aliis
913 2491 1062 2588 signatis
1085 2489 1251 2562 omnibus
1273 2490 1441 2578 cameris,
1459 2513 1608 2584 quarum

276 2638 446 2690 numerus
476 2621 552 2689 erat
580 2640 686 2706 xxvi,
719 2641 789 2689 una
820 2622 992 2714 excepta,
1031 2615 1169 2688 scilicet
1197 2613 1322 2688 ultima
1355 2615 1399 2688 ad
1428 2595 1608 2688 sinistram

277 2739 441 2813 intrantis
457 2741 607 2838 capelle,
626 2765 694 2837 que
717 2749 792 2815 erat
808 2767 920 2841 prope
942 2741 1086 2830 ostium,
1106 2764 1175 2837 quo
1197 2740 1348 2812 intratur
1367 2739 1411 2811 ad
1427 2762 1607 2812 cameram

275 2865 469 2939 sacristein
481 2866 775 2962 oornuevangelii
792 2865 932 2952 altaris;
949 2865 1083 2940 ibidem
1095 2870 1219 2938 Rmus.
1233 2866 1276 2937 D.
1290 2863 1480 2937 cardinalis
1494 2864 1608 2938 sancti

275 2987 1607 3089 Georgiifierilecitxxvsehedulaspares,quamlibetunaliteraalphabeti

274 3115 461 3210 signatam,
489 3123 525 3190 et
549 3140 609 3190 eas
632 3116 861 3213 singulariter
881 3117 1029 3214 plicatas
1051 3117 1136 3213 poni
1159 3117 1195 3188 in
1226 3138 1296 3187 uno
1326 3113 1474 3202 birreto,
1499 3136 1607 3209 quem

272 3239 362 3316 alter
376 3243 500 3315 tenuit.
521 3245 644 3315 Rmus.
659 3247 702 3315 n.
717 3242 807 3316 tituli
823 3243 936 3316 sancti
947 3242 1092 3338 Georgii
1108 3241 1302 3317 nominavit
1319 3241 1520 3315 successive
1537 3240 1608 3313 sin-

272 3364 373 3460 gulos
390 3366 602 3456 cardinales,
621 3373 656 3440 et
672 3367 729 3441 illo
745 3391 810 3464 pro
826 3369 984 3464 quolibet
1000 3369 1184 3442 nominato
1205 3391 1312 3441 unam
1329 3368 1550 3472 schedulam,
1569 3372 1606 3440 et

271 3491 419 3588 quilibet
447 3493 586 3590 accepit
615 3492 711 3564 illam
742 3517 937 3582 cameram,
968 3519 1051 3590 que,
1081 3495 1185 3568 litera
1214 3494 1250 3567 in
1274 3471 1446 3567 schedula
1473 3492 1601 3590 posita,
1629 3587 1634 3597 ·

271 3615 410 3712 signata
425 3623 512 3690 erat.
532 3621 640 3690 Facta
654 3619 858 3715 hujusmodi
880 3619 1144 3709 distributione,
1169 3620 1370 3718 appositum
1386 3619 1450 3694 luit
1464 3643 1485 3692 a
1501 3624 1603 3713 tergo

271 3741 417 3814 cuilibet
446 3743 615 3817 schedula
649 3767 782 3816 nomeu
817 3744 908 3818 illius
938 3746 1149 3834 cardinaliS,
1181 3752 1236 3835 et,
1275 3771 1319 3818 ex
1351 3750 1453 3842 parte
1487 3745 1601 3818 sancti

270 3867 414 3963 Georgii
438 3875 473 3942 et
495 3868 683 3942 camerarii
704 3869 845 3966 prelati,
877 3871 1047 3944 schedule
1077 3871 1153 3968 ipse
1182 3870 1329 3968 singulis
1361 3868 1601 3942 cardinalibus

269 3990 305 4064 in
334 3992 499 4065 domibus
528 3992 687 4089 ipsorum
721 4000 947 4091 presentate,
986 4001 1024 4068 ut
1053 3995 1244 4068 servitores
1282 4019 1407 4068 eorum
1437 4017 1599 4068 cameras

268 4115 363 4214 ipsas
375 4118 476 4213 juxta
491 4141 669 4192 canonum
685 4119 889 4193 sanctiones
905 4145 1032 4218 parare
1047 4129 1208 4219 possent,
1227 4129 1262 4196 ot
1277 4122 1364 4195 alias
1380 4122 1532 4195 munire.

317 4241 396 4315 Fuit
418 4249 537 4316 autem
560 4244 738 4317 conclavis
760 4245 828 4317 hec
851 4245 1036 4342 dispositio
1056 4247 1197 4344 :prime
1219 4247 1298 4320 aule
1315 4248 1475 4345 majoris
1498 4248 1597 4320 vide-

265 4367 350 4445 licet
365 4369 498 4464 palatii,
524 4393 650 4442 omues
672 4375 788 4466 porte,
811 4377 962 4467 excepta
983 4372 1055 4459 illa,
1080 4374 1212 4468 quade
1236 4397 1379 4446 camera
1399 4373 1596 4470 apostolica

266 4493 310 4564 ad
334 4493 446 4590 ipsam
472 4496 588 4568 aulam
613 4495 764 4568 intratur
787 4519 830 4568 ex
854 4495 965 4569 tribus
989 4497 1080 4586 aliis,
1107 4499 1235 4594 quibus
1263 4500 1308 4572 ad
1336 4499 1526 4594 majorem,
1559 4505 1594 4573 et

266 4617 442 4692 minorem
473 4620 641 4718 capellas,
667 4645 707 4694 ac
734 4623 927 4698 secundam
953 4627 1069 4698 aulam
1099 4625 1322 4720 ingreditur3
1355 4632 1458 4723 porta
1486 4649 1592 4723 parua

265 4743 421 4815 secundo
452 4745 530 4817 aule
562 4748 784 4843 respondens
820 4773 927 4846 super
958 4751 1094 4822 curiam
1124 4751 1362 4840 bibliothece;
1395 4757 1430 4824 et
1462 4774 1590 4847 magna

262 4872 364 4962 porta
394 4869 498 4942 tertia
525 4871 618 4961 aule,
647 4897 715 4968 qua
744 4873 815 4946 itur
839 4876 884 4948 ad
913 4898 1094 4948 cameram
1117 4877 1340 4973 paramenti;
1369 4882 1404 4950 et
1432 4877 1588 4952 fenestra

262 5013 388 5064 omnes
418 4996 625 5068 earumdem
652 4998 826 5085 aularum,
862 5005 998 5073 murato
1024 5001 1183 5091 luerunt,
1210 5002 1366 5074 dimissis
1391 5007 1528 5075 tantum
1552 5002 1587 5074 in

261 5116 435 5212 superiori
451 5126 551 5216 parte
568 5121 804 5196 fenestrarum
821 5125 1020 5223 spiraculis,
1038 5151 1103 5224 per
1118 5149 1186 5223 que
1201 5126 1339 5201 luceret
1354 5127 1444 5201 dies
