3496 6056
330 440 381 496 148
786 437 961 494 lOllANNlS
986 436 1207 506 BURCHARDI,
1503 437 1575 500 [tutu
1591 436 1660 498 tros]

378 594 405 663 F
408 589 482 664 eria
497 588 668 680 secunda,
688 595 733 665 30
749 590 833 664 dicti
849 591 983 664 mensis
999 590 1185 688 maiiapud
1198 613 1228 662 s.
1248 592 1395 663 Petrum
1404 589 1508 687 juxta
1523 597 1560 664 et
1572 591 1664 664 iutra

328 716 449 791 locum
463 715 724 790 benedictionis
744 715 916 790 solemnis
933 716 970 790 in
989 714 1126 813 pulpito
1146 715 1280 790 ibidem
1300 720 1424 814 parato
1438 739 1506 814 per
1519 716 1664 814 episeo-

329 865 415 940 pum
435 865 479 916 ex
494 841 640 940 speciali
660 840 916 918 commissione
933 843 996 916 SS.
1024 846 1067 915 b.
1088 845 1132 916 Ν.
1148 865 1255 940 pape,
1277 841 1420 938 publice
1441 841 1663 939 degradatus

329 967 474 1062 quidam
496 967 605 1042 trater
633 967 800 1041 Nicolaus
830 967 913 1042 Gole
941 967 986 1041 de
1014 972 1139 1064 Regno
1163 966 1284 1042 Sicilie
1313 966 1497 1064 professus
1526 967 1662 1040 ordinis

328 1092 507 1167 minorum
524 1092 561 1166 iu
577 1091 827 1192 presbyterato
841 1091 968 1166 ordine
983 1093 1197 1166 constitutus
1211 1097 1359 1190 propter
1372 1091 1662 1166 falsificationem

275 1205 280 1220 ’
328 1224 474 1294 monete
490 1224 526 1293 et
541 1216 673 1292 ibidem
690 1217 875 1292 lohannes
891 1217 1102 1291 Franciscus
1120 1217 1329 1314 barigellus,
1350 1217 1449 1291 hunc
1469 1217 1538 1290 sibi
1556 1217 1664 1290 tradi·

327 1350 418 1434 tum,
446 1344 576 1419 ordine
604 1341 802 1438 pontificali
832 1341 929 1431 dato,
964 1343 1009 1415 ad
1037 1343 1164 1416 turrim
1186 1343 1331 1418 Soldani
1358 1342 1512 1432 reduxit,
1541 1348 1579 1416 et
1604 1341 1663 1416 die

326 1471 451 1544 martis
467 1475 513 1545 30
529 1469 701 1543 etultima
722 1467 806 1544 dicti
828 1467 963 1542 mensis
983 1468 1068 1543 maii
1085 1468 1123 1542 in
1144 1492 1273 1567 campo
1290 1468 1395 1544 Flore
1414 1467 1558 1566 publice
1580 1493 1663 1542 sus-

327 1618 476 1692 pensus
706 1611 708 1616 '
1132 1659 1140 1678 ,
1378 1685 1383 1696 Β

376 1720 479 1794 Feria
498 1719 633 1818 quinta,
659 1715 837 1793 dmensis
862 1719 966 1818 Junii,
1000 1719 1118 1817 vigilia
1146 1719 1309 1816 corporis
1337 1719 1482 1809 Christi,
1511 1719 1661 1793 luerunt

327 1869 476 1943 vespere
493 1846 639 1945 papales
662 1845 698 1918 in
714 1843 853 1942 capella
872 1845 1087 1942 supradicta,
1115 1848 1210 1943 Papa
1232 1844 1395 1935 absente,
1418 1843 1662 1920 cardinalibus

327 1971 566 2070 presentibus.
583 1976 706 2046 Rmus.
723 1974 766 2043 D.
785 1969 975 2044 cardinalis
992 1970 1176 2070 Agriensis
1196 1969 1283 2045 lecit
1303 1969 1477 2045 otficium.
1497 1974 1537 2046 ln
1552 1993 1662 2044 mane

327 2097 505 2194 sequenti,
528 2097 619 2172 sesto
635 2094 798 2195 eorporis
814 2095 959 2186 Christi,
982 2095 1077 2169 lacta
1092 2102 1147 2170 est
1162 2095 1347 2194 processio
1363 2120 1384 2170 a
1399 2095 1538 2194 capella
1551 2119 1663 2193 parra

326 2225 447 2322 palatii
477 2225 670 2324 supradicti
698 2249 811 2323 nsque
836 2223 928 2297 citra
955 2222 1103 2296 domum
1127 2219 1288 2319 episcopi
1314 2220 1511 2296 Aleriensis
1532 2244 1661 2294 versus

327 2351 473 2424 domum
489 2349 680 2426 cardinalis
695 2377 724 2426 s.
744 2349 939 2425 Clementis
956 2353 992 2422 et
1007 2346 1137 2422 deinde
1152 2369 1218 2444 per
1232 2345 1324 2420 viam
1338 2345 1479 2420 sobtam
1493 2369 1661 2420 reversus

328 2477 373 2551 ad
397 2477 582 2552 basilicam
609 2504 639 2552 s.
669 2477 780 2568 Petri,
813 2475 874 2551 ubi
902 2473 1085 2573 predictus
1112 2471 1302 2546 cardinalis
1329 2471 1529 2568 Agriensis,
1562 2475 1662 2568 Papa

327 2601 490 2695 absente,
517 2601 758 2676 cardinalibus
778 2599 1024 2700 presentibus;
1047 2597 1220 2672 olliciales
1242 2619 1392 2672 romane
1416 2597 1515 2672 curie
1542 2597 1662 2670 inces-

249 2813 252 2822 ι
327 2733 451 2802 serunt
480 2728 605 2802 ordine
633 2727 875 2826 superioribus
909 2725 1012 2800 annis
1042 2724 1243 2798 observato.
1282 2722 1477 2798 cardinalis
1504 2722 1658 2821 portavit

326 2858 592 2927 sacramentum
607 2873 650 2926 ex
667 2851 761 2925 dicta
780 2850 919 2949 capella
937 2873 1050 2946 usque
1070 2848 1117 2922 ad
1135 2848 1269 2938 aulam,
1292 2848 1409 2947 capite
1434 2848 1658 2945 discoperto,

327 2980 370 3053 de
387 2979 467 3053 aula
482 2977 579 3052 venit
594 2979 629 3051 in
645 2977 761 3052 bireto
777 2999 889 3075 usque
906 2975 951 3050 ud
965 2976 1115 3065 curiam,
1133 2975 1193 3048 ubi
1216 2975 1417 3050 cardinales
1432 2972 1661 3049 descendere

326 3105 444 3180 solent
457 3127 500 3179 er
516 3104 641 3179 bestiis
655 3111 691 3178 et
706 3105 918 3194 ascendere,
942 3110 977 3177 et
992 3102 1040 3176 ibi
1054 3101 1200 3199 ¹accepit
1220 3103 1364 3177 mitram
1379 3101 1655 3200 aurifrigiatam,

327 3231 392 3303 sub
423 3253 494 3324 qua
522 3229 582 3302 ivit
619 3253 686 3327 per
720 3235 832 3302 totam
860 3229 1144 3327 processionem.
1183 3227 1441 3301 Baldachiuum
1468 3233 1659 3324 portarunt

327 3354 511 3451 digniores
527 3355 668 3428 nobiles
683 3353 744 3450 qui
761 3353 984 3451 processioni
1001 3351 1254 3426 interfuerunt.

375 3479 480 3552 Feria
503 3485 621 3572 sexta,
654 3486 698 3553 10
729 3480 864 3554 mensis
888 3479 995 3578 junii,
1022 3485 1184 3553 oratores
1212 3479 1313 3554 ducis
1336 3479 1521 3555 Britannis
1551 3504 1659 3577 supra

327 3603 477 3699 recepti,
503 3605 538 3676 in
558 3604 703 3702 publico
724 3605 938 3680 consistorio
957 3605 993 3677 in
1013 3604 1119 3677 tertia
1139 3604 1218 3676 aula
1238 3603 1358 3702 palatii
1380 3605 1574 3701 supradicti
1590 3606 1655 3678 SS.

328 3730 372 3800 D.
390 3731 432 3801 N.
453 3730 661 3804 lnnocentio
682 3755 773 3828 pape
789 3755 850 3804 uu
872 3731 1106 3830 prestiterunt
1129 3731 1276 3806 nomine
1298 3756 1425 3806 eorum
1450 3731 1552 3806 ducis
1573 3733 1661 3804 obe·

327 3852 500 3926 dieutiam
517 3854 675 3928 debitam
691 3862 726 3928 et
742 3861 966 3931 consuetam.
981 3859 1188 3934 Orationem
1204 3858 1341 3933 lecitR.
1357 3859 1393 3931 in
1407 3857 1550 3932 Christo
1561 3861 1600 3930 P.
1611 3861 1654 3929 b.

327 3962 505 4050 Robertus
521 3979 711 4078 episcopus
726 3982 972 4056 Trecoriensis
990 3984 1147 4081 primum
1159 3984 1280 4058 locum
1293 3983 1461 4058 intereos
1477 3983 1655 4057 obtinens.

376 4103 481 4176 Feria
499 4109 540 4177 17
560 4103 645 4180 dicti
660 4107 795 4180 mensis
807 4107 913 4206 junii,
931 4109 1001 4183 duo
1024 4116 1186 4184 oratores
1205 4109 1428 4184 marchionis
1453 4108 1658 4193 Montisler-

327 4229 408 4318 rati,
432 4233 472 4302 21
498 4230 619 4328 aprilis
639 4233 800 4329 proxime
815 4235 977 4331 preteriti
994 4237 1144 4335 recepti,
1162 4236 1398 4334 prestiterunt
1418 4233 1657 4310 obedientiam

326 4353 473 4428 lilialem
494 4361 531 4428 et
550 4356 708 4430 debitam
729 4361 791 4432 SS.
816 4363 859 4432 Ι).
881 4363 922 4436 N.
946 4361 1126 4459 predicto,
1155 4361 1192 4434 in
1216 4361 1362 4459 publico
1387 4359 1600 4436 consistorio
1620 4357 1658 4430 in

327 4480 432 4554 tertia
446 4479 528 4554 aula
543 4483 748 4580 supradicta
762 4483 899 4557 habito.
915 4487 1122 4572 Orationem
1132 4487 1219 4561 lecit
1230 4489 1386 4561 Bonatus
1395 4486 1552 4584 primum
1567 4483 1658 4557 inter

327 4627 390 4676 eos
405 4605 526 4680 locum
543 4607 723 4682 obtinens.
1735 4701 1736 4704 Ἴ

376 4731 531 4805 Sabbato
556 4737 598 4806 18
624 4733 709 4807 dicti
731 4736 867 4808 mensis
885 4738 990 4835 junii,
1022 4741 1066 4814 de
1090 4739 1237 4838 speciali
1260 4739 1429 4814 mandato
1454 4743 1517 4815 SS.
1545 4741 1584 4812 b.
1609 4732 1652 4808 li.
1735 4725 1736 4780 ³

327 4855 437 4953 Pape,
454 4861 553 4930 tenta
569 4865 624 4932 est
640 4864 718 4934 rota
731 4867 766 4935 et
783 4862 964 4938 audientia
979 4889 1168 4940 causarum
1184 4865 1265 4938 loco
1285 4871 1472 4939 consueto
1735 4863 1736 4882 ¹

374 4981 479 5056 Feria
494 4984 611 5075 tertia,
639 4989 683 5060 28
700 4988 835 5062 mensis
860 4989 951 5088 junii
976 4990 1128 5088 predicti
1157 4989 1222 5064 luit
1242 4989 1500 5064 consistorium
1519 4989 1553 5062 iu
1574 4982 1655 5058 aula

325 5105 551 5204 pontificum,
570 5108 604 5180 in
622 5133 692 5206 quo
709 5115 773 5186 SS.
792 5116 835 5209 1),
854 5121 979 5188 nostro
992 5139 1036 5191 ex
1052 5140 1152 5191 more
1169 5122 1309 5215 parato,
1327 5121 1492 5192 oratores
1513 5107 1650 5196 Veneti,
