3496 6056
92 481 230 548 [coarctat]
392 477 518 535 RERUM
541 475 769 535 URBANARUM
793 475 1053 534 COMMENTAHll.
1353 481 1388 532 77

131 633 251 734 Viginti
277 639 430 730 quatuor
456 631 583 707 lancee
606 632 717 707 rubee
741 654 806 730 pro
832 632 945 706 tribus
960 629 1194 705 baldachinis.
1223 631 1391 729 Quinque

92 762 198 835 lancee
212 783 274 859 pro
289 759 445 858 quinque
462 757 597 834 vexillis
618 757 774 856 magnis.

132 883 426 983 vigintiquinque
440 883 598 958 minores
613 883 740 958 lancee
759 905 824 980 pro
839 879 1031 956 duodecim
1051 880 1185 956 vexillis
1206 905 1396 958 cursorum

94 1021 123 1089 ct
132 1011 292 1087 tredecim
307 1011 465 1109 capitum
480 1010 670 1108 regionum
688 1009 768 1084 albe
780 1008 861 1082 date
871 1014 955 1082 suot
966 1013 1106 1082 tantum
1122 1007 1314 1085 duodecim
1330 1035 1395 1110 pro

93 1160 259 1212 corsorum
270 1135 418 1228 vexillis,
434 1136 519 1234 quia
537 1133 755 1233 capuciones
782 1133 952 1232 sibiipsis
974 1157 1057 1208 suas
1073 1131 1297 1228 ordinarunt,
1315 1139 1400 1234 quia

92 1263 134 1336 sic
146 1261 214 1337 heri
227 1267 441 1336 consuetum
454 1284 534 1336 esse
549 1260 753 1336 dicebatur.

132 1390 200 1464 Duc
211 1389 337 1464 lancee
353 1389 432 1463 alba
448 1409 514 1486 pro
534 1385 675 1462 duobus
691 1385 912 1461 cherubinis.

130 1513 280 1612 Quinque
296 1514 413 1589 baculi
436 1512 537 1588 rubei
557 1536 623 1610 pro
638 1511 852 1588 ducentibus
872 1512 974 1609 equis
990 1511 1124 1586 scalam
1138 1516 1234 1612 Papa
1247 1521 1396 1613 portan-

90 1639 178 1732 tibus,
194 1641 382 1734 duodecim
398 1663 511 1738 equos
526 1661 610 1713 cum
628 1637 777 1714 muletta
799 1662 869 1736 que
892 1645 1014 1714 tamen
1034 1639 1316 1716 extraordinaria
1329 1665 1396 1740 pro

88 1773 199 1838 ornatu
213 1765 476 1864 processionis.
795 1765 798 1771 ’
951 1761 957 1770 ’

129 1893 199 1965 Duo
219 1891 336 1967 baculi
354 1889 507 1966 inaurati
526 1913 592 1990 pro
617 1888 778 1966 lanteriis
802 1911 873 1988 que
892 1895 976 1966 ante
1000 1911 1131 1988 corpus
1157 1891 1287 1967 Christi
1312 1915 1397 1990 por*

91 2015 223 2088 tantur.

132 2146 254 2217 Decem
269 2143 387 2236 baculi
405 2167 470 2241 pro
486 2141 753 2242 parafreuariis,
770 2141 825 2217 rol
837 2140 970 2239 plures,
986 2141 1015 2215 si
1031 2141 1265 2239 paralrenarii
1278 2145 1399 2242 plures
1464 2141 1467 2146 ’

92 2269 162 2360 sint,
176 2293 254 2344 com
269 2271 380 2344 armis
399 2270 547 2345 deauco
564 2269 651 2344 tino.

131 2399 261 2472 Lancea
280 2419 349 2495 pro
371 2397 547 2471 umbrella
560 2419 631 2493 que
645 2417 794 2494 pomum
810 2417 961 2470 aureum
976 2394 1031 2469 vel
1047 2393 1251 2471 inauratum
1269 2397 1305 2471 in
1319 2399 1398 2497 ejus

91 2523 276 2598 summitate
289 2523 437 2616 habeat,
454 2523 602 2621 triginta
615 2520 919 2618 velquadraginta
933 2521 1092 2614 scabelli,
1109 2529 1170 2596 aut
1183 2522 1305 2622 plures
1319 2548 1401 2598 cum

90 2648 183 2722 armis
195 2649 355 2724 Ecclesia
371 2656 406 2726 et
421 2653 517 2748 Papa
531 2671 597 2748 pro
613 2648 863 2746 capella2Pape
875 2653 910 2722 at
925 2647 1160 2723 consistoriis.

129 2775 240 2870 Equus
254 2774 359 2848 albus
370 2797 435 2872 pro
451 2773 622 2872 pontifico
635 2773 696 2870 qui
712 2797 733 2847 a
749 2777 845 2846 rotro
861 2771 979 2846 veluto
990 2772 1193 2848 cremosino
1207 2779 1400 2872 coopertus

93 2895 129 2969 sit
142 2921 217 2973 cum
232 2900 335 2976 lreno
351 2898 396 2975 de
412 2899 543 2974 eodem
563 2898 681 2973 velato
702 2919 791 2972 auro
809 2903 950 2971 ornato.

132 3027 245 3121 Equus
260 3023 387 3099 similis
405 3047 471 3124 pro
490 3045 643 3122 corpore
664 3023 806 3115 Christi,
828 3023 946 3102 veluto
968 3022 1172 3098 cramesino
1194 3029 1400 3121 coopertus,

94 3153 125 3220 ut
137 3151 242 3247 prius,
260 3173 346 3226 cum
358 3153 464 3228 simili
478 3152 596 3226 freno.

134 3277 324 3354 Duodecim
340 3280 423 3378 equi
439 3280 574 3356 similas
586 3303 670 3356 oum
686 3275 842 3376 copertis
859 3281 895 3350 et
912 3274 1035 3368 irenis,
1049 3285 1089 3352 nt
1102 3275 1256 3374 predixi.

132 3399 217 3474 Mula
234 3405 333 3500 Pape
346 3427 429 3478 cnm
443 3411 615 3502 cooperta
628 3411 665 3478 et
680 3402 782 3475 freno
798 3397 1069 3496 similibusque
1085 3423 1129 3476 cx
1145 3425 1236 3477 nora
1249 3425 1406 3480 cousue-

96 3523 204 3600 tudine
224 3527 381 3605 ducitur.
1111 3611 1116 3618 ,

133 3651 246 3747 llquus
265 3654 392 3730 similis
410 3681 476 3754 pro
497 3679 651 3757 corpora
673 3656 818 3750 Christi,
841 3653 960 3732 seluto
982 3657 1187 3734 cremosino
1208 3665 1401 3758 coopertus

97 3778 248 3874 otprius.
1270 3795 1281 3816 ⁰

136 3905 248 4001 Equus
262 3907 389 3982 similis
400 3908 460 4007 qui
472 3909 606 3985 scalam
619 3910 877 4010 Poposcarlato
891 3911 1291 4006 coopertuscumlreno
1304 3911 1413 3987 etiam

95 4029 311 4111 condecenti.

135 4157 262 4258 Viginti
276 4170 432 4262 quatuor
443 4168 614 4260 cooperte
632 4185 676 4238 ex
689 4161 843 4239 scarlato
859 4187 941 4238 cum
957 4161 1066 4236 lrenis
1077 4169 1113 4236 et
1123 4159 1336 4241 frontalibus
1347 4187 1413 4266 pro

97 4287 232 4365 totidem
256 4295 364 4372 mulis
394 4295 525 4372 salmas
563 4294 781 4370 cibariorum
808 4293 1056 4370 deterentibus
1079 4295 1124 4370 ad
1154 4321 1184 4370 s.
1214 4296 1418 4371 lohannem

97 4413 380 4498 lateranensem.

136 4546 242 4620 Panni
258 4548 387 4626 virides
401 4576 467 4650 pro
487 4551 599 4628 choro
615 4552 761 4628 basilice
776 4579 806 4627 s.
830 4555 943 4645 Petri;
962 4575 1092 4628 caune.
1107 4606 1129 4627 ..

138 4670 296 4770 Quinque
311 4700 427 4752 canna
442 4679 551 4774 pauni
565 4679 693 4754 rosacii
709 4703 774 4776 pro
790 4679 880 4755 solio
906 4683 1001 4776 Papa
1021 4679 1167 4753 ibidem.

137 4797 244 4872 Panni
259 4799 388 4875 virides
402 4826 468 4900 pro
480 4805 618 4902 capella
633 4831 662 4880 s.
680 4803 825 4902 Georgii
840 4805 877 4877 in
892 4803 1041 4878 basilica
1054 4803 1236 4902 predicta3
1253 4823 1415 4893 canna...

140 4921 246 4994 Panni
261 4923 389 5000 virides
403 4949 469 5024 pro
486 4938 657 5026 suggesto
672 4931 709 5004 iu
730 4931 837 5030 plano
856 4953 966 5028 supra
984 4927 1116 5027 gradus
1140 4935 1203 5004 aut
1225 4927 1414 5004 basilicam

100 5039 285 5129 predictam
297 5047 536 5147 preparando.

144 5167 252 5242 Panni
265 5171 392 5248 virides
402 5198 468 5275 pro
479 5177 592 5252 choro
603 5177 1416 5276 basilicastohanuishateraneusis3contre...
