3424 6038
272 460 326 516 aaa
440 494 443 501 -
730 455 906 514 rounnms
930 453 1153 528 BURCHARDI,
1366 453 1523 520 [osanna
1538 457 1599 520 roo]

275 616 400 684 Rmus.
430 615 473 685 b.
503 609 693 686 cardinalis
719 634 748 684 s.
773 609 868 685 Petri
892 611 938 684 ad
958 609 1112 689 Vincula
1126 636 1191 710 pro
1206 608 1431 688 habitatione
1453 631 1600 707 persone

276 736 403 834 prelati
429 737 521 809 Rmi.
549 741 592 810 l).
620 736 809 810 cardinalis
833 737 1034 811 Genuensis
1059 745 1266 835 paraverat;
1293 738 1390 812 idem
1416 735 1602 811 cardinalis

275 860 474 935 (leunensis
491 861 663 958 equitavit
682 862 718 934 in
739 862 821 936 loco
846 885 910 936 sue
935 862 1190 959 promotionis,
1218 862 1412 961 aliquando
1437 885 1461 935 a
1481 859 1604 934 dextris

276 985 466 1059 cardinalis
479 986 523 1060 de
538 987 736 1060 Comitibus
751 986 945 1083 aliquando
958 1009 979 1060 a
995 987 1148 1062 sinistris
1159 987 1351 1061 cardinalis
1365 1010 1397 1058 s.
1416 984 1605 1058 Clementis

277 1111 476 1186 secundum
491 1114 587 1208 quod
603 1112 691 1186 ordo
713 1111 963 1209 expostulabat
984 1139 991 1185 :
1014 1111 1088 1185 bini
1109 1117 1145 1184 et
1170 1110 1244 1185 bini
1267 1109 1483 1207 equitabant
1503 1107 1609 1182 cardi·

277 1233 377 1311 nales¹
407 1259 520 1333 usque
548 1238 593 1310 ad
616 1237 782 1311 ultimum
807 1237 928 1311 locum
953 1236 989 1308 in
1013 1260 1085 1334 quo
1113 1243 1186 1310 tres
1213 1235 1439 1332 equitabant,
1475 1233 1608 1308 medius

277 1362 468 1436 cardinalis
481 1361 526 1436 de
544 1363 745 1454 Sabellis,a
764 1363 898 1436 dextris
911 1363 956 1437 de
970 1362 1147 1436 Columna
1161 1369 1196 1434 et
1210 1385 1231 1434 a
1246 1360 1402 1434 sinistris
1415 1359 1609 1433 Ascanium

278 1487 478 1561 cardinales
509 1487 650 1562 habens
678 1513 685 1561 :
716 1511 798 1566 cum
829 1493 953 1562 essent
977 1495 1059 1562 ante
1081 1487 1231 1560 domum
1261 1485 1457 1584 prefatam,
1487 1505 1610 1556 omnes

278 1612 480 1686 cardinales
509 1637 574 1710 per
602 1613 765 1686 ordinem
786 1615 831 1687 ab
859 1637 931 1687 uno
959 1613 1073 1688 latere
1102 1621 1230 1687 eontra
1256 1613 1388 1686 ostium
1417 1612 1555 1686 domus
1577 1631 1611 1682 se

279 1736 490 1827 firmarunt;
510 1743 603 1824 ,tuno
635 1736 826 1811 cardinalis
855 1737 1071 1828 Genuensis,
1096 1735 1238 1812 detecto
1270 1736 1402 1834 capite,
1427 1745 1518 1810 ante
1546 1734 1613 1806 sin·

279 1862 382 1958 gulos
398 1861 585 1957 equitavit,
604 1863 656 1935 eis
681 1861 812 1959 gratias
829 1883 954 1957 agens,
979 1861 1129 1958 singulis
1147 1860 1306 1958 porrexit
1321 1883 1476 1934 manum
1493 1865 1530 1932 et
1546 1857 1613 1932 sin·

279 1987 372 2082 gulis
396 1987 527 2060 iterum
552 1988 735 2061 osculatus
750 1993 872 2083 preter
887 1987 1162 2061 instructionem
1180 2009 1319 2077 meam3
1337 1987 1505 2060 dixeram
1522 1984 1612 2058 euim

280 2111 346 2184 sibi
370 2111 468 2208 quod
488 2113 621 2208 gratias
642 2119 767 2208 ageret
786 2111 951 2208 singulis,
983 2112 1212 2209 paucissimis
1239 2112 1356 2185 verbis
1378 2112 1516 2209 primo,
1541 2118 1612 2184 tum

280 2235 372 2326 aliis,
402 2244 510 2333 caput
531 2236 754 2326 inclinando,
782 2243 929 2334 ageret;
956 2262 1028 2334 quo
1053 2237 1146 2311 lacto
1171 2247 1254 2315 ante
1282 2245 1424 2336 portam
1448 2261 1555 2313 suam
1578 2259 1613 2310 se

280 2361 441 2451 tirmans,
461 2359 603 2434 detecto
625 2361 755 2458 capite,
774 2361 999 2458 singulorum
1015 2385 1201 2438 recessum
1224 2363 1444 2461 expectavit;
1465 2363 1609 2438 tandem

280 2483 576 2558 intravitdomum
594 2485 806 2582 predictam.
822 2488 927 2560 Forte
943 2486 1010 2559 iste
1027 2487 1224 2562 Cardinalis
1247 2487 1346 2584 prius
1365 2487 1402 2560 in
1418 2487 1518 2561 Urbe
1535 2483 1610 2570 luit,

280 2609 439 2706 alioquin
464 2609 534 2682 ista
551 2609 703 2684 obviatio
725 2635 799 2686 non
824 2619 898 2685 erat
916 2611 975 2685 tali
997 2612 1106 2686 modo
1124 2613 1292 2688 habenda
1307 2611 1369 2702 tl).

330 2734 433 2808 Faria
448 2735 585 2830 quinte,
607 2741 644 2807 ll
674 2737 809 2810 mensis
832 2737 1051 2828 decembris,
1072 2741 1114 2811 R.
1135 2742 1173 2813 P.
1190 2741 1234 2812 l).
1256 2737 1398 2812 Gabriel
1413 2736 1628 2836 [episcopus

251 2871 256 2876 '
282 2860 493 2958 Adjecensis
509 2861 704 2935 celebravit
726 2863 874 2936 missam
894 2863 1075 2960 publicam
1099 2886 1164 2960 pro
1183 2863 1304 2936 anima
1323 2863 1419 2937 bone
1434 2859 1609 2936 memorie

187 2995 193 3007 '
281 2987 456 3060 lobannis
467 2987 558 3060 tituli
571 3011 600 3061 s.
617 2988 787 3062 Praxedis
798 2964 999 3087 presbyteri
1015 2988 1207 3063 cardinalis
1219 2987 1499 3063 Mediolanensis
1513 2989 1609 3085 juxta

282 3134 422 3186 morem
446 3114 585 3210 capelle
604 3119 728 3188 nostre
745 3113 782 3186 in
800 3113 939 3211 capella
962 3115 1102 3210 majore
1123 3113 1245 3211 palatii
1261 3112 1451 3210 apostolici
1467 3111 1564 3210 apud
1584 3133 1608 3180 s.
1645 3124 1648 3132 ’

283 3243 444 3328 Petrum,
459 3248 495 3313 et
506 3242 745 3339 postmissam
762 3240 910 3316 absolvit
926 3263 1028 3314 more
1039 3240 1157 3328 solito,
1173 3242 1271 3336 Papa
1283 3239 1448 3326 absente,
1467 3235 1605 3310 ltltmis.
1698 3250 1707 3421 Ι

281 3368 356 3437 DD.
378 3366 613 3463 Neapolitano
634 3392 661 3441 s.
685 3367 796 3440 llarie
818 3367 855 3439 in
872 3365 1030 3458 Porticu,
1048 3363 1312 3462 Andegarensi,
1329 3363 1530 3460 episcopis;
1548 3367 1608 3436 Re·
1706 3437 1708 3460 ,

282 3490 505 3582 chanetensi,
521 3492 565 3565 de
582 3492 794 3582 Comitibus,
810 3490 1010 3578 Parmensi,
1022 3489 1241 3588 presbyteris
1256 3512 1264 3578 ;
1278 3489 1322 3562 de
1334 3490 1447 3577 Fuxo,
1463 3511 1493 3562 s.
1506 3490 1608 3562 Geor-

283 3615 344 3711 gii,
364 3615 407 3688 de
427 3616 591 3707 Sabellis,
610 3617 654 3690 de
670 3617 856 3708 Columna,
880 3618 924 3690 de
944 3615 1079 3690 Ursinis
1096 3620 1132 3688 et
1146 3613 1303 3687 Ascanio
1321 3613 1484 3687 diaconis
1499 3610 1607 3688 cardi-

283 3738 423 3812 nalibus
438 3741 678 3836 presentibus.
696 3745 781 3815 Post
801 3741 1004 3839 epistolem,
1022 3739 1240 3835 interrogavi
1256 3737 1440 3835 predictos
1455 3739 1603 3811 Rllmos.

284 3866 359 3935 bo.
375 3863 574 3938 cardinales
597 3867 641 3939 de
666 3865 836 3940 mandato
867 3868 931 3940 SS.
951 3870 992 3940 D.
1013 3869 1054 3940 N.
1084 3889 1175 3962 pape
1192 3888 1257 3962 per
1272 3867 1319 3937 D.
1343 3866 1387 3936 Α.
1403 3863 1605 3961 episcopum

283 3989 498 4063 auriensem
527 3991 705 4066 datarium
742 3989 831 4065 mibi
856 3991 964 4082 facto,
996 3991 1138 4088 quando
1172 3989 1334 4086 placeret
1358 3989 1510 4062 Rllmis.
1537 3989 1602 4061 bb.

285 4115 380 4210 quod
399 4115 511 4190 missa
527 4117 652 4190 similis
674 4118 870 4216 exequialis
890 4141 955 4215 pro
977 4117 1096 4191 anima
1116 4117 1174 4214 pie
1195 4117 1371 4213 memorie
1389 4117 1605 4190 tacobiSco-

287 4245 403 4313 torum
424 4241 519 4337 regis
543 4242 690 4316 illustris
713 4243 872 4318 defuncti
898 4249 1011 4317 estate
1035 4241 1209 4341 preterita
1241 4242 1276 4314 in
1299 4240 1437 4338 capella
1458 4240 1605 4338 predicta

284 4365 500 4440 celebretur.
520 4370 796 4465 Responderunt
810 4391 936 4442 omnes
953 4392 991 4441 se
1008 4367 1195 4442 sanctitati
1207 4391 1271 4440 sue
1284 4356 1512 4440 remittentes
1524 4359 1607 4460 quod

286 4513 370 4564 cum
384 4491 561 4566 Sanctitas
575 4517 640 4567 sua
654 4493 865 4591 hujusmodi
876 4493 1024 4567 missam
1040 4491 1216 4566 celebrari
1234 4491 1367 4566 debere
1381 4490 1470 4588 ipsis
1485 4491 1607 4564 laceret

285 4616 461 4706 intimari;
480 4617 544 4707 illi,
563 4623 601 4692 ut
616 4617 763 4711 debent,
781 4619 936 4692 libenter
949 4621 1166 4708 intererunt3
1185 4617 1282 4714 quod
1295 4616 1425 4690 deinde
1442 4617 1488 4690 ad
1501 4615 1606 4688 statim

287 4744 331 4815 D.
359 4741 529 4840 episcopo
557 4743 725 4816 duriensi
759 4744 898 4818 datario
925 4750 960 4818 et
987 4743 1137 4818 sacriste
1168 4742 1306 4840 capelle
1335 4747 1459 4816 nostre
1499 4737 1604 4814 retuli.

337 4865 526 4940 [lominica
540 4865 645 4941 tertia
660 4867 832 4942 adventus
848 4867 1005 4959 Domini,
1030 4873 1073 4939 ll
1094 4867 1229 4941 mensis
1251 4866 1471 4958 decembris,
1489 4871 1602 4940 Rmus.

323 5054 349 5108 l.
370 5053 446 5109 Cette
461 5053 583 5110 derniere
601 5055 701 5128 phrase
715 5059 757 5111 est
771 5055 966 5112 certainement
980 5071 1034 5110 une
1048 5071 1191 5128 remarque
1212 5071 1266 5130 que
1281 5053 1360 5111 Paris
1375 5056 1410 5111 de
1425 5053 1533 5112 Grassio
1546 5067 1603 5108 aura

287 5141 350 5199 laite
369 5160 403 5200 en
412 5159 506 5217 merge
521 5143 557 5200 du
567 5143 718 5202 manuscrit
732 5143 845 5218 original
858 5151 885 5202 et
900 5145 985 5218 qu'un
1002 5143 1090 5202 scribe
1104 5161 1172 5202 aura
1181 5141 1330 5218 interpolee
1343 5144 1414 5201 dans
1429 5143 1453 5202 le
1463 5149 1541 5201 texte.
