3436 6038
152 439 376 508 [berentrudae]
464 435 591 494 aunon
616 435 843 494 cuauuluuu
867 436 1128 499 conuuuuuur.
1402 413 1464 506 'aaa

151 597 255 668 tector
277 589 410 664 ordinis
434 589 615 664 minorum
641 589 727 662 dixit
748 589 921 686 magistro
947 593 1065 688 palatii
1089 605 1362 692 procuratorem
1383 627 1462 678 esse

150 717 322 792 hominem
338 717 589 813 approbatum,
609 723 802 813 propteroa
816 739 887 788 uon
906 717 1039 793 debere
1060 745 1197 796 curare.
1220 727 1379 802 Tandem
1396 732 1459 804 SS.

151 848 187 916 b.
204 845 243 915 N.
261 864 318 914 me
335 841 590 936 interrogando
602 840 688 914 dixit
702 841 1076 937 quodprocuratorem
1093 849 1137 920 ad
1150 851 1324 924 orandum
1337 852 1465 928 admit-

147 975 270 1057 terem;
288 966 442 1040 accessit
455 973 576 1040 tamen
590 966 690 1062 prius
706 967 814 1040 etiarn
829 967 874 1040 ad
888 967 1105 1065 idmagister
1118 974 1315 1068 predictus,
1334 976 1461 1052 iutuitu

150 1091 231 1165 llari.
250 1095 292 1163 D.
320 1091 511 1165 cardinalis
533 1091 699 1190 predicti,
725 1091 810 1166 licet
834 1094 912 1190 ejus
940 1096 1127 1170 consentio
1152 1121 1225 1170 non
1252 1106 1361 1174 esset.
1385 1101 1464 1176 Alia

146 1217 454 1292 omniaobservata
470 1224 554 1290 sunt
567 1241 667 1292 more
684 1218 803 1292 solito.

187 1341 356 1415 Existimo
372 1347 494 1416 autem
506 1349 780 1438 procuratorem
796 1365 1002 1418 sermonem
1018 1367 1091 1420 non
1107 1349 1308 1424 ostendisse
1329 1352 1464 1449 magis·

142 1475 190 1542 tro
202 1491 265 1564 per
278 1490 322 1540 ea
337 1467 434 1562 quod
449 1466 607 1540 dicturus
623 1474 718 1556 erat;
733 1473 769 1540 et
783 1467 868 1540 dixit
885 1468 921 1540 in
938 1468 998 1541 illo
1015 1471 1110 1566 quod
1123 1473 1230 1546 beata
1237 1475 1349 1550 Maria
1363 1476 1463 1574 virgo

144 1598 313 1688 concepta
331 1598 426 1664 esset
443 1591 519 1664 sine
529 1598 680 1688 peceato
690 1591 868 1687 originali,
877 1593 980 1689 juxta
991 1595 1197 1691 opinionem
1210 1599 1461 1691 Scotistarum‚

141 1717 232 1813 quod
248 1723 304 1790 est
325 1721 452 1790 contra
476 1716 683 1813 opinionem
708 1715 976 1790 Themistamm
1003 1743 1047 1794 ex
1069 1721 1198 1816 quibus
1218 1731 1272 1798 est
1294 1725 1465 1822 magister

138 1841 265 1938 palatii.

188 1966 377 2038 Dominica
404 1966 511 2040 tertio
535 1965 719 2056 adrentus
750 1971 792 2038 17
815 1967 1032 2062 decembrio,
1063 1970 1100 2044 in
1127 1975 1265 2070 capella
1285 1977 1460 2072 predicta,

140 2097 259 2164 ltmus.
294 2095 336 2165 D.
365 2090 555 2165 cardinalis
583 2091 768 2188 Agrieusis
795 2090 987 2166 celebravit
1019 2094 1166 2169 missam
1196 2098 1397 2174 solemnem
1426 2101 1462 2174 in

138 2217 364 2314 paramentis
378 2215 561 2305 violaceis,
591 2217 687 2312 Papa
705 2221 873 2312 presente
899 2241 906 2289 :
930 2217 1017 2290 dixit
1035 2224 1188 2314 quatuor
1207 2221 1400 2313 orationes
1425 2229 1463 2296 ut

139 2367 254 2438 supra,
281 2341 318 2414 in
345 2342 504 2415 secunda
524 2339 717 2414 dominica.
746 2343 960 2416 Sermonem
985 2342 1072 2416 lecit
1091 2353 1304 2440 procurator
1327 2347 1463 2420 ordinis

136 2491 163 2539 s.
184 2465 373 2562 Augustini
395 2467 668 2542 heremitarum.
698 2473 781 2542 Post
806 2466 969 2558 missam,
995 2467 1207 2566 interrogavi
1228 2471 1462 2546 Sanctitateur

141 2615 239 2664 suam
264 2615 311 2664 an
335 2591 517 2666 dominica
541 2592 661 2666 lutura
686 2617 754 2688 que
786 2598 883 2666 esset
906 2591 1026 2688 vigilie
1050 2593 1177 2666 natalis
1202 2595 1332 2668 Christi
1357 2595 1462 2671 vellet

136 2717 227 2788 banc
243 2717 391 2788 missam
404 2724 615 2790 consuetam
631 2726 780 2815 propter
794 2741 963 2815 resperas
973 2717 1028 2790 vel
1039 2741 1124 2808 nou,
1137 2723 1172 2792 et
1183 2743 1290 2814 quern
1300 2721 1462 2794 ordinem
1487 2713 1489 2718 ’

133 2841 235 2915 uellet
256 2841 438 2916 observari
458 2843 495 2914 in
517 2843 733 2917 lectionibus
760 2843 922 2916 dicendis
951 2843 988 2915 in
1009 2843 1191 2916 matutinis
1215 2845 1310 2918 illius
1330 2847 1460 2922 noctis.

132 2966 314 3066 *Sanctitas
338 2989 416 3055 sua,
444 2967 568 3041 habita
591 2991 674 3040 cum
698 2966 936 3040 cardinalibus
964 2991 1073 3064 super
1090 2968 1160 3042 hoc
1187 2968 1460 3063 deliberatione,

136 3089 315 3164 mandavit
331 3089 514 3164 dominica
527 3092 644 3164 lutura
656 3092 804 3166 missam
821 3092 864 3163 de
880 3091 1000 3187 vigilie
1011 3092 1167 3182 Domini,
1178 3093 1461 3189 proutordinare

134 3217 322 3314 disposuit,
339 3216 409 3290 dici
425 3217 572 3324 debere,
595 3224 631 3289 et
650 3217 824 3290 lectiones
840 3216 876 3288 in
898 3215 1081 3289 matutinis
1096 3225 1203 3313 prout
1217 3209 1461 3314 superioribus

131 3345 233 3416 aunis
257 3367 322 3416 suo
348 3351 508 3440 tempore
537 3343 603 3416 tuit
626 3344 865 3416 observatum.
892 3340 1086 3414 Celebraus
1107 3340 1143 3412 in
1166 3341 1235 3414 hac
1258 3343 1368 3416 missa
1388 3366 1461 3416 non

135 3469 222 3542 dixit
238 3497 245 3540 :
264 3469 346 3542 Pon
361 3469 467 3559 codis,
487 3469 551 3541 sed
569 3493 576 3541 :
594 3469 766 3542 Dominus
783 3468 972 3555 uobiscum,
989 3471 1094 3562 prout
1109 3464 1145 3537 id
1160 3465 1238 3539 sieri
1254 3467 1374 3541 debet.

176 3593 369 3668 Dominica
394 3601 522 3689 quarta
543 3593 730 3680 adventus,
760 3591 880 3687 vigilia
909 3589 1098 3662 nativitatis
1116 3587 1308 3662 salvatoris
1332 3591 1459 3682 nostri,

131 3725 175 3792 24
191 3718 411 3809 decembris,
428 3718 464 3789 in
483 3717 622 3814 capella
644 3715 859 3814 supradicta,
883 3719 925 3788 R.
939 3715 975 3788 in
994 3713 1135 3787 Christo
1159 3717 1199 3786 P.
1223 3717 1266 3786 D.
1285 3717 1461 3790 Antonius

129 3846 326 3941 episcopus
340 3842 527 3918 Auriensis
543 3841 700 3916 datarius
717 3840 910 3914 celebravit
926 3839 1073 3912 missam
1094 3838 1295 3912 solemnem
1310 3841 1345 3914 iu
1361 3865 1463 3937 para-

128 3968 262 4042 mentis
287 3968 433 4064 prelatis
456 3966 637 4041 consuetis
658 3966 703 4040 de
728 3965 847 4062 vigilia
868 3965 956 4036 dixit
981 3971 1134 4060 quatuor
1158 3964 1340 4036 orationes
1360 3988 1369 4036 :
1387 3963 1462 4061 pri-

131 4115 245 4181 mam,
258 4091 303 4166 de
318 4092 456 4188 vigilio,
470 4091 679 4182 secundam,
692 4090 737 4163 de
757 4090 957 4178 dominica3
974 4075 1266 4179 tertiam,contra
1282 4111 1458 4186 paganos3

130 4227 165 4290 et
182 4221 363 4312 quartam,
381 4241 445 4312 pro
460 4220 570 4312 Papa,
588 4221 624 4288 et
638 4215 878 4311 pretationem
893 4215 937 4288 de
951 4213 1117 4288 adventu.

177 4345 278 4438 Papa
289 4341 384 4414 venit
406 4341 451 4414 ad
470 4340 646 4438 capellam
661 4363 745 4413 cum
760 4345 914 4436 quatuor
930 4345 1068 4412 tantum
1088 4336 1339 4428 cardinalibus
1362 4336 1461 4412 vide·

133 4466 240 4541 licet:
254 4465 490 4563 Neapolitano
502 4469 538 4539 et
548 4465 662 4538 tribus
674 4463 849 4536 diaconis.
867 4463 1120 4560 Neapolitanus
1138 4460 1349 4534 ministravit
1363 4462 1463 4534 navi-

132 4590 252 4664 culam
277 4615 342 4687 pro
364 4591 514 4664 incenso
538 4613 620 4664 cum
639 4588 758 4661 nultus
782 4595 878 4661 esset
897 4587 1096 4684 presbyter.
1121 4590 1307 4663 Venerunt
1330 4585 1460 4660 deinde

134 4715 335 4813 presbyteri
356 4720 392 4788 et
410 4717 598 4790 observata
618 4719 701 4788 sunt
720 4737 820 4788 more
842 4711 946 4786 solito
967 4711 1102 4784 omnia.
1125 4713 1234 4784 Facto
1253 4715 1289 4782 et
1308 4711 1461 4784 scordi-

135 4841 277 4914 ualibus
293 4841 494 4914 reverentia
510 4846 547 4913 et
565 4840 672 4930 male,
695 4863 779 4912 cum
802 4839 873 4910 hoe
896 4859 1043 4934 vespere
1069 4836 1166 4908 illam
1192 4833 1262 4908 sint
1279 4834 1405 4928 tacturi
1426 4843 1462 4912 et

132 4989 206 5039 non
222 4965 353 5040 debeat
372 4966 427 5038 bis
447 4965 525 5040 lieri
543 4965 581 5036 in
605 4965 680 5056 die3
704 4964 967 5037 inadverteuter
989 4967 1110 5034 tamen
1132 4959 1352 5036 factumest.
1382 4965 1461 5036 Non

133 5091 197 5164 luit
214 5115 349 5164 sermo.
368 5091 483 5164 Finita
495 5091 617 5180 misso,
637 5114 695 5162 me
712 5111 894 5185 cumpace
910 5085 1083 5184 impedito
1100 5108 1140 5160 oc
1157 5086 1264 5158 sociis
1280 5085 1370 5158 meis
1388 5106 1461 5158 non
