3508 6034
70 497 145 563 [Arrii
161 495 233 560 tlte]
396 491 522 549 RERUM
547 489 775 548 URBANARUM
799 487 1064 548 COMMENTAHII.
1344 496 1404 555 459'

111 649 247 724 Eadem
269 648 341 738 die,
375 644 557 720 dominica
580 651 663 741 post
688 645 895 742 prandium,
923 649 1048 720 Rmus.
1072 649 1116 719 D.
1141 647 1334 722 cardinalis
1349 649 1394 725 de

66 776 207 851 Medicis
231 778 388 848 RRmos.
410 776 487 846 DD.
516 795 545 844 s
571 769 667 843 Petri
694 769 739 843 ad
758 769 914 846 Vincula
937 779 1023 844 ets.
1045 771 1173 868 Angeli
1194 773 1395 850 cardinales

64 900 222 988 visitavit,
234 905 273 973 et
287 898 343 972 die
356 899 455 988 lune,
471 893 731 993 lejusdem,in
743 915 865 980 mane,
879 893 975 968 idem
985 894 1137 968 visitarit
1147 899 1303 969 RRmos.
1316 902 1392 972 DD.

66 1025 344 1100 [lixbonensem
359 1023 396 1094 in
412 1022 570 1095 claustro
584 1019 628 1092 de
645 1018 797 1116 Populo,
816 1023 853 1092 ct
868 1026 993 1092 sancte
1008 1020 1121 1094 Maria
1141 1019 1178 1092 in
1195 1022 1339 1096 Porticu
1357 1023 1394 1095 in

64 1152 188 1248 palatio
214 1173 297 1240 suo,
322 1147 418 1246 apud
442 1171 473 1220 s.
493 1151 662 1232 Petrum3
680 1165 834 1240 quorum
850 1149 938 1234 tres,
954 1143 1041 1217 licet
1053 1141 1151 1241 prius
1173 1145 1209 1216 in
1225 1144 1390 1220 domibus

65 1299 183 1351 eorum
197 1273 365 1348 visitandi
378 1269 701 1366 causaquesiverat
714 1275 751 1342 et
762 1290 834 1341 non
850 1273 1036 1365 repererat
1051 1291 1093 1342 ac
1112 1267 1392 1344 Ulixbonensem

65 1405 95 1474 in
109 1400 268 1475 ecclesia
288 1397 402 1473 sancti
423 1393 605 1469 Laurentii
617 1393 719 1490 juxta
737 1393 911 1490 palatium
930 1393 1124 1469 residentia
1146 1404 1333 1492 repererat
1355 1405 1391 1470 et

65 1552 96 1598 sa
110 1549 175 1622 pro
199 1524 351 1597 visitatis
372 1521 498 1595 haberi
521 1518 715 1609 dehebant,
734 1527 869 1608 tamen,
894 1521 979 1616 quia
998 1519 1176 1617 aliquibus
1198 1521 1314 1594 visum
1336 1529 1392 1596 est
1457 1505 1460 1514 ¹

64 1652 299 1725 visitationem
316 1645 524 1745 hujusmodi
545 1651 674 1742 quater
692 1645 805 1741 repeti
824 1644 971 1738 debere,
990 1645 1041 1720 sic
1061 1646 1279 1722 factumest.

105 1775 243 1848 Eadem
256 1773 329 1862 die,
348 1769 518 1868 taprilis,
537 1768 662 1842 RRmi.
679 1770 754 1844 DI).
776 1768 978 1844 cardinales
994 1794 1024 1846 s.
1051 1771 1148 1844 Petri
1161 1771 1207 1846 ad
1221 1771 1387 1866 Vincula,

63 1925 88 1972 s.
107 1899 251 1996 augeli,
283 1895 473 1971 tanuensis
500 1900 536 1968 et
562 1892 607 1968 de
630 1891 819 1984 Columna,
844 1893 950 1967 simul
976 1895 1163 1971 visitarunt
1185 1897 1388 1995 predictum

63 2024 279 2098 cardinalem
295 2022 340 2096 de
355 2020 516 2095 Medicis.

105 2150 166 2224 Die
187 2149 330 2238 martis,
359 2151 379 2220 3
402 2147 538 2244 aprilis,
565 2152 648 2246 post
669 2147 872 2245 prandium,
888 2147 1013 2220 RRmi.
1032 2151 1108 2222 Di).
1127 2148 1327 2224 cardinales
1355 2175 1384 2222 s.

61 2275 180 2371 angeli
202 2281 241 2349 et
266 2271 418 2370 predicti
449 2272 509 2346 alii
530 2273 760 2347 visitaverunt
792 2273 949 2346 eundem
975 2273 1013 2346 in
1038 2273 1174 2370 pluvia;
1198 2275 1384 2366 Senensis,

63 2399 312 2496 Neapolitanus
328 2405 363 2472 ot
378 2397 706 2490 vicecancellarius,
724 2397 809 2472 licet
832 2398 1035 2472 successive
1057 2398 1179 2472 medio
1198 2397 1387 2473 intervallo

63 2524 250 2612 venissent,
268 2527 482 2596 manserunt
495 2526 617 2596 tamen
632 2523 739 2596 simul
749 2545 832 2596 cum
848 2547 892 2600 eo
908 2525 1051 2600 circiter
1064 2524 1163 2598 horis
1178 2525 1330 2618 duabus,
1349 2532 1389 2599 et·

63 2673 101 2720 aa
115 2648 170 2722 die
185 2631 262 2720 non
281 2653 457 2721 venerunt
473 2645 545 2718 alii.

106 2773 166 2846 Die
183 2771 349 2868 sequenti
364 2777 446 2869 post
460 2771 664 2868 prandium,
680 2772 845 2848 videlicet
861 2781 882 2847 l
897 2775 1033 2874 apriliS,
1050 2776 1202 2852 visitavit
1213 2779 1382 2854 eumdem

64 2903 178 2973 Rmus.
197 2901 241 2971 D.
261 2897 451 2971 cardinalis
468 2899 638 2972 Senensis
655 2906 691 2973 et
704 2901 894 2991 Ascanius,
910 2902 947 2974 in
963 2909 1125 3000 tempore
1141 2904 1316 3000 pluvioso.

106 3023 212 3115 toris,
242 3027 263 3096 5
289 3023 423 3118 aprilis,
447 3023 634 3098 visitarunt
663 3025 832 3099 eumdem
860 3051 889 3098 s.
924 3027 1133 3118 Clementis,
1162 3031 1381 3123 Parmensis,

65 3151 346 3248 Beneventanus,
372 3147 583 3242 Aleriensis,
618 3173 647 3222 s.
681 3151 870 3224 Anastasia
897 3159 933 3225 et
960 3147 1004 3226 de
1031 3151 1244 3245 Comitibus,
1269 3161 1305 3228 et
1326 3156 1384 3230 die

63 3273 207 3364 veneris,
221 3277 243 3345 6
258 3272 393 3369 aprilis,
409 3271 600 3346 cardinalis
616 3274 782 3363 Ursinus;
799 3275 843 3349 de
857 3275 935 3348 aliis
947 3275 1078 3352 deinde
1091 3299 1164 3350 non
1181 3277 1332 3352 adverti.

106 3399 291 3473 Domicica
319 3399 443 3496 quinta
475 3399 751 3496 quadragesime
782 3401 827 3474 de
853 3401 1036 3497 passione,
1074 3406 1096 3474 8
1134 3401 1220 3476 dicti
1248 3405 1383 3478 mensis

63 3522 173 3618 aprilis
197 3527 241 3596 R.
270 3523 307 3596 in
337 3523 478 3597 Christo
508 3527 549 3597 P.
575 3527 618 3598 D.
641 3524 747 3597 Filias
772 3525 859 3598 alias
884 3525 1061 3617 Filiasius,
1088 3527 1383 3627 archiepiscopus

64 3647 324 3738 Ravenatensis,
347 3651 412 3722 SS.
437 3651 481 3722 D.
503 3650 547 3722 N.
570 3671 662 3746 pape
683 3649 869 3741 assistens,
887 3649 1080 3726 celebravit
1095 3652 1244 3726 missam
1262 3653 1383 3750 publi-

64 3793 147 3862 cam,
162 3777 262 3871 Papa
285 3773 448 3862 absente,
472 3771 509 3844 in
525 3769 663 3870 capella
687 3771 903 3867 supradicte.
925 3775 1140 3847 Sermonem
1156 3773 1241 3848 lecit
1255 3797 1384 3872 procu-

63 3902 152 3969 rator
178 3899 314 3974 ordinis
340 3923 525 3976 servorum
544 3898 649 3974 beate
677 3897 803 3987 Mario,
831 3897 919 3972 alias
936 3922 965 3971 s.
992 3899 1172 3994 Marcelli;
1202 3905 1239 3975 et
1261 3901 1383 3975 omnia

63 4027 133 4094 acta
144 4031 226 4097 suut
238 4047 341 4101 more
356 4032 546 4100 consueto.

103 4149 202 4223 Faria
215 4151 334 4242 tertia,
355 4157 399 4224 10
421 4149 507 4224 dicti
527 4149 662 4224 mansis
686 4149 822 4247 aprilis,
849 4157 932 4224 ante
957 4147 1067 4236 diem,
1096 4143 1310 4219 caballarius
1335 4169 1381 4218 ex

63 4270 234 4348 Florentia
257 4275 302 4348 ad
323 4277 466 4348 Rmum.
485 4278 528 4348 l).
554 4273 775 4349 cardinalem
796 4273 841 4348 de
864 4272 1012 4347 Medicis
1037 4269 1133 4344 venit
1159 4292 1242 4343 cum
1265 4269 1379 4344 literis

63 4397 146 4470 Petri
159 4398 304 4474 lunesto
316 4400 626 4492 annuntiantibus,
644 4399 742 4496 quod
757 4397 815 4474 die
831 4397 1013 4474 dominica
1027 4393 1191 4494 proxima
1207 4393 1380 4492 preterita

61 4518 147 4595 circa
176 4523 306 4597 horam
332 4533 498 4622 quartam
527 4525 658 4617 noctis,
686 4525 724 4598 in
747 4524 911 4621 Garegio,
937 4519 1172 4620 possessione
1194 4520 1378 4593 Laurentii

59 4647 196 4722 Medicis
212 4650 301 4724 civis
317 4651 527 4743 Florentini,
545 4651 630 4726 dicti
651 4650 841 4726 cardinalis
856 4649 981 4748 patris,
1000 4672 1021 4722 a
1041 4645 1182 4722 civitate
1193 4643 1376 4718 Florentia

59 4789 115 4860 per
128 4770 319 4847 duodecim
337 4773 505 4848 milliaria
524 4774 580 4848 rel
599 4774 697 4849 circa
719 4773 888 4863 distante,
918 4771 1015 4846 idem
1039 4770 1256 4846 Laurentius
1279 4768 1376 4842 diem

59 4891 172 4969 clausit
187 4905 391 4973 extremum
416 4899 480 5000 (l);
502 4905 651 4997 propter
675 4923 759 4998 qua,
785 4898 883 4972 idem
903 4895 1110 4988 cardinalis,
1135 4896 1181 4970 ad
1204 4893 1377 4968 informa-

91 5169 113 5224 1.
131 5170 168 5227 La
181 5135 250 5230 mort
263 5173 297 5232 da
313 5175 433 5235 Laurent
453 5177 487 5234 de
506 5175 620 5234 Medicis
634 5176 677 5235 lut
694 5193 748 5236 une
761 5175 886 5235 eatamta
904 5175 1047 5252 publique,
1063 5183 1090 5237 et
1108 5193 1175 5236 arec
1190 5175 1230 5236 lui
1250 5175 1377 5251 disparut
