3496 6056
374 475 427 531 112
828 469 1004 526 Jouanrus
1027 467 1248 538 suasuram,
1495 471 1677 539 [causatur

372 627 535 718 dimisso,
564 627 614 700 illi
644 649 708 700 sex
743 625 943 701 cardinales
973 625 1230 724 perordinem
1257 631 1472 699 consuetum
1503 631 1631 700 stantes
1651 635 1678 702 et

373 752 606 852 collegialiter
620 752 737 849 ipsum
753 751 883 826 ducem
900 758 1128 850 receperunt,
1145 750 1438 825 vicecancellario
1450 775 1515 848 pro
1533 752 1677 825 omnibus

374 879 560 976 loquente.

424 1009 513 1079 Tum
533 1004 616 1094 dux,
644 1003 761 1100 capite
784 1003 1033 1101 discooperto,
1057 1004 1216 1102 singulos
1242 1005 1443 1080 cardinales
1465 1003 1679 1100 discoopertis

375 1131 550 1229 capitibus
567 1135 702 1205 stantes
719 1130 901 1205 osculatus
916 1136 992 1219 est3
1016 1136 1050 1205 et
1071 1137 1238 1228 receptus
1260 1131 1355 1205 inter
1374 1131 1512 1229 primos
1533 1130 1680 1204 diaconos

378 1256 577 1332 cardinales
591 1257 629 1330 in
643 1256 768 1330 ultimo
784 1255 880 1346 loco,
897 1255 1173 1354 precedentibus
1189 1257 1356 1331 omnibns
1371 1255 1449 1331 aliis
1464 1255 1681 1332 cardinalibus

378 1406 442 1456 suo
465 1381 591 1456 ordine
617 1381 872 1480 equitantibus,
903 1383 948 1456 ad
969 1382 1140 1480 palatium
1162 1383 1398 1480 apostolicum
1423 1381 1680 1480 applicavemnt,

377 1507 437 1582 ubi
454 1507 654 1582 cardinales
670 1531 797 1582 omnes
811 1529 886 1581 non
901 1507 937 1580 in
953 1507 1059 1581 solito
1075 1507 1305 1598 eorumloco,
1317 1507 1381 1582 sed
1393 1505 1501 1596 intra,
1517 1507 1563 1581 ad
1577 1509 1682 1605 gradus

378 1655 522 1708 camere
551 1631 749 1731 apostolice
780 1631 1046 1706 descenderunt
1080 1655 1124 1706 ex
1153 1632 1273 1728 equis,
1300 1638 1335 1707 et
1359 1632 1545 1730 perillam
1574 1631 1683 1706 scalam

379 1783 524 1835 camere
550 1759 712 1857 ejusdem
737 1756 870 1854 palatii,
900 1757 1017 1832 aulam
1037 1781 1206 1854 magnam
1234 1782 1300 1855 pro
1325 1758 1470 1855 publico
1492 1755 1684 1832 consistorio

381 1885 582 1959 ordinatam
615 1881 771 1980 ingressi
808 1889 911 1989 sunt,
947 1881 1027 1972 nbi,
1065 1881 1160 1956 iacta
1193 1881 1356 1979 pontifici
1390 1882 1608 1971 reverentia,
1633 1881 1684 1953 duo

381 2009 543 2086 seniores
568 2009 709 2084 diaconi
735 2007 1001 2082 descenderunt
1021 2007 1066 2080 ad
1086 2007 1229 2094 ducem,
1257 2007 1419 2081 remissis
1448 2007 1529 2081 aliis
1555 2006 1684 2085 duobus,

379 2140 416 2209 et
430 2134 560 2210 ducem
575 2134 620 2208 ad
634 2133 816 2232 pontilicis
831 2133 1051 2230 presentiam
1067 2134 1313 2224 adduxerunt;
1332 2133 1406 2230 qui,
1418 2129 1684 2230 lactispontifici.

379 2267 418 2336 ut
432 2259 544 2336 moris
560 2266 628 2348 est,
647 2258 873 2348 reverentiis
889 2259 935 2332 ad
954 2258 1195 2334 osculationes
1211 2264 1378 2356 receptus
1394 2263 1463 2332 est.
1481 2257 1630 2342 Deinde,
1644 2277 1686 2325 nr

380 2393 526 2486 petente
542 2385 684 2460 deloco
701 2384 769 2458 sibi
784 2383 916 2476 dando,
934 2383 1107 2481 pontifex,
1125 2383 1209 2481 quia
1224 2384 1273 2458 ita
1287 2380 1685 2482 pervicecancellarium

379 2517 419 2588 ut
434 2511 615 2599 existimo,
633 2509 750 2585 luerat
764 2533 991 2607 persuasum,
1009 2533 1176 2584 asserens
1185 2509 1303 2606 ipsum
1313 2531 1395 2582 cum
1406 2508 1495 2582 alias
1511 2508 1573 2582 hic
1587 2505 1688 2578 luisset

381 2642 464 2736 post
495 2636 652 2734 primum
689 2635 926 2726 cardinalem,
962 2633 1297 2709 vicecancellarium
1333 2633 1521 2722 videlicet,
1556 2630 1686 2716 sedisse,

382 2767 577 2860 propterea
592 2760 709 2859 ipsum
734 2760 864 2834 iterum
893 2761 930 2833 in
951 2761 1080 2834 eodem
1108 2761 1190 2834 loco
1211 2760 1385 2852 locarem,
1404 2759 1501 2856 quod
1517 2766 1555 2832 et
1569 2756 1650 2844 leci;
1665 2759 1689 2827 et

381 2893 480 2961 certe
496 2886 751 2977 malefactum,
768 2909 851 2959 cum
870 2885 972 2959 locus
993 2884 1051 2959 ille
1075 2885 1160 2959 solis
1180 2883 1325 2984 regibus
1345 2884 1544 2975 debeatur;
1562 2881 1690 2958 debebat

380 3019 502 3088 autem
516 3013 638 3088 locum
652 3017 735 3110 post
749 3012 906 3110 primum
920 3011 1139 3086 cardinalem
1156 3011 1408 3110 presbyterum
1421 3011 1605 3085 habuisse.
1622 3013 1691 3082 Cou-

381 3140 557 3214 tinnatum
578 3138 645 3212 luit
666 3137 920 3212 consistorium
943 3145 979 3211 et
999 3138 1233 3235 completum.
1262 3140 1338 3222 Quo
1356 3137 1471 3228 finito,
1495 3140 1594 3234 Papa
1608 3129 1689 3207 rediit

380 3265 425 3339 ad
441 3288 604 3340 cameras
621 3289 717 3355 suaS,
735 3271 867 3339 etcum
886 3287 930 3336 eo
947 3287 1074 3336 omnes
1098 3262 1297 3338 cardinales
1318 3270 1355 3336 et
1374 3263 1456 3336 dux.
1475 3263 1569 3336 Tum
1583 3261 1646 3334 dur
1658 3255 1690 3332 ab

382 3390 549 3464 omnibus
563 3389 803 3466 cardinalibus
821 3412 933 3486 usque
954 3390 999 3464 ad
1020 3411 1183 3464 cameras
1206 3413 1350 3466 camere
1371 3387 1573 3487 apostolice
1588 3405 1690 3484 proco

384 3515 579 3607 ordinatas,
598 3515 777 3590 transiens
792 3513 887 3589 inter
901 3515 1037 3612 primos
1052 3515 1157 3605 duos,
1176 3515 1253 3589 aliis
1274 3515 1441 3589 omnibus
1461 3511 1688 3610 sequentibus,

381 3639 581 3716 associatus
597 3646 664 3731 cst,
678 3639 752 3731 ubi,
765 3663 809 3716 eo
825 3640 988 3731 dimisso,
1001 3641 1151 3738 quisque
1167 3643 1211 3715 ad
1221 3643 1342 3716 locum
1358 3641 1431 3715 sive
1446 3639 1596 3714 domum
1610 3653 1691 3711 suam

380 3788 544 3841 reversus
561 3772 628 3840 est.

430 3889 667 3980 Feriatertia,
694 3895 739 3964 26
766 3889 852 3965 dicti
875 3889 1011 3967 mensis
1036 3891 1195 3968 octobris
1225 3891 1322 3970 circa
1343 3895 1471 3969 horam
1502 3889 1689 3992 vigesimam

382 4041 506 4108 unam,
537 4019 696 4115 prelatus
728 4015 783 4090 lll.
814 4016 883 4090 dux
917 4017 1079 4094 Calabria
1113 4021 1264 4094 recessit
1291 4047 1335 4096 ex
1360 4021 1456 4094 Urbe
1478 4044 1546 4118 per
1570 4021 1689 4116 portam

383 4167 413 4217 s.
438 4143 612 4216 iohannis
633 4141 898 4234 Lateranensis,
929 4143 1115 4242 Neapolim
1145 4136 1271 4238 iturus,
1298 4151 1381 4222 ante
1403 4146 1506 4244 eujus
1528 4158 1689 4219 recessum

382 4274 556 4343 venerunt
572 4267 618 4343 ad
634 4293 716 4342 eum
732 4267 777 4342 ad
791 4291 954 4343 cameras
971 4293 1053 4342 suas
1075 4269 1111 4342 in
1126 4269 1258 4367 palatio
1278 4271 1432 4369 predicti
1452 4295 1580 4345 omnes
1596 4261 1690 4341 cardi-

384 4393 499 4482 nales,
517 4403 554 4468 et
568 4393 804 4492 collegialiter
814 4393 930 4490 ipsum
942 4393 1377 4470 intervicecancellarinm
1390 4403 1426 4472 et
1437 4395 1690 4494 Neapolitanum

381 4519 419 4592 in
439 4516 557 4616 primo
579 4517 662 4593 loco
683 4516 916 4616 equitantem,
941 4518 1019 4593 aliis
1040 4519 1279 4596 cardinalibus
1304 4521 1398 4595 binis
1423 4529 1460 4596 et
1479 4519 1573 4596 binis
1593 4517 1689 4614 ipsum

385 4643 630 4739 sequentibus,
649 4668 760 4741 usqne
777 4650 879 4717 extra
892 4648 1032 4740 portam
1048 4644 1246 4742 predictam
1262 4645 1500 4735 associarunt,
1518 4645 1577 4720 ubi
1594 4641 1691 4735 singu·

384 4767 440 4840 los
456 4792 477 4842 a
492 4768 610 4866 primo
626 4769 670 4843 ad
684 4767 850 4842 ultimum
866 4767 1115 4864 discoopertus
1131 4767 1310 4843 osculatus
1327 4775 1394 4862 est,
1408 4769 1516 4844 abeis
1531 4764 1690 4844 licentiam

387 4891 578 4989 recipiens.
609 4893 820 4991 Equitamnt
842 4898 962 4967 autem
979 4917 1060 4966 cum
1087 4917 1131 4968 eo
1160 4894 1334 4992 usquead
1355 4894 1562 4969 milliarium
1585 4884 1687 4966 Rle·

389 5019 467 5090 ob.
489 5017 817 5110 vicecancellarius,
840 5043 869 5092 s.
897 5018 992 5092 Petri
1013 5019 1057 5093 ad
1076 5019 1245 5110 Vincula,
1271 5020 1465 5117 aragonia,
1492 5012 1689 5095 Parmensis,

389 5139 566 5235 Sabellus,
593 5143 768 5218 Columna
790 5149 826 5217 et
848 5142 1035 5218 Ascanius.
1064 5143 1133 5220 Sed
1164 5141 1292 5219 modus
1321 5146 1505 5244 equitandi
1532 5142 1689 5245 predictus
