3578 6032
746 434 959 495 APPENDICE.
1364 477 1368 486 .
1466 439 1520 494 557

25 586 68 652 -s.·‘.;
184 598 231 660 ila
247 595 388 677 peractis
410 593 584 674 hymnum,
605 589 679 652 Veni
702 590 830 649 Creator
848 584 1002 667 Spiritus,
1025 586 1153 648 canoris
1168 576 1304 650 vocibus
1319 595 1396 652 ante
1410 589 1512 654 Aram

182 697 315 758 Fratres
329 694 486 757 cecinere.
500 693 671 752 Postremo
681 691 840 767 quantam
852 683 1033 749 Cardinalis
1045 683 1197 764 singulus
1210 691 1328 764 polest,
1341 687 1515 768 indulgen·

22 806 58 852 :..·.
181 795 263 857 tiam
278 793 438 873 elargitus
456 788 656 862 astantibus,
677 789 710 846 et
727 783 867 847 eandem
887 782 1098 845 visitantibus
1113 783 1216 845 altare
1230 785 1347 847 eodem
1363 785 1415 847 die
1431 791 1513 864 quot

179 893 290 968 annis,
306 891 404 954 rediit
418 887 592 952 nobiscum
601 884 635 947 in
648 883 793 946 domum.
807 881 907 944 Paulo
918 883 993 960 post
1002 879 1178 959 prandium
1193 881 1307 944 Petrus
1323 881 1424 944 frater
1436 900 1510 946 cum

26 1043 41 1050 .,
179 989 295 1068 paucis
318 1004 360 1051 en
380 985 485 1062 affuit,
508 983 638 1047 delatus
663 980 822 1060 sonipede
845 979 947 1042 mirae
970 979 1163 1054 ferocitatis,
1192 995 1229 1042 ee
1250 980 1507 1060 magnitudinis,

25 1111 50 1150 ·.·
179 1085 306 1148 auratis
327 1084 468 1148 bracteis
490 1097 623 1162 quaque
644 1079 803 1159 iulgente.
828 1083 855 1142 Α
878 1083 972 1157 porta
990 1078 1115 1140 interea
1135 1079 1243 1141 Sancti
1265 1079 1348 1142 Galli
1363 1097 1429 1160 qua
1443 1081 1510 1144 itur

22 1191 31 1199 “
178 1185 347 1260 Faesulas,
364 1172 573 1246 tania'eiiusa
594 1179 742 1259 equitum
757 1193 794 1240 ac
807 1177 956 1257 peditum
968 1192 1099 1252 manus,
1115 1179 1152 1237 ut
1167 1176 1264 1255 plena
1281 1176 1427 1258 undique
1441 1181 1506 1255 via,

177 1283 261 1346 nulli
283 1287 395 1346 contra
417 1281 453 1344 in
473 1280 591 1342 urbem
614 1278 706 1340 eunti
723 1277 900 1340 transitum
923 1276 1063 1340 cederet.
1088 1277 1178 1353 Quae
1199 1276 1307 1339 omnis
1332 1279 1507 1342 multitudo

41 1429 54 1455 ·.
178 1380 298 1444 sistere
311 1381 402 1443 iussa
419 1383 469 1442 est
482 1377 524 1440 ad
539 1376 701 1440 llunionis
716 1379 863 1456 pontem,
884 1391 945 1437 nec
965 1374 1077 1438 datum
1092 1375 1150 1437 ulli
1164 1375 1298 1455 quidem
1312 1376 1358 1438 cis
1371 1383 1505 1454 pontem

177 1493 378 1556 amnemque
394 1475 545 1539 transire.
565 1475 605 1536 nt
624 1491 701 1538 vero
725 1473 826 1536 rebus
845 1473 961 1536 ceteris
982 1489 1022 1536 ex
1045 1474 1224 1536 constituto
1238 1473 1418 1553 dispositis,
1436 1477 1505 1539 des·

176 1574 353 1638 cenditille
368 1573 555 1637 cumfratre
572 1572 772 1650 traiectoque
784 1569 920 1632 flumine
936 1575 1091 1650 exceptus
1111 1576 1162 1634 est
1180 1571 1310 1635 medius
1323 1573 1408 1637 inter
1422 1575 1504 1637 Pon-

176 1671 276 1736 tificis
291 1672 567 1745 Protbonotarios,
588 1670 671 1732 alios
694 1669 870 1748 praelatos
892 1686 930 1731 ac
949 1670 1109 1748 primores
1122 1671 1214 1734 urbis
1234 1673 1336 1751 ciues,
1353 1677 1385 1735 et
1399 1673 1503 1736 ambi-

175 1771 356 1835 tiosissima
368 1787 489 1851 pompe
510 1769 671 1834 deductus
691 1769 724 1830 in
744 1768 861 1830 urbem
879 1785 939 1846 per
958 1767 1045 1830 viam
1062 1769 1232 1846 maiorem,
1246 1788 1332 1850 quae
1347 1771 1389 1834 ad
1404 1770 1503 1834 aedes

174 1867 265 1932 ducit
280 1885 370 1932 suas.
395 1869 550 1946 Quicum
572 1867 780 1948 peruenisset
801 1865 843 1929 ad
860 1866 1000 1947 Virginis
1022 1868 1196 1931 Nuntiatae
1218 1869 1401 1946 Basilicam,
1413 1870 1503 1932 mula

172 1968 391 2044 descendens,
416 1967 459 2030 ed
478 1967 567 2030 illius
588 1966 757 2029 humiliter
777 1982 813 2027 se
834 1965 1016 2029 constrauit
1037 1981 1142 2036 eram,
1162 1982 1221 2044 pre
1246 1982 1281 2028 se
1304 1982 1402 2030 orans
1422 1985 1504 2030 voce

171 2065 363 2128 summissa.
389 2064 469 2128 inde
485 2064 529 2127 ad
551 2065 654 2128 Diuae
675 2067 857 2143 Reparatae
879 2064 1039 2142 templum
1053 2061 1231 2141 proiectus,
1254 2063 1439 2142 parimodo
1456 2065 1503 2127 sic

22 2221 28 2246 4
46 2251 50 2256 V
171 2167 225 2226 est
240 2181 337 2243 opem
351 2162 559 2243 gratiamque
578 2166 741 2241 precatus.
763 2161 912 2240 Denique
931 2160 965 2222 in
987 2161 1073 2223 lares
1090 2176 1127 2222 se
1141 2162 1263 2238 recepit
1277 2177 1362 2240 quos
1376 2161 1502 2225 habitat

24 2253 32 2344 j
170 2278 264 2324 suos.
281 2262 342 2325 Ubi
357 2261 459 2324 ferme
473 2265 541 2324 teta
561 2261 595 2324 in
616 2278 721 2325 unum
744 2265 919 2340 conspecta
943 2264 994 2322 est
1008 2259 1124 2323 ciuitas
1147 2259 1193 2322 ita
1207 2260 1360 2341 irequens
1383 2266 1501 2326 utnon

168 2360 224 2423 via
240 2359 350 2435 mode,
368 2360 428 2422 sed
450 2359 615 2423 fenestrae
639 2365 671 2424 et
690 2363 776 2422 tecta
797 2359 869 2438 ipsa
884 2358 938 2422 vix
951 2361 1106 2436 caperent
1120 2363 1381 2438 prospectantes.
1399 2361 1435 2421 ln
1453 2377 1502 2422 se

168 2462 330 2538 quantem
354 2473 431 2522 vero
453 2462 583 2521 noctem
614 2458 702 2540 iugis
729 2457 917 2537 inpletam,
943 2455 1043 2536 inque
1066 2457 1211 2520 turribus
1233 2461 1265 2518 et
1288 2455 1398 2536 pinnis
1422 2460 1500 2539 igne

168 2555 372 2618 collucentes
387 2553 615 2618 illuminarunt
635 2551 736 2614 veluti
755 2551 854 2629 diem,
876 2555 909 2613 et
924 2551 1199 2614 conclamantium
1214 2551 1348 2614 vocibus
1365 2551 1500 2617 omnifa-

22 2671 23 2679 ¹
55 2713 61 2726 ,
170 2654 297 2733 riisque
313 2653 499 2728 tinnitibus,
513 2657 613 2732 atque
627 2650 807 2730 crepitibus
822 2649 935 2712 aether
954 2665 1087 2728 semper
1098 2650 1255 2725 insonuit,
1273 2654 1309 2712 ut
1324 2650 1418 2714 obliti
1433 2652 1500 2714 sint

167 2750 320 2813 homines
336 2750 543 2812 somnoshac
554 2753 646 2819 tanta
661 2748 797 2824 laetitia,
813 2747 1066 2828 inspectumque
1082 2747 1124 2809 sit
1138 2747 1252 2828 quanti
1268 2747 1362 2824 iaciat
1378 2749 1499 2829 neipu-

167 2847 273 2910 blicae
286 2851 490 2910 seruatorem
505 2851 537 2911 et
548 2847 698 2911 columen
712 2846 902 2927 gratissima
913 2845 1042 2908 ciuitas.
1058 2848 1143 2908 llaec
1157 2847 1281 2910 dixisse
1296 2863 1336 2910 eu
1351 2851 1499 2928 tempore

168 2945 212 3008 sit
231 2947 311 3010 mibi
332 2949 414 3013 salis
435 2968 442 3010 :
464 2948 584 3011 seriem
607 2947 694 3010 alius
719 2945 886 3026 copiosius
915 2945 1130 3024 ornatiusque
1156 2943 1395 3023 conscripserit.
1419 2947 1498 3010 Vale

166 3048 268 3124 atque
283 3062 341 3110 ora
355 3050 393 3110 ut
404 3046 468 3110 ista
482 3047 547 3110 sint
561 3044 682 3109 fausta.
699 3043 845 3108 Faesulis
860 3042 966 3122 pridie
977 3041 1050 3105 idus
1063 3042 1206 3106 Martias.
1227 3068 1239 3098 2

985 3175 1125 3256 (Signat.
1143 3180 1184 3240 Ν.
1201 3175 1297 3260 1111.)

209 3339 222 3370 t
247 3316 326 3393 Quae
345 3315 350 3395 Ι
369 3316 429 3379 boc
456 3315 624 3380 volumine
646 3313 810 3376 habentur
831 3311 921 3375 veria
939 3311 944 3392 Ι
964 3312 1160 3391 diuerseque
1185 3314 1216 3372 et
1239 3310 1339 3393 longa
1361 3329 1401 3375 ex
1422 3313 1453 3378 di
1472 3313 1479 3396 Ι

164 3412 338 3491 spersione
356 3416 361 3494 1
380 3415 514 3478 collecta
532 3413 538 3492 Ι
557 3430 622 3494 quo
633 3412 727 3476 breui
739 3411 802 3474 sub
813 3411 908 3475 titulo
919 3411 1005 3474 subii
1023 3409 1028 3492 Ι
1047 3409 1363 3474 cienturaenomine
1382 3411 1388 3492 Ι
1405 3430 1493 3476 recu·

160 3512 353 3590 perationes
368 3512 537 3575 fesulanas
556 3514 561 3592 Ι
579 3512 682 3574 100101
699 3512 705 3590 Ι
723 3510 903 3592 agnoscito.
924 3535 937 3564 »

201 3661 341 3726 volume
356 3663 461 3727 in-iol.
474 3663 542 3728 tres
559 3680 634 3728 rare
649 3663 800 3744 imprime
819 3661 838 3725 1
858 3664 1004 3745 Bologne
1018 3680 1061 3726 en
1077 3663 1408 3742 1193,0011111100110
1424 3667 1493 3731 voit

160 3760 264 3840 paria
281 3761 501 3842 souscription
517 3783 525 3824 :

205 3919 217 3949 ‹
243 3893 598 3959 RECUPERATIONES
609 3895 743 3958 nesulas
753 3896 814 3958 bas
825 3897 1089 3978 elegantissimas
1100 3899 1192 3980 Opus
1203 3897 1338 3982 quidem
1353 3914 1491 3964 aureum

159 3995 194 4054 et
205 3992 338 4072 penitus
352 3993 508 4056 Diuinum
529 3993 619 4074 quod
637 3994 892 4075 castigatissime
911 3996 1079 4076 impressit
1098 3999 1187 4061 omni
1212 3999 1344 4063 solertia
1361 3999 1490 4062 PLATO

157 4087 202 4151 de
227 4089 410 4154 Benedictis
434 4093 652 4156 Bononiensis
680 4095 715 4156 ln
740 4093 827 4156 alma
850 4095 990 4158 Ciuitate
1014 4095 1217 4160 BONONlAE.
1244 4099 1340 4161 Anno
1366 4097 1489 4161 Salutis

156 4186 481 4253 Mccccbxxxxlll.
496 4190 627 4254 Decimo
648 4189 743 4253 tertio
758 4191 936 4255 Kallendas
951 4195 1132 4273 Augustas.
1155 4218 1168 4248 »

802 4523 843 4593 111

194 4721 294 4786 Surle
304 4737 431 4804 voyage
442 4719 461 4783 1
473 4723 574 4785 Rome
585 4721 626 4784 de
636 4724 662 4785 J.
676 4721 717 4786 de
727 4721 872 4802 lle'dicis,
885 4729 918 4789 et
927 4742 985 4788 sur
994 4725 1025 4788 la
1036 4724 1202 4804 reception
1213 4726 1269 4807 qui
1280 4726 1326 4789 lui
1336 4727 1386 4792 fut
1397 4727 1484 4794 faite.

434 4892 550 4953 Petrus
564 4889 740 4971 Delphinus
761 4895 895 4958 Galloni
907 4897 1012 4973 priori
1025 4897 1226 4976 Angelorum.

196 5048 208 5079 ι
226 5025 412 5088 Persuadeo
427 5025 506 5088 mihi
520 5043 588 5090 non
603 5027 720 5093 deesse
734 5029 843 5108 isthic,
867 5031 923 5110 qui
938 5032 1189 5113 diligentissime
1204 5032 1264 5094 tibi
1279 5032 1487 5106 renunciant,

151 5140 241 5202 quae
255 5123 295 5187 de
309 5123 361 5187 die
375 5123 410 5186 in
425 5122 513 5188 diem
527 5127 611 5190 circa
630 5144 692 5192 nos
713 5133 884 5210 gerantur.
913 5131 961 5194 111
985 5147 1053 5211 quo
1077 5131 1165 5195 enim
1184 5131 1345 5194 Florentia
1362 5130 1486 5211 profect
