3436 6038
275 463 329 520 214
735 449 910 510 JOHANNIS
935 447 1157 521 BURCHARDI,
1403 451 1528 516 [octobre
1543 455 1608 518 tlte]

275 619 457 720 portatum
473 615 537 690 luit
555 636 685 710 eorpus
708 608 867 683 defuncti
891 607 937 682 ad
958 605 1151 682 ecclesiam
1168 605 1272 681 beate
1292 605 1404 682 Maria
1420 606 1456 680 in
1468 610 1608 684 Araceli

274 769 340 844 per
356 745 487 820 iratres
501 743 580 839 ejus
596 746 792 814 conventus
813 735 910 808 circa
924 734 1053 806 horam
1066 732 1276 829 vigesimam
1291 733 1460 830 primam.
1481 733 1610 810 Officio
1713 715 1714 750 ¹

274 871 515 945 interfuerunt
531 865 658 940 numi.
683 868 759 937 bu.
778 858 1026 948 cancellarius,
1050 859 1322 956 Neapolitanus,
1344 885 1373 933 s.
1394 859 1606 953 Clementis,

275 999 320 1072 de
348 993 556 1082 uentribus,
590 988 762 1064 Senensis
789 993 824 1062 at
855 985 1031 1060 Ascanius
1069 985 1283 1059 cardinales
1324 985 1451 1060 Nullus
1491 993 1612 1061 tamen

277 1146 404 1198 eorum
428 1117 616 1193 associavit
634 1139 764 1212 corpus
785 1113 830 1188 ad
850 1113 1056 1202 ecelesiam,
1078 1134 1196 1206 neque
1216 1110 1325 1222 etiam
1340 1111 1469 1208 aliquis
1485 1134 1610 1187 eorum

277 1248 374 1322 veuit
387 1251 581 1344 propterea
595 1241 642 1315 ad
657 1239 849 1316 ecclesiam
865 1261 908 1313 ea
923 1237 993 1327 die,
1010 1237 1074 1314 sed
1088 1241 1279 1334 postquam
1294 1259 1426 1334 corpus
1446 1244 1611 1335 exporta-

277 1381 353 1446 tum
370 1377 424 1446 est
438 1393 482 1444 ex
497 1369 620 1456 domo,
635 1389 762 1440 omnes
778 1364 978 1440 cardinales
994 1369 1225 1437 recesserunt
1235 1363 1386 1460 quisque
1400 1363 1447 1438 ad
1458 1364 1607 1438 domum

280 1521 394 1572 suam.
426 1493 573 1567 Familia
604 1496 700 1589 Papa
735 1496 770 1563 et
803 1487 1039 1564 cardinalium
1071 1489 1320 1584 equitaverunt
1350 1497 1432 1588 post
1459 1513 1604 1589 corpus,

278 1624 396 1723 primo
419 1620 561 1721 prelati,
584 1617 714 1692 deinde
737 1617 796 1691 alii
816 1643 824 1691 :
845 1621 987 1714 portata
1011 1615 1155 1689 luerunt
1171 1637 1238 1712 per
1260 1613 1455 1690 familiares
1481 1616 1612 1694 stabuli

279 1758 315 1824 et
334 1749 422 1822 alios
439 1769 617 1845 pauperes
634 1749 716 1818 ante
729 1767 859 1840 corpus
873 1741 1032 1816 defuncti
1049 1747 1196 1816 centum
1212 1739 1405 1830 intorticia,
1419 1740 1465 1814 de
1482 1741 1610 1837 quibus

278 1875 401 1972 viginti
415 1881 570 1970 quatuor
585 1876 758 1945 steterant
775 1869 872 1943 cirea
885 1867 1019 1942 lectum
1035 1866 1072 1940 iu
1087 1867 1180 1958 aula,
1200 1873 1236 1941 et
1251 1867 1420 1942 undecim
1435 1867 1481 1942 ad
1506 1875 1612 1964 caput

282 2006 317 2076 et
332 2000 456 2097 pedes.
476 1995 700 2072 Camerarius
717 1994 804 2069 cleri
822 1993 948 2067 habuit
966 2015 1076 2064 uuum
1097 1991 1321 2066 intortieium
1337 1997 1372 2066 et
1387 2016 1499 2067 unam
1518 1993 1614 2068 facu-

277 2127 351 2201 lam
367 2125 474 2198 unius
488 2123 579 2199 libre
598 2147 607 2194 :
624 2121 712 2194 dixit
727 2127 849 2196 autem
865 2117 932 2192 sibi
956 2116 1079 2192 deberi
1095 2116 1183 2190 duas
1203 2117 1409 2216 hujusmodi
1423 2119 1564 2194 faculas
1578 2127 1611 2192 et

279 2276 388 2326 unam
405 2251 534 2324 libram
556 2248 787 2324 candelarum
806 2267 1009 2343 parvarum.
1030 2245 1120 2316 ltem
1142 2243 1290 2339 quilibet
1310 2267 1435 2318 eorum
1458 2251 1613 2341 quatuor

280 2379 574 2478 presbyterorum
589 2375 648 2472 qui
667 2397 789 2448 secum
810 2371 844 2444 in
861 2368 1071 2468 plurialibus
1085 2376 1261 2444 venerunt
1275 2369 1401 2450 habuit
1416 2371 1510 2446 duas
1523 2372 1613 2447 lacu-

280 2505 334 2578 las
350 2503 470 2577 medie
485 2502 575 2575 libre
589 2498 805 2597 quamlibet;
825 2496 920 2568 idem
943 2494 1163 2570 camerarius
1186 2495 1313 2570 habuit
1338 2495 1427 2570 duas
1446 2498 1614 2572 candelas

279 2650 347 2725 pro
364 2650 403 2701 sc
419 2632 454 2700 et
469 2624 573 2698 dictis
588 2629 740 2720 quatuor
755 2618 988 2718 presbyteris,
1011 2618 1224 2716 pluvialibus
1243 2619 1390 2711 indutis
1413 2621 1499 2718 quia
1512 2621 1614 2696 iutel-

279 2753 350 2827 lexi
366 2753 416 2826 ita
427 2775 508 2826 esse
523 2751 567 2823 de
588 2772 691 2824 more
712 2748 778 2821 sibi
798 2749 970 2822 dandum.
991 2753 1095 2840 Item,
1121 2748 1158 2821 in
1178 2748 1261 2822 aula
1279 2749 1429 2824 cuilibet
1448 2749 1611 2823 recitanti

281 2878 455 2969 officium,
479 2876 560 2950 dedi
583 2874 751 2950 candelas
773 2898 899 2972 parvas
922 2880 958 2948 et
976 2873 1175 2972 majoribus
1201 2874 1274 2950 sive
1299 2873 1610 2974 principalioribus

280 3010 520 3080 conventuum
549 3025 613 3077 seu
636 3000 868 3075 ecclesiarum
891 3023 966 3073 sex.
989 3003 1092 3090 item,
1119 2999 1288 3073 intrando
1315 2999 1512 3074 ecclesiam
1536 3000 1611 3097 qui·

278 3129 367 3202 libet
395 3127 521 3202 babuit
550 3135 704 3228 quatuor
726 3129 894 3202 candelas
915 3134 951 3202 et
972 3134 1044 3202 tres
1069 3125 1279 3214 baiocchoa
1305 3135 1342 3200 et
1371 3126 1512 3223 priores
1541 3127 1610 3199 sive

281 3253 430 3328 sacriste
446 3263 689 3329 conventuum
706 3255 798 3329 ultra
813 3255 890 3328 illas
910 3253 1044 3328 t’aculas
1063 3253 1152 3328 duas
1172 3253 1290 3328 medie
1310 3252 1401 3327 libre
1415 3253 1609 3350 quamlibet

282 3380 416 3472 officio,
436 3381 656 3471 cursoribus
673 3389 712 3455 ut
732 3379 904 3471 intellexi,
929 3379 1107 3454 debentur
1127 3378 1250 3476 viginti
1269 3379 1360 3453 libre
1379 3378 1607 3454 candelarum

281 3529 483 3605 parvarum,
515 3531 598 3580 oum
636 3530 766 3604 corpus
803 3514 900 3580 esset
933 3505 970 3577 in
1008 3505 1164 3580 ecclesia
1198 3505 1369 3602 positum.
1402 3505 1483 3578 Fuit
1512 3505 1610 3580 *circa

281 3632 442 3706 medium
474 3633 627 3706 ecclesie
650 3633 711 3706 ubi
750 3633 869 3706 clerus
910 3631 1014 3706 Urbis
1048 3631 1135 3704 dixit
1172 3653 1278 3704 suum
1309 3629 1471 3705 olfioium
1500 3637 1537 3706 et
1563 3631 1608 3704 illi

281 3764 435 3854 quatuor
446 3757 647 3856 presbyteri
663 3757 699 3830 in
719 3757 930 3854 pluvialibus
951 3757 1116 3831 lecerunt
1138 3755 1383 3830 absolutiones
1401 3757 1505 3853 juxta
1522 3756 1611 3830 ordi-

281 3883 656 3957 n'auiuslruntr-Finito
683 3883 819 3974 officio,
852 3883 980 3957 iratres
1010 3883 1150 3956 Araceli
1173 3883 1419 3981 deposuerunt
1441 3884 1608 3960 desuucto

280 4009 946 4110 petrammalampontificalem,
970 4031 1041 4104 que
1065 4033 1238 4084 unacum
1261 4011 1369 4108 pallio
1390 4034 1503 4087 aureo
1518 4009 1608 4108 quod

282 4135 905 4236 aupbc‘bat'ateototpositnbr'.luerat
927 4140 962 4208 et
986 4133 1183 4208 mataracio
1208 4159 1291 4210 cum
1315 4136 1489 4234 pulvinari
1507 4135 1606 4212 resti·

284 4261 1074 4358 tbcrbntuddomr'tmdeluuotitroportanda.

286 4388 630 4480 cuariaaoounta,
653 4386 873 4479 brootqblia
888 4387 1152 4478 lectabnerunt
1176 4389 1452 4466 constitutiones
1476 4399 1553 4467 rote
1574 4391 1606 4464 in

282 4534 391 4590 uma
388 4513 587 4590 ιιιιιὶιιιιιιι
583 4515 704 4612 ¹·apud
698 4511 950 4589 basilicam
910 4538 961 4586 s
957 4514 1093 4588 ratri.-
1107 4517 1257 4606 bomini
1279 4517 1461 4592 auditores
1483 4524 1558 4592 rote
1572 4521 1604 4590 et

280 4637 598 4813 locumtenentaa
588 4645 727 4779 occurri
660 4637 1044 4818 Νιιιιιιιιριιιιιιιιιιι
1052 4637 1210 4736 nausea,-
1219 4639 1275 4717 ab
1292 4642 1437 4718 luerunt
1466 4644 1601 4742 incepta

281 4762 546 4856 melantiam
767 4765 968 4838 uiuent
978 4790 983 4800 ¹
977 4789 1200 4834 ,ιιιιιν-
1289 4786 1415 4833 zor-1

283 4890 576 4984 rbtv'ilatartvia
577 4811 775 4968 baleolis
787 4893 968 4984 'octobrias
983 4899 1039 4967 u.
1036 4895 1095 4968 iu
1102 4894 1302 4970 utenbura
1277 4892 1601 4994 ‘'deulaaapis·

278 5015 406 5114 dopna
392 5013 562 5089 Emotis
560 5015 610 5090 ib
627 5019 702 5114 maj
705 5039 768 5092 oco
782 5020 936 5128 capella
944 5015 1080 5117 palatii
1090 5017 1288 5118 apostolici?¹
1293 5017 1417 5120 apud?
1405 5047 1444 5098 s
1451 5026 1602 5098 Tatium

278 5129 1153 5242 celdblbvitvbvipsam'rpublieain'vdalunatoruni
1165 5145 1278 5243 rjurrtc
1300 5144 1602 5223 conmemorans
