3422 6034
82 504 147 570 [tuat
161 498 232 568 assat
385 496 511 556 RERUM
534 495 762 589 URBbNARUM
787 494 1049 556 COMMENTAHII.
1334 497 1384 555 aut

81 655 166 729 donis
192 654 227 726 in
251 664 414 726 tererem
440 652 599 726 omnium
629 652 852 725 inimicorum
884 651 1211 728 courdumaco
1234 678 1383 730 romane

79 779 228 867 Ecclesia,
249 779 287 852 in
302 778 441 851 tramine
455 777 578 850 Patria
594 789 629 850 et
641 777 727 850 Filii
741 789 775 849 et
787 775 942 874 Spiritus
956 779 1093 866 soncti;
1105 777 1224 852 Amen
1240 807 1253 852 :
1268 787 1304 853 et
1317 781 1377 856 illa

80 903 240 979 osculatus
263 909 315 974 est
335 901 465 998 pedem
492 906 600 999 Pape.
625 901 696 977 Sed
720 901 920 976 benedictis
940 903 1088 994 vexillis,
1109 909 1303 1000 antequam
1324 905 1385 980 illa

80 1029 134 1104 sibi
157 1026 392 1116 traderentur,
419 1025 496 1123 ipse
521 1047 645 1100 coram
670 1025 842 1124 pontifice
867 1026 1081 1123 genuflexus
1110 1027 1266 1124 prestitit
1291 1029 1388 1125 jura·

80 1158 222 1226 mentum
250 1149 433 1225 fidelitatis
457 1149 493 1222 in
520 1149 639 1224 forma
663 1150 701 1223 in
720 1173 803 1224 meo
825 1149 946 1226 libello
968 1151 1100 1249 scripta
1123 1151 1279 1244 factum;
1304 1159 1387 1250 post

80 1279 150 1366 boc,
171 1275 317 1350 dimisso
337 1275 374 1348 in
393 1275 533 1372 capella
557 1299 639 1350 cum
665 1275 739 1350 suis
765 1279 880 1374 Papa,
904 1299 987 1352 cum
1012 1275 1253 1352 cardinalibus
1275 1277 1379 1352 exivit

81 1401 264 1493 ecclesiam,
283 1401 345 1474 ubi
360 1401 427 1474 sub
440 1405 581 1498 portam
597 1400 696 1476 dedit
709 1400 892 1476 licentiam
910 1401 1152 1476 cardinalibus
1168 1407 1204 1477 et
1220 1402 1383 1476 ascendit

79 1527 243 1625 palatium.
273 1524 480 1600 cardinales
504 1530 588 1600 ante
610 1523 726 1600 scalas
749 1549 779 1597 s.
812 1525 908 1600 Patri
928 1526 1169 1602 ascenderunt
1193 1525 1325 1602 bestias
1351 1533 1388 1602 et

78 1676 148 1730 cum
161 1653 229 1727 suis
244 1651 388 1730 familiis
403 1651 585 1726 redierunt
600 1651 646 1726 ad
659 1651 789 1726 domos
805 1675 901 1726 suas.

117 1779 256 1856 interim
276 1800 415 1870 comes,
437 1776 714 1876 precedentibus
734 1777 891 1868 familiis,
913 1776 1127 1852 tamburinis
1145 1783 1181 1852 at
1200 1776 1277 1850 aliis
1297 1778 1384 1869 suis,

77 1913 105 1979 et
116 1905 275 2002 proxime
296 1911 379 1978 anta
393 1903 513 2001 ipsum
528 1901 780 1978 incedentibus
796 1901 977 1980 scutiferis
992 1927 1077 1978 cum
1095 1903 1205 1976 armis
1227 1902 1395 1986 Ecclesia,

75 2029 186 2104 vexilla
206 2028 470 2118 deterentibus,
496 2034 579 2102 ante
602 2027 717 2102 scalas
740 2027 919 2125 predictas
934 2029 1097 2103 ascendit
1117 2051 1250 2124 equum
1266 2051 1385 2120 suum,

76 2162 105 2229 et
116 2156 310 2230 associatus
331 2178 352 2228 a
372 2153 509 2228 familia
528 2156 592 2228 SS.
614 2156 657 2226 D.
679 2156 706 2226 N
713 2209 737 2244 .,
758 2177 779 2227 a
801 2152 971 2251 predictis
987 2152 1214 2228 cubiculariis
1229 2158 1266 2228 et
1283 2155 1389 2228 scuti-

77 2279 148 2354 ieris
162 2281 288 2354 ordine
304 2285 494 2371 consueto,
515 2285 551 2353 et
567 2303 632 2376 per
649 2301 731 2370 nos,
749 2280 897 2354 servatis
917 2281 952 2354 iu
974 2279 1184 2379 hujusmodi
1206 2279 1400 2356 observari
1461 2365 1466 2370 ,

77 2405 186 2498 solitis,
202 2405 345 2480 medius
358 2405 453 2480 inter
467 2404 680 2502 episcopum
695 2405 943 2482 Arelatensem
959 2429 981 2480 a
995 2407 1147 2483 sinistris
1167 2417 1203 2486 et
1219 2415 1262 2484 [t.
1281 2413 1390 2484 Fran·

77 2529 201 2603 ciscum
216 2529 306 2604 Gibo
326 2528 440 2602 filium
456 2532 550 2626 Pape
571 2527 755 2620 adextris,
772 2528 831 2626 qui
852 2536 979 2604 contra
992 2532 1153 2608 debitum
1169 2542 1206 2609 et
1226 2533 1389 2609 volunta·

79 2657 139 2728 tem
153 2661 314 2730 nostram
330 2654 429 2728 illum
444 2653 566 2728 locum
584 2676 694 2751 super
713 2653 1028 2754 archiepiscopum
1044 2659 1248 2755 predictum
1264 2667 1388 2735 tenera

79 2779 187 2869 voluit,
208 2802 277 2877 per
302 2779 406 2870 viam,
425 2803 533 2875 quam
558 2779 667 2854 ctiam
690 2779 967 2870 observavimus
995 2783 1165 2879 equitavit
1179 2784 1225 2858 ad
1239 2784 1389 2859 domum
1531 2811 1535 2818 ’

79 2925 133 2978 sue
155 2903 402 2994 habitationis,
429 2910 511 2978 ante
535 2927 643 3000 quam
668 2903 800 3001 gratias
822 2905 896 3002 egit
916 2929 1018 2982 more
1044 2916 1233 3002 consueto,
1259 2909 1388 2984 deiude

79 3027 216 3104 intravit.
236 3029 311 3105 Sed
324 3051 455 3127 magua
470 3029 565 3104 inter
573 3029 713 3104 nobiles
721 3035 879 3104 armatos
894 3037 930 3104 et
945 3055 1003 3106 me
1014 3032 1079 3106 fuit
1094 3034 1278 3109 contentio
1290 3058 1335 3108 ex
1346 3057 1389 3110 eo

78 3154 173 3249 quod,
186 3178 244 3231 me
257 3154 452 3244 retinente,
466 3153 514 3228 illi
528 3153 656 3228 vexilla
668 3154 762 3228 iuter
773 3155 954 3230 sebabere
970 3155 1150 3248 volebant,
1168 3157 1250 3233 acsi
1263 3181 1390 3232 eorum

79 3281 226 3356 custodia
245 3280 350 3377 ipsis,
377 3285 484 3377 prout
502 3279 540 3352 in
559 3301 688 3376 campo
708 3278 789 3354 fieri
807 3280 911 3370 solet,
932 3279 1149 3356 demandata
1168 3289 1265 3357 esset
1287 3310 1294 3356 :
1318 3282 1389 3358 dixi

78 3406 189 3480 vexilla
211 3407 274 3480 bic
293 3406 330 3480 in
358 3406 539 3481 honorem
554 3413 589 3481 et
606 3406 750 3505 siguum
771 3387 972 3504 adeptionis
990 3405 1099 3482 officii
1115 3407 1248 3482 deferri
1265 3413 1301 3482 et
1316 3427 1390 3484 uon

78 3528 116 3600 ad
132 3531 397 3622 debellandum,
421 3538 616 3629 propterea
630 3530 682 3604 sic
698 3530 830 3606 deferri
846 3535 1013 3628 oportere
1027 3538 1066 3604 ut
1079 3531 1147 3628 ipsi
1163 3537 1246 3608 aute
1262 3531 1391 3606 vexilla

79 3661 108 3728 at
130 3657 253 3731 vexilla
295 3656 503 3732 immediate
536 3663 619 3730 ante
647 3655 876 3754 capitaneum
905 3655 1133 3747 deierantur;
1157 3658 1216 3754 qui
1244 3657 1390 3732 taudem
1429 3681 1437 3698 ·

78 3781 338 3876 acquiescentes
358 3781 574 3856 ordinationi
590 3803 687 3872 mea,
702 3780 909 3877 equitarunt
924 3788 1030 3879 prout
1051 3781 1143 3856 volui
1159 3788 1195 3856 et
1210 3782 1386 3857 ordinavi.

119 3904 179 3978 Die
197 3905 309 3997 lovis,
336 3909 378 3980 13
399 3905 534 3980 mensis
555 3906 709 4004 augusti,
735 3909 798 3980 88.
825 3909 868 3978 l).
889 3909 932 3980 N.
954 3913 1101 4004 paratus
1121 3907 1270 3998 amictu,
1294 3907 1387 3999 alba,

80 4027 221 4126 ciugrdo,
238 4030 333 4105 stola
347 4030 506 4106 violacea
520 4038 556 4105 et
576 4031 719 4128 pluviali
735 4031 887 4128 simplici
906 4032 1019 4108 rubeo
1039 4032 1206 4106 semitm
1228 4031 1390 4128 simplice

81 4175 152 4228 cum
164 4157 285 4254 perliS,
302 4156 581 4254 precedentibus
598 4179 705 4231 cruce
719 4164 756 4231 at
770 4156 1024 4250 cardinalibus,
1044 4157 1140 4232 venit
1155 4158 1199 4230 ad
1216 4157 1392 4253 capellam

80 4283 239 4377 majorem
256 4283 390 4380 palatii,
405 4289 453 4373 et,
469 4281 565 4358 sacta
579 4281 755 4372 oratione,
771 4281 858 4355 dixit
873 4279 1073 4356 orationem
1087 4299 1189 4352 more
1200 4285 1389 4352 consueto.

80 4407 209 4482 Missam
237 4408 433 4483 celebravit
457 4411 499 4481 D.
521 4411 561 4482 P.
589 4408 720 4484 Paulus
746 4407 936 4504 episcopus
963 4429 993 4478 s.
1021 4402 1161 4502 Agathe
1181 4424 1246 4500 pro
1273 4402 1393 4476 anima

81 4527 181 4606 talicis
196 4532 456 4610 recordatiouis
471 4533 560 4608 Sixti
579 4557 671 4631 pape
694 4535 756 4606 llll
775 4556 783 4605 :
802 4531 889 4604 dixit
903 4535 1044 4605 tantum
1065 4551 1173 4602 uuam
1191 4527 1392 4602 orationem

81 4665 290 4734 consuetam.
323 4658 567 4734 luteriueruut
588 4665 729 4755 septem
747 4657 948 4732 cardinales
970 4662 1006 4730 et
1028 4655 1099 4729 duo
1120 4653 1262 4729 diaconi
1287 4653 1393 4728 assis-

81 4785 197 4876 tentes,
214 4783 543 4876 vicecancellarius,
562 4763 848 4874 Beneventanus
866 4783 912 4858 de
932 4780 1130 4856 Comitibus
1145 4777 1340 4852 Aleriensis
1357 4783 1393 4852 et

81 4928 105 4977 s.
120 4909 314 4985 Anastasia.
336 4913 530 5006 Postquam
552 4909 596 4982 de
618 4909 815 4984 Comitibus
841 4917 921 5005 post
946 4905 1170 4982 offertorium
1194 4903 1393 4978 incensavit

81 5033 289 5124 pontificem,
316 5035 419 5108 rediit
444 5033 490 5108 ad
519 5033 675 5108 baucum
703 5033 799 5107 iuter
826 5032 915 5106 alios
946 5031 1147 5106 cardinales
1180 5036 1217 5104 et
1249 5052 1322 5103 non
1349 5029 1396 5102 ad

83 5159 265 5238 scabellum
281 5160 479 5237 assistentis
495 5159 580 5258 quia
593 5183 666 5232 nou
679 5159 846 5234 veniebat
857 5158 1115 5236 incensandus.
1130 5159 1215 5230 Post
1232 5157 1392 5244 missam,
