3578 6032
708 431 913 491 APPEthcE.
1420 439 1474 494 527

130 586 344 662 biicbcrassi‚
360 585 416 648 un'
429 585 511 648 altra
529 583 629 662 volta,
645 583 763 665 perche
778 587 819 649 ha
834 605 853 648 a
868 591 955 650 stare
966 591 1103 650 secreto.
1117 589 1156 650 Et
1170 588 1251 650 hora
1272 590 1318 651 nri
1334 589 1471 654 doverra

133 701 277 747 scusare
298 681 357 746 che
379 682 570 746 m'haccessi
595 683 787 761 biasimat0;
805 682 923 764 percha
945 684 975 748 io
990 701 1057 747 non
1082 685 1124 747 ho
1142 702 1160 748 a
1177 686 1318 750 scrivere
1338 688 1370 750 la
1396 705 1472 751 cose

134 783 200 844 che
225 797 293 843 non
309 782 337 844 si
353 781 464 844 hanno
483 799 502 844 a
522 781 603 856 dire,
623 787 655 844 et
681 783 740 844 cbe
761 799 906 860 possono
930 781 998 846 fare
1013 782 1141 846 charico
1167 787 1199 846 et
1220 784 1331 848 danno
1356 787 1389 848 in
1413 805 1473 866 pu-

135 879 227 941 blico
255 884 288 941 et
313 881 347 941 in
371 880 500 958 privato
525 897 624 942 sanza
643 881 734 943 utile.
761 881 1028 961 lngegnerommi
1050 879 1119 943 fare
1142 880 1262 946 I'uficio
1286 885 1351 948 mio
1374 889 1473 948 retta-

134 981 251 1040 mente
270 994 361 1042 come
377 993 459 1040 sono
474 983 669 1054 costumato‚
688 983 720 1040 et
736 983 860 1042 temere
878 979 983 1058 pocbo
1001 977 1084 1042 dove
1100 996 1167 1042 non
1190 981 1232 1044 ho
1249 983 1353 1062 colpo.
1371 985 1469 1046 Mess.

139 1078 283 1140 Cesareo
298 1073 317 1138 e
331 1077 451 1156 partito
467 1094 526 1156 per
538 1077 713 1157 Pitigiiano
728 1093 788 1155 per
809 1077 960 1140 adrisare
980 1077 1199 1158 PierFitippo;
1217 1083 1249 1142 et
1263 1081 1286 1142 il
1301 1081 1471 1144 cardinale

138 1174 261 1237 Orsino
274 1174 305 1236 vi
317 1175 360 1238 ha
375 1174 531 1238 mandato
547 1179 665 1254 questa
680 1175 816 1238 mattina
828 1191 889 1254 per
902 1175 970 1239 fare
983 1176 1006 1237 il
1021 1175 1203 1239 medesimo
1219 1212 1258 1222 —
1270 1179 1393 1242 talete.

750 1348 765 1382 «
777 1328 931 1390 Jonnnnns
945 1329 1162 1406 Linrnsornos,
1179 1329 1305 1394 Orator.
1323 1353 1339 1388 n

181 1503 279 1580 (ClaS.
295 1504 334 1566 X.
352 1504 434 1566 bist.
450 1504 480 1566 5.
497 1506 535 1568 N.
551 1505 600 1568 tt.
615 1505 688 1586 Agii
704 1511 772 1570 otto
788 1507 820 1571 di
839 1508 990 1586 Pratica.)

789 1882 831 1950 33

185 2103 304 2168 Entree
316 2104 355 2168 de
371 2105 470 2167 Zizim
485 2103 504 2168 a
517 2109 629 2169 Rome.
644 2106 783 2168 Portrait
796 2103 841 2168 du
855 2105 980 2168 Prince.
994 2109 1035 2168 Le
1048 2105 1096 2168 roi
1112 2106 1152 2169 de
1166 2107 1286 2186 Naples
1303 2108 1438 2172 cherche
1452 2107 1471 2172 a

143 2205 176 2266 le
188 2202 270 2266 faire
284 2203 472 2266 assassiner
485 2221 543 2284 par
557 2221 602 2266 un
618 2204 734 2268 sicaire
755 2205 823 2286 qui,
839 2204 903 2266 mis
917 2201 936 2266 a
949 2205 980 2267 la
994 2209 1130 2282 turture,
1144 2221 1250 2268 avone
1263 2221 1324 2268 son
1340 2207 1473 2271 dessein

144 2301 305 2364 criminel.

188 2481 205 2514 a
219 2455 269 2519 Ad
285 2455 507 2518 lliuminatum
523 2455 744 2519 Abbatianum
763 2455 1018 2519 concanonicum
1033 2456 1073 2520 de
1088 2462 1203 2521 mutua
1219 2463 1471 2538 consuetudine,

146 2555 255 2636 deque
268 2555 433 2635 imgressu
445 2553 479 2616 in
493 2555 610 2618 urbem
626 2553 736 2618 fratris
752 2555 960 2634 imperatoris
973 2561 1152 2634 turcorum,
1171 2558 1321 2639 ejusdem
1332 2561 1474 2625 Matthaei

147 2653 250 2734 Epist.
268 2655 367 2715 XXX.

191 2875 208 2908 «
274 2850 338 2912 Sed
358 2866 410 2932 new
422 2849 520 2912 modo
534 2850 632 2910 etiam
644 2853 677 2910 te
691 2849 792 2912 lateat
806 2865 882 2928 quae
897 2849 930 2911 in
945 2851 1028 2913 urbe
1040 2859 1219 2932 geruntur3
1234 2855 1296 2919 boc
1309 2856 1475 2920 velunum

148 2947 280 3011 ridetur
293 2947 372 3009 mihi
380 2947 515 3027 cognitu
529 2946 666 3026 dignum
687 2946 796 3010 fratris
813 2947 1020 3026 imperatoris
1042 2952 1155 3030 magni
1176 2957 1342 3016 turcorum
1371 2971 1475 3019 acces·

69 3125 74 3134 ¹
150 3063 221 3124 sus,
236 3064 301 3126 qua
317 3044 457 3108 solemni
469 3061 589 3124 pompa
607 3049 760 3122 acceptus
780 3048 831 3106 est
846 3048 914 3107 tota
935 3046 1019 3109 urbe
1040 3052 1220 3128 spectante.
1237 3055 1374 3117 incessit
1397 3072 1475 3119 nam

150 3163 211 3226 per
231 3145 447 3224 speciosiores
468 3143 539 3207 vias
560 3143 682 3224 insigni
708 3143 856 3206 insidens
886 3161 983 3224 equo,
1000 3145 1196 3228 mediusque
1219 3149 1305 3214 inter
1320 3153 1474 3215 Frances-

151 3247 282 3309 chetum
306 3247 391 3324 Papc
419 3241 524 3304 fllium
546 3246 578 3304 et
595 3241 732 3322 grandis
750 3242 900 3322 magistri
929 3243 1130 3307 Rhodiorum
1157 3247 1304 3326 equitum
1320 3249 1473 3326 iratrem;

151 3344 294 3423 denique
309 3343 342 3404 in
355 3357 484 3404 sacrum
496 3339 655 3402 Palatium
670 3339 817 3401 invectus
833 3343 894 3417 est,
915 3340 1026 3420 ibique
1041 3341 1220 3407 honorifice
1239 3345 1385 3410 habitus.
1402 3351 1474 3412 Non

149 3443 273 3504 multos
289 3445 365 3519 post
374 3438 445 3502 dies
456 3437 624 3516 publicum
634 3437 668 3498 in
682 3437 914 3499 consistorium
930 3436 1091 3502 deductus
1109 3440 1152 3502 ad
1166 3441 1331 3506 Pontifieis
1346 3445 1476 3508 Maximi

150 3543 364 3620 conspectum
379 3537 555 3615 conspicuo
570 3535 604 3596 in
620 3534 738 3596 throno
750 3534 896 3597 sedentis
913 3554 920 3596 :
936 3552 1044 3615 neque
1058 3537 1143 3600 flecti
1158 3543 1234 3602 ante
1258 3541 1351 3604 illum
1367 3560 1475 3624 neque

150 3637 335 3702 deosculari
350 3653 391 3699 ex
402 3651 495 3698 more
509 3633 685 3713 vestigium
700 3633 806 3712 utqui
829 3639 978 3712 praesunt
995 3636 1097 3704 sacris
1113 3637 1230 3700 ritibus
1246 3644 1278 3702 et
1289 3641 1476 3705 cerimoniis

149 3739 243 3799 illum
256 3735 438 3799 edocebant
455 3752 462 3794 :
479 3731 546 3794 ullo
562 3747 683 3810 passus
713 3735 764 3792 est
791 3731 911 3806 mod0;
934 3737 971 3794 ut
990 3732 1102 3796 dolore
1118 3739 1151 3797 et
1165 3735 1393 3818 indignatione
1405 3758 1478 3820 per-

149 3835 232 3898 moti
253 3832 420 3896 christiani
438 3831 494 3912 qui
512 3829 697 3909 spectaculo
712 3829 862 3904 aderant,
885 3830 1034 3893 rabidam
1052 3849 1168 3896 omnes
1187 3835 1287 3898 bilem
1303 3833 1478 3917 despuma-

150 3937 225 3996 rent
239 3931 315 3995 etin
329 3930 506 3993 alterutros
528 3928 706 3990 fremerent
723 3927 833 4007 :quod
854 3944 921 3990 non
940 3929 971 3991 ri
986 3930 1246 3996 incurvaretura
1263 3936 1477 4015 stipatoribus

150 4030 288 4092 armatis
316 4031 374 4090 aut
400 4025 504 4089 barba
527 4029 713 4104 raptaretur
740 4025 782 4088 nd
806 4041 918 4088 sacros
943 4026 1107 4091 Pontificis
1137 4031 1255 4108 pedes,
1275 4050 1316 4095 ne
1342 4034 1477 4114 impune

151 4127 363 4190 christianam
385 4123 579 4205 dignitatem
595 4128 627 4186 et
643 4124 785 4187 divinam
806 4141 876 4186 rem
891 4129 1038 4188 nostram
1054 4131 1278 4192 contemneret
1295 4131 1322 4192 is
1341 4133 1397 4210 qui
1414 4133 1476 4195 sub

151 4229 246 4306 patre
259 4225 445 4287 Mahumeto
461 4227 589 4284 tantum
604 4222 692 4285 beati
712 4223 883 4302 sanguinis
907 4224 1012 4284 nostri
1032 4223 1214 4302 profuderit
1234 4243 1353 4290 saevus
1374 4233 1406 4290 et
1420 4229 1477 4291 im·

152 4324 240 4404 pius,
268 4327 428 4402 quantum
444 4321 540 4401 quasi
554 4321 662 4382 lacum
677 4319 821 4382 efiiceret
838 4325 896 4382 aut
912 4325 1074 4400 quantum
1086 4322 1139 4384 vix
1151 4323 1240 4386 rivus
1254 4331 1414 4406 egereret.
1429 4329 1476 4390 De

151 4421 242 4484 iliius
253 4419 417 4482 adventus
432 4435 530 4482 causa
546 4419 648 4481 multa
663 4419 819 4497 variaque
831 4417 1023 4482 fabulantur
1032 4420 1132 4482 ociosi
1145 4439 1152 4482 :
1169 4422 1227 4485 sed
1239 4423 1387 4486 omnium
1403 4425 1475 4488 vul-

151 4519 325 4601 gatissima
337 4519 408 4580 haec
420 4517 530 4596 opinio
545 4522 595 4580 est
605 4522 641 4580 ut
654 4517 801 4579 tradatur
811 4518 946 4580 Sultano
955 4517 1134 4582 armandus
1145 4520 1178 4582 in
1188 4521 1332 4583 Fratrem
1340 4539 1478 4602 regnan·

152 4623 231 4693 tem,
257 4617 313 4695 qui
328 4619 469 4697 Legatos
491 4618 628 4678 Romam
650 4615 839 4694 nuperrime
862 4617 952 4679 misit
976 4617 1069 4680 illum
1085 4619 1311 4698 deposcentes.
1336 4623 1395 4683 Pro
1410 4637 1475 4701 quo
1511 4679 1524 4702 ,

152 4715 327 4778 sultanum
339 4715 432 4777 aiunt
446 4731 602 4796 magnam
616 4714 682 4776 vim
695 4713 766 4775 auri
782 4715 999 4794 Sanctamque
1015 4717 1276 4781 liierosolumam
1288 4737 1394 4800 papae
1408 4721 1476 4800 pol·

151 4811 259 4886 liceri;
276 4817 308 4874 et
323 4830 382 4891 per
395 4811 528 4875 fratrem
540 4813 567 4874 si
581 4812 813 4890 imperatorem
823 4815 1003 4875 'turcorum
1012 4815 1134 4890 vicerit,
1147 4818 1285 4895 imperio
1298 4819 1476 4900 regnisque

151 4911 239 4972 illius
253 4909 373 4974 devicti
385 4911 509 4989 potitus
522 4910 631 4987 fuerit,
651 4925 688 4971 se
705 4910 814 4971 omnia
828 4909 997 4972 cristianis
1013 4917 1125 4991 crepta
1141 4915 1288 4992 pristinis
1301 4918 1396 4980 bellis
1410 4935 1476 4981 res·

150 5009 300 5071 titurum.
316 5011 477 5087 Aspectus
500 5008 634 5072 barbari
658 5007 748 5070 dirus
772 5011 804 5069 et
829 5007 1045 5086 truculentus,
1069 5027 1188 5090 corpus
1203 5032 1431 5096 compressum
1444 5021 1477 5081 et

150 5111 312 5189 validum,
329 5110 445 5175 Cervix
459 5109 538 5187 lata,
554 5111 669 5173 Pectus
688 5113 820 5172 vastum
844 5114 876 5173 et
889 5112 1106 5190 proeminens,
1131 5115 1262 5177 Statura
1276 5114 1362 5177 ultra
1377 5131 1477 5196 quam
