3600 6094
323 432 358 490 58
777 428 952 488 JOHANNlS
976 429 1197 501 abacelam,
1490 431 1568 494 [ΛΟΜ
1584 432 1650 498 ¹⁴⁸ll
1763 384 1773 527 l

372 584 452 658 Fuit
470 583 527 658 bis
548 583 676 658 diebus
699 608 721 658 a
744 585 925 660 nonnullis
953 585 1153 660 dubitatum
1178 609 1222 659 an
1245 588 1368 658 Rmus.
1394 587 1438 656 b.
1466 583 1654 657 cardinalis

322 709 513 800 Ascanius,
533 710 593 807 qui
617 716 698 808 post
720 710 856 784 obitum
881 710 942 785 fel.
970 735 1044 785 rec.
1076 711 1164 784 Sinti
1190 734 1283 808 pepe
1309 709 1440 806 quarti,
1464 709 1653 782 cardinalis

324 837 369 911 ad
403 835 537 910 Urbem
574 835 684 926 uenit,
724 839 760 908 et
792 835 850 908 cui
888 836 1050 908 nondum
1086 859 1126 908 os
1159 840 1324 932 apertum
1363 841 1454 924 erat,
1491 833 1529 906 in
1559 833 1654 908 elec-

324 960 462 1035 tionem
488 959 596 1034 futuri
616 959 797 1058 pontificis
822 965 943 1034 votum
967 962 1053 1034 dare
1075 961 1238 1050 deberet,
1272 984 1355 1033 cum
1382 983 1457 1032 non
1481 965 1578 1034 esset
1598 958 1656 1032 illa
1762 982 1769 1004 ·

272 1099 277 1108 '
324 1085 531 1160 ceremonia
546 1085 590 1160 de
607 1085 679 1158 oris
690 1084 905 1182 aperitione,
922 1109 991 1182 que
1007 1087 1044 1160 in
1058 1086 1159 1160 novis
1175 1085 1416 1160 cardinalibus
1432 1086 1653 1172 observatur,

324 1211 360 1284 in
372 1217 647 1284 eoconsumata.
658 1211 818 1286 Tandem
833 1210 897 1284 fuit
907 1235 973 1308 per
983 1215 1137 1285 RRmos.
1150 1215 1225 1286 bn.
1239 1209 1657 1304 cardinalesconclusum

323 1336 525 1433 quodcum
549 1360 623 1410 non
647 1337 693 1410 sit
721 1335 859 1434 prefato
889 1337 1061 1412 cardinali
1089 1337 1244 1412 Ascanio
1273 1362 1313 1411 os
1338 1337 1514 1424 clausum,
1544 1334 1657 1433 possit

322 1462 437 1535 libere
458 1461 626 1536 electioni
645 1462 822 1537 interesse
843 1462 935 1537 etin
954 1487 998 1536 ea
1015 1469 1137 1538 votum
1157 1464 1258 1554 dare,
1278 1469 1314 1536 et
1332 1464 1383 1536 ita
1400 1461 1510 1534 fuisse
1537 1462 1658 1536 obser-

195 1609 197 1616 ·
322 1593 442 1662 vatum
462 1569 626 1684 tempore
647 1587 835 1661 electionis
854 1586 914 1660 fel.
937 1587 1011 1661 ree.
1035 1589 1169 1662 Urbani
1189 1589 1243 1686 Vl
1262 1587 1459 1686 apostolica
1482 1587 1568 1661 sede
1595 1609 1662 1683 per

324 1713 461 1786 obitum
485 1719 569 1785 tunc
595 1712 796 1786 innocentii
820 1715 867 1789 Vl
896 1719 1043 1787 vacante
1067 1741 1075 1785 ε
1101 1737 1172 1810 quo
1195 1719 1357 1812 tempore
1380 1693 1541 1787 interluit
1564 1713 1658 1786 bone

324 1838 500 1912 memorie
513 1837 730 1935 Androynus
751 1837 795 1910 de
818 1841 950 1912 Rocca.
970 1837 1006 1912 Si
1022 1843 1142 1912 autem
1157 1840 1298 1936 prefato
1314 1839 1469 1914 Ascanio
1485 1838 1657 1912 cardinali

323 1986 390 2060 per
405 1962 465 2036 fel.
482 1985 555 2038 rec.
574 1961 711 2036 Sixtum
725 1986 855 2060 papam
870 1969 1041 2059 quartum
1051 1987 1091 2037 os
1108 1964 1270 2037 clausum
1286 1963 1424 2054 fuisset,
1443 1971 1480 2036 et
1494 1970 1658 2060 tempore

324 2088 487 2162 clausura
507 2094 699 2184 antequam
720 2087 816 2160 idem
837 2089 957 2162 Sixtus
978 2089 1097 2162 eidem
1119 2112 1159 2162 os
1179 2089 1393 2186 aperuisset,
1420 2089 1497 2186 ipse
1519 2089 1654 2177 Sirius,

324 2212 421 2288 diem
449 2219 650 2287 extremum
679 2213 882 2306 clausisset,
914 2215 1011 2310 quod
1037 2221 1137 2306 tunc,
1167 2221 1317 2312 propter
1345 2215 1417 2288 oris
1446 2213 1655 2311 hujusmodi

324 2339 540 2431 clausuram,
558 2362 631 2413 non
646 2339 822 2436 potuisset
840 2339 1000 2438 prefatus
1021 2340 1211 2415 cardinalis
1229 2339 1404 2416 Ascanius
1425 2339 1461 2411 in
1478 2339 1657 2414 electione

323 2463 731 2561 predictavotumdare.
1530 2545 1532 2552 ,

378 2589 539 2676 Qualiter
559 2595 680 2664 autem
701 2591 739 2664 in
761 2591 1072 2666 administratione
1096 2592 1314 2666 cibariorum
1332 2597 1368 2666 et
1387 2597 1492 2688 potus
1509 2591 1655 2664 RRmis.

324 2719 401 2790 bn.
433 2715 671 2790 cardinalibus
706 2721 825 2790 actum
854 2717 900 2791 sit
929 2725 966 2792 et
995 2717 1032 2790 in
1067 2719 1147 2792 aliis
1184 2717 1466 2814 quibusdamin
1495 2717 1657 2792 conclaui

324 2841 535 2930 observatis
565 2841 722 2915 breviter
746 2841 1020 2940 subjungemus.
1046 2848 1114 2916 Pro
1134 2843 1277 2916 RRmis.
1296 2844 1371 2915 bn.
1400 2841 1655 2932 cardinalibus,

324 2972 517 3063 antequam
546 2967 714 3041 conclave
743 2966 931 3057 intrarent,
961 2974 1108 3065 recepta
1138 2966 1283 3040 fuerunt
1312 2971 1349 3038 et
1380 2964 1546 3038 ordinata
1572 2965 1655 3039 loca

324 3092 456 3188 palatio
472 3092 651 3166 conclavis
667 3093 886 3190 propinqua,
902 3093 1068 3168 videlicet
1082 3093 1119 3165 in
1134 3117 1164 3165 s.
1177 3090 1383 3179 catharine,
1400 3090 1477 3162 ins.
1494 3090 1655 3164 Marcelli

322 3217 475 3316 palatiis,
493 3217 530 3290 in
545 3218 654 3291 domo
668 3217 762 3292 Rmi.
785 3221 827 3292 b.
848 3219 1084 3292 cardinalias.
1105 3217 1216 3291 Marie
1232 3217 1269 3289 in
1282 3216 1441 3306 Porticn,
1458 3216 1496 3288 in
1508 3239 1656 3291 camera

323 3343 551 3434 thesaurarii,
571 3345 608 3416 in
627 3344 804 3440 aliquibus
822 3344 974 3418 cameris
993 3344 1252 3418 canonicorum
1269 3341 1417 3416 basilice
1433 3367 1460 3414 s.
1479 3343 1575 3414 Petri
1587 3366 1655 3438 pro

323 3468 568 3565 decoquendis
591 3468 734 3542 cibariis
754 3492 819 3564 pro
843 3469 930 3564 ipsis
959 3467 1100 3542 RRmis.
1122 3471 1197 3541 bb.
1223 3465 1476 3540 cardinalibus.
1503 3470 1543 3538 ln
1564 3466 1657 3538 locis

322 3594 530 3692 hujusmodi
553 3599 657 3668 erant
677 3593 837 3689 magistri
857 3593 1021 3667 aularum
1044 3601 1080 3667 et
1098 3594 1202 3690 coqui
1222 3593 1383 3691 ipsorum
1401 3592 1654 3680 cardinalium,
1771 3616 1776 3655 :

323 3718 462 3817 singula
482 3723 726 3818 preparantes.
748 3719 852 3792 Circa
870 3725 990 3793 autem
1009 3719 1119 3794 horas
1138 3719 1277 3817 prandii
1299 3725 1335 3792 et
1354 3741 1445 3793 cene
1464 3717 1657 3792 veniebant
1768 3738 1773 3749 ·

322 3872 367 3922 ex
402 3848 568 3921 domibus
611 3845 846 3922 cardinalium
880 3845 926 3916 ad
960 3844 1043 3918 loca
1071 3831 1238 3942 predicta
1265 3845 1427 3942 magistri
1459 3846 1654 3920 domorum

322 3972 500 4047 canevarii
530 3996 613 4045 cum
641 3971 729 4043 vinis
752 3979 788 4045 et
815 3971 924 4066 aliqui
953 3995 1000 4044 ex
1027 3970 1244 4067 cappellanis
1281 3977 1317 4044 et
1345 3970 1524 4044 scutiferis
1560 3971 1653 4058 aliis,
1775 3997 1776 4000 ¹

320 4098 452 4197 palatia
479 4099 641 4194 ipsorum
668 4097 904 4170 cardinalium
931 4096 1228 4170 custodientibus.
1266 4099 1363 4170 Hora
1392 4096 1523 4170 deinde
1551 4098 1654 4171 adve-

320 4224 461 4316 niente,
498 4222 776 4321 precedentibus
819 4221 998 4296 scutiferis
1034 4221 1127 4294 binis
1165 4227 1201 4296 et
1233 4220 1327 4294 binis
1360 4229 1397 4296 et
1432 4221 1652 4319 cappellanis

321 4349 450 4424 eodem
461 4347 587 4422 ordine
602 4346 848 4444 sequentibus,
865 4345 1097 4441 parafrenarii
1110 4354 1311 4436 nauseante,
1328 4347 1419 4420 alter
1431 4355 1542 4435 retro,
1560 4347 1655 4420 iuter

320 4498 359 4547 se
375 4499 483 4573 super
497 4473 645 4570 spatulis
661 4496 728 4570 per
741 4469 907 4545 baculum
923 4471 1114 4566 portabant
1128 4477 1298 4544 cornutas
1319 4471 1356 4544 in
1374 4471 1503 4568 quibus
1519 4471 1654 4546 cibaria

321 4607 356 4672 et
380 4605 485 4696 potus
508 4623 591 4673 cum
613 4622 707 4696 pane
732 4598 872 4672 inclusa
896 4602 1010 4670 erant.
1037 4601 1126 4671 Cum
1151 4605 1272 4672 essent
1305 4597 1341 4670 in
1367 4605 1471 4694 porta
1493 4601 1651 4674 secunde

321 4725 481 4799 custodie
497 4726 631 4822 palatii,
647 4725 803 4800 scutiferi
821 4737 857 4802 et
871 4729 1071 4826 cappellani
1087 4752 1170 4801 cum
1186 4730 1358 4827 magistro
1374 4731 1502 4802 domus
1518 4729 1651 4804 ibidem

321 4851 570 4940 remanebant,
599 4857 634 4924 ct
660 4851 709 4924 ibi
738 4851 974 4948 parafrenarii
1009 4876 1093 4925 cum
1126 4860 1279 4928 cornuta
1306 4855 1554 4928 ascendebant
1586 4879 1651 4952 per

322 4975 457 5050 scalam
477 4977 522 5049 ad
544 4977 685 5050 tertiam
710 5002 823 5073 usque
848 4985 883 5052 et
903 4986 1068 5075 quartam
1093 4979 1289 5070 custodias,
1312 4979 1371 5054 ubi
1392 4987 1494 5054 extra
1517 4981 1649 5054 ostium

322 5104 516 5194 conclavis,
544 5109 732 5178 cornutam
754 5103 958 5178 firmabant.
991 5109 1148 5179 Cornuta
1175 5105 1384 5201 hujusmodi
1413 5129 1523 5180 unam
1549 5107 1648 5181 clau-
