3436 6038
79 489 152 552 [uus
165 489 230 554 1186]
405 489 531 548 RERUM
555 489 782 550 bucacanum
806 489 1069 548 COMMENTlel.
1350 493 1400 548 195

79 643 224 718 babebat
245 649 331 718 aute
352 667 391 718 se
411 663 557 719 crucem
576 668 643 719 nee
660 649 737 718 erat
751 645 798 720 ibi
815 643 984 720 habenda
1000 667 1085 718 cum
1103 643 1139 716 in
1158 643 1240 718 loco
1257 646 1398 716 secreto

79 775 165 844 esset
176 767 235 868 (t).

122 895 263 972 lnterim
279 897 377 994 quod
396 902 507 997 Papa,
533 897 644 973 missa
664 897 778 990 finita,
807 897 1026 974 consecratis
1043 896 1167 972 mitras
1190 891 1398 994 imponebat

79 1028 109 1096 et
124 1021 361 1114 chirothecas,
380 1045 449 1122 ego
465 1023 622 1101 ordinavi
637 1025 683 1101 ad
693 1025 878 1102 dexteram
896 1027 992 1123 Papa
1004 1024 1093 1098 duas
1109 1027 1144 1098 et
1156 1021 1202 1096 ad
1215 1020 1397 1094 sinistram

78 1171 174 1222 unam
189 1147 295 1223 sedes
309 1147 481 1246 pulchras
495 1150 614 1226 veluto
634 1157 838 1249 coopertas,
861 1150 990 1248 quibus
1011 1153 1107 1248 Papa
1134 1147 1170 1222 in
1186 1169 1330 1222 camera
1346 1144 1394 1218 uti

79 1272 178 1360 solet;
200 1272 399 1370 inquibus,
424 1275 609 1373 premissis
628 1276 745 1368 lactis,
769 1280 866 1374 Papa
883 1275 919 1348 in
943 1297 1009 1350 suo
1030 1269 1228 1348 faldistorio
1249 1269 1394 1361 sedena,

78 1397 317 1495 adjuvantibus
338 1399 518 1499 episcopis
538 1401 803 1492 assistentibus,
825 1399 1050 1476 intronizavit
1067 1398 1249 1497 predictos
1267 1417 1398 1472 couse-

78 1531 200 1614 rratos,
215 1523 382 1600 videlicet
397 1527 632 1600 Cusentinum
650 1549 671 1602 a
685 1526 819 1602 dextris
834 1532 871 1602 et
885 1530 1178 1602 Beneventanum
1194 1547 1214 1598 a
1227 1519 1393 1610 sinistris,

78 1657 109 1722 et
123 1649 166 1722 ad
178 1647 364 1724 dexteram
380 1628 564 1726 Cusedtini
580 1656 622 1728 D.
636 1655 903 1728 tornacensem
922 1680 929 1727 :
950 1651 1014 1726 sed
1026 1651 1096 1726 ista
1113 1649 1209 1726 mala
1225 1648 1292 1724 luit
1304 1646 1398 1724 ordi-

78 1773 167 1848 natio
178 1774 261 1872 quia
274 1775 321 1850 ad
333 1775 519 1851 dexteram
535 1776 644 1852 medii
659 1776 782 1852 debuit
798 1801 878 1854 esse
893 1781 1181 1854 Beneventanus.
1199 1774 1334 1862 Quibus
1346 1773 1397 1847 sic

79 1898 302 1993 intronizatis,
319 1902 529 1977 assistentes
545 1902 722 1979 dederunt
736 1903 774 1978 in
788 1927 898 1979 manu
919 1903 1063 1978 sinistra
1082 1901 1274 2000 unicuique
1290 1921 1397 1974 suum

79 2023 237 2100 baculum
252 2026 486 2126 pastoralem,
502 2035 538 2103 et
553 2029 661 2122 male,
683 2031 767 2129 quia
786 2035 883 2129 Papa
900 2030 1025 2106 debuit
1046 2029 1114 2105 hos
1129 2027 1278 2104 baculos
1294 2026 1394 2103 dare.

78 2153 179 2242 Tunc,
201 2151 366 2250 deposita
386 2153 504 2244 mitra,
534 2156 701 2248 surrexit,
725 2164 762 2231 et
781 2164 879 2232 stans
901 2179 1023 2232 versus
1046 2155 1092 2228 ad
1111 2153 1238 2243 altare,
1261 2147 1398 2250 incepit

79 2276 280 2376 intelligibili
295 2302 382 2354 voce
398 2278 552 2355 diceudo
572 2309 578 2355 :
602 2279 649 2355 Te
663 2281 776 2357 Deum
791 2282 992 2375 laudemus,
1010 2293 1091 2374 cta,
1109 2279 1281 2378 quodper
1292 2275 1399 2352 assis-

80 2409 186 2478 tentes
197 2413 428 2504 prosecutum
444 2406 511 2481 luit
530 2409 658 2484 eadem
673 2432 890 2506 vocansque
907 2407 953 2483 ad
967 2406 1092 2481 tinem.
1105 2404 1254 2480 tulerim
1270 2425 1398 2478 conse-

79 2529 159 2604 crati
169 2529 274 2606 simul
284 2534 525 2630 procedentes
542 2559 608 2632 per
624 2534 745 2610 aulam
760 2559 843 2610 cum
857 2533 973 2608 mitris
982 2533 1019 2607 in
1034 2530 1211 2631 capitibus
1227 2536 1263 2606 et
1277 2535 1399 2628 pasto-

80 2655 200 2732 ralibus
210 2657 246 2732 in
257 2657 698 2734 manibusassocientibus
708 2656 1083 2756 ipsosassisteutibus,
1096 2654 1276 2754 episcopis
1288 2653 1396 2728 etiam

79 2779 109 2854 iu
129 2781 266 2860 mitram
290 2783 460 2860 euntibus
483 2791 519 2860 et
533 2784 611 2861 aliis
630 2783 895 2860 benedicebant
912 2806 1015 2859 more
1037 2787 1224 2857 consueto.
1249 2779 1396 2854 iuterim

80 2909 163 3004 Papa
176 2907 221 3006 (et
236 2909 331 2982 male
346 2909 430 3006 quia
445 2909 569 2984 debuit
582 2915 677 2984 stare
694 2909 780 2983 dum
793 2908 976 2983 diceretur
986 2905 1155 3006 hymnus)
1169 2904 1230 3006 (2);
1249 2904 1341 2981 sedit
1352 2904 1398 2980 ad

79 3033 189 3108 sedem
203 3033 370 3110 altiorem
382 3042 418 3110 et
431 3033 551 3112 veluto
562 3043 788 3134 coopertam,
801 3033 999 3109 scabellum
1010 3032 1077 3108 sub
1092 3030 1395 3131 pedibusbabens

79 3167 170 3234 extra
184 3161 295 3236 altare
309 3160 347 3236 in
363 3183 475 3236 cornu
494 3160 669 3259 evangelii
685 3159 752 3234 sibi
767 3167 943 3258 paratum,
964 3158 1015 3233 ite
1032 3156 1130 3256 quod
1145 3155 1191 3230 ad
1214 3155 1396 3230 sinistram

79 3309 169 3360 suam
183 3287 293 3362 altere
306 3287 459 3364 haberet
472 3293 509 3362 et
518 3309 642 3362 versus
653 3286 699 3360 ad
711 3308 825 3361 cornu
836 3283 988 3384 epistole
998 3282 1238 3382 prospiceret,
1250 3280 1396 3354 mitram

80 3411 110 3482 iu
123 3412 232 3510 eapite
246 3419 388 3488 tenens.
406 3415 498 3486 item
513 3413 752 3487 faldistorium
768 3416 863 3510 Pape
879 3419 963 3486 ante
982 3409 1143 3486 medium
1159 3408 1281 3484 altaris
1298 3414 1396 3482 stans

79 3543 223 3612 amotum
238 3538 318 3630 luit,
340 3545 377 3614 et
388 3546 462 3614 tres
478 3539 584 3614 sedes
606 3539 641 3612 in
656 3537 787 3635 quibus
802 3537 1004 3612 consecrati
1024 3537 1172 3612 luerunt
1191 3529 1395 3608 intronizati

80 3659 199 3738 ibidem
214 3673 298 3738 ante
320 3663 432 3738 altare
453 3687 518 3763 per
535 3664 700 3738 ordinem
716 3662 832 3761 posite
851 3663 1011 3753 luerunt,
1031 3661 1069 3734 in
1085 3660 1214 3758 quibus
1229 3657 1295 3756 ipsi
1311 3681 1397 3734 con-

80 3790 209 3880 secrati,
230 3789 382 3865 circuitu
402 3813 468 3889 per
489 3790 608 3865 aulam
620 3813 721 3866 more
737 3794 912 3864 consueto
925 3788 1035 3879 lacto,
1050 3786 1222 3862 sederunt
1237 3784 1399 3861 Cusenti-

82 3913 176 4006 tinus,
188 3941 209 3991 a
223 3915 358 3990 dextris
373 3915 454 4014 ejus
467 3917 741 3990 Beneventanus
753 3922 789 3988 et
804 3939 825 3988 a
841 3913 994 3988 sinistris
1009 3913 1260 3988 Tornacensis.
1280 3913 1397 3989 Finito

82 4035 122 4109 Te
135 4035 247 4113 Deum
261 4039 462 4131 laudamus,
479 4045 576 4140 Papa
595 4039 631 4114 in
654 4041 749 4115 dicta
770 4039 881 4137 [sede]
900 4037 946 4138 (3)
969 4063 1034 4112 sua
1049 4039 1180 4115 sedens
1194 4063 1276 4114 cum
1292 4041 1398 4117 mitra

111 4299 133 4353 l.
152 4321 165 4350 c
180 4299 250 4358 Male
263 4299 317 4356 boe
330 4299 381 4356 luit
395 4297 460 4372 quia
479 4299 556 4372 Papa
571 4299 680 4356 omnino
695 4315 757 4354 cum
769 4315 850 4354 eruce
870 4303 933 4354 ante
953 4315 983 4354 se
1004 4303 1080 4355 tenta
1094 4304 1122 4354 et
1136 4297 1195 4354 sine
1210 4297 1289 4356 mitra
1303 4295 1400 4354 debuit

81 4384 226 4446 benedicere
238 4407 297 4446 eam
315 4405 323 4445 ι
340 4388 379 4444 sic
389 4389 493 4446 iaciunt
507 4387 551 4452 alii
566 4387 687 4462 episcopi
702 4393 894 4444 consecrantes
909 4387 957 4461 qui
978 4388 1037 4444 loco
1052 4387 1142 4444 crucis
1156 4385 1285 4460 pastorali
1301 4387 1397 4445 baculo

82 4483 105 4530 et
116 4475 169 4536 sine
182 4495 213 4536 eo
227 4496 282 4536 non
294 4477 383 4536 solent
396 4478 559 4536 benedicere
575 4477 743 4546 solemniter,
760 4495 811 4534 nec
826 4477 918 4534 obstat
932 4477 956 4534 si
971 4475 1078 4536 dicetur
1090 4476 1167 4551 quod
1180 4476 1232 4534 luit
1253 4475 1338 4534 missa
1353 4493 1399 4534 se-

82 4573 152 4636 creta,
168 4569 232 4642 quic
244 4569 345 4626 falsum
363 4575 415 4625 est.
431 4568 500 4624 Nam
519 4566 605 4624 missa
623 4585 677 4624 non
692 4566 791 4624 dicitur
806 4574 911 4624 secreta
924 4584 977 4641 que
992 4583 1041 4640 per
1061 4567 1164 4640 Papam
1178 4565 1306 4622 omnibus
1321 4583 1399 4640 para·

83 4657 168 4714 inentis
196 4657 398 4732 pontificalibus
430 4657 529 4714 dicitur
561 4665 589 4714 et
623 4657 740 4714 maxime
768 4656 854 4712 missa
882 4655 1094 4714 consecrationis
1126 4673 1180 4729 que
1210 4655 1251 4712 sic
1273 4655 1301 4710 in
1326 4654 1400 4712 omni

82 4745 239 4806 solemnitate
253 4755 280 4804 et
290 4747 318 4804 in
332 4747 486 4820 ejusmissa
500 4745 598 4804 dicitur
605 4765 668 4819 pan
678 4749 758 4802 cobis
769 4752 795 4802 et
807 4745 834 4802 in
845 4745 898 4802 bne
913 4745 1012 4802 dicitur
1025 4745 1082 4800 dari
1093 4743 1290 4818 indulgentium
1306 4745 1399 4802 decem

84 4834 117 4889 rel
130 4837 279 4910 quindecim
295 4853 463 4894 annorum...
478 4859 492 4888 n
508 4838 602 4894 Panis.
617 4837 705 4894 Merca
720 4836 779 4893 obs.
792 4853 846 4909 que
860 4835 1089 4910 precedemment,
1102 4852 1130 4908 p.
1149 4823 1210 4904 tet,
1225 4841 1289 4893 note
1300 4835 1326 4890 1.

113 4925 135 4978 'L
156 4923 229 4984 Cette
248 4926 424 5000 parenthese,
447 4927 493 5000 qui
518 4943 635 5002 maeque
655 4926 725 4982 daris
746 4926 882 4999 plusieurs
902 4943 981 4996 mss,
998 4931 1040 4981 est
1059 4922 1345 4982 vraisemblablement
1365 4925 1399 4980 de

87 5010 152 5070 Paris
165 5015 198 5072 de
211 5016 333 5074 Grassis.

115 5103 138 5156 3.
157 5104 225 5164 Telis
236 5107 315 5166 estis
329 5107 405 5178 leoon
416 5105 528 5166 dumss.
541 5108 608 5164 5521
626 5106 646 5162 i.
662 5107 724 5162 382.
735 5106 809 5162 Tous
820 5105 860 5162 les
873 5111 965 5162 autres
980 5119 1047 5162 mss.
1064 5103 1187 5162 donnent
1203 5121 1209 5160 :
1225 5103 1301 5179 Papa
1313 5103 1340 5160 in
1350 5104 1400 5162 do-

87 5188 215 5253 minatione
230 5213 280 5254 sua
292 5197 403 5254 sedens.
414 5219 428 5248 n
445 5195 533 5270 Cbigt,
546 5195 576 5252 L.
588 5195 614 5252 1.
630 5195 701 5266 10,1.
716 5197 779 5264 cot,
796 5213 863 5255 mss.
876 5193 937 5266 147,
949 5195 966 5252 t.
979 5195 1042 5266 2116,
1050 5201 1079 5253 ct
1089 5192 1129 5252 les
1143 5211 1210 5252 mss.
1222 5195 1303 5262 5158,
1317 5194 1398 5252 5159.
