3436 6038
295 449 347 528 iso
750 469 926 526 tonarius
950 466 1171 538 caucanam,
1461 469 1604 539 [narmi

293 620 609 696 vicecancellarius
625 620 727 718 juxta
749 625 884 719 Papam
905 621 1077 712 existens,
1097 620 1159 719 qui
1179 619 1374 696 celebravit
1396 620 1443 695 ad
1459 621 1561 698 altare
1577 634 1608 699 et

292 748 391 822 dedit
411 751 506 845 Papa
528 771 650 822 coram
666 747 777 822 altare
793 747 984 844 genutlexo
1006 747 1159 821 calicem
1171 771 1255 822 cnm
1269 754 1496 822 sacramento
1515 773 1608 846 quem

292 877 389 970 Papa
404 895 556 969 surgens
576 871 692 970 capite
717 873 875 962 detecto,
898 877 934 946 et
954 871 1052 946 circa
1071 872 1205 946 collum
1226 874 1422 970 quamdam
1445 873 1608 950 tobaleam

292 999 443 1074 sericam
459 998 647 1096 pulchram
662 981 726 1096 per
746 999 947 1073 cardinales
970 999 1141 1076 diaconos
1165 998 1378 1074 assistentes
1391 999 1493 1096 juxta
1511 999 1608 1076 altare

292 1124 359 1200 sibi
383 1123 586 1222 appositam
605 1123 758 1216 habene,
780 1125 931 1222 portavit
956 1125 1135 1222 usquead
1159 1124 1335 1223 capellam
1358 1121 1535 1199 minorem
1556 1124 1609 1196 sub

290 1249 507 1325 baldachino
530 1249 575 1322 ab
599 1255 700 1324 extra
720 1251 921 1326 cancellum
945 1251 1082 1349 capelle
1105 1250 1255 1348 maj0ris
1280 1271 1394 1346 usque
1419 1248 1465 1322 ad
1494 1248 1610 1322 ostium

291 1374 441 1448 minoris
466 1375 620 1472 capelle.
642 1375 902 1450 Baldacbinum
922 1382 1111 1475 portarunt
1128 1384 1212 1450 octo
1236 1373 1399 1472 episcopi
1423 1379 1460 1448 et
1488 1374 1612 1448 arcbie

289 1500 442 1598 piscopi,
470 1499 637 1574 videlicet
661 1500 829 1598 quinque
847 1501 1058 1577 assistentes
1081 1507 1117 1576 et
1131 1507 1206 1576 tres
1221 1506 1385 1576 oratores
1409 1499 1536 1599 prelati
1549 1523 1610 1574 non

290 1625 514 1718 assistentes
545 1625 629 1723 quia
657 1627 903 1701 assistentium
931 1628 1054 1725 plures
1078 1633 1280 1702 nouerant
1303 1653 1310 1698 :
1332 1625 1464 1700 delecti
1500 1647 1611 1698 omnes

290 1751 512 1826 combinatis
529 1757 566 1825 et
580 1750 696 1824 mitris
712 1751 748 1824 in
764 1753 944 1845 manibus,
961 1777 1088 1830 omnes
1109 1753 1219 1828 ctiam
1231 1751 1291 1826 alii
1312 1751 1439 1850 prelati
1456 1757 1493 1826 ct
1508 1749 1612 1824 cardi·

288 1876 390 1951 nales
406 1883 661 1975 precesserunt
676 1887 945 1952 sacramentum
962 1877 1038 1953 sine
1055 1877 1184 1952 mitris.

340 2006 485 2077 Portata
506 2003 648 2076 luerunt
670 2009 754 2077 ante
777 2010 1042 2080 sacramentum
1058 2003 1240 2078 sexdecim
1259 2001 1443 2078 intorticia
1461 2001 1552 2090 alba,
1568 1999 1611 2072 vi-

292 2129 423 2203 delicet
461 2127 653 2202 duodecim
683 2129 791 2204 trium
814 2131 986 2205 librarum
1011 2130 1209 2228 quodlibet,
1239 2137 1275 2204 et
1297 2137 1453 2228 quatuor
1478 2151 1608 2225 magna,

290 2254 418 2350 quibus
434 2256 570 2329 utimur
583 2279 649 2354 pro
665 2256 865 2330 elevatione
882 2255 1099 2329 sacramenti
1115 2253 1152 2328 in
1177 2253 1315 2352 capella
1331 2277 1475 2352 magna,
1494 2251 1610 2326 deinde

291 2377 361 2450 duo
377 2377 593 2452 candelabra
607 2403 737 2477 magna
760 2403 843 2454 cum
862 2377 1113 2471 luminaribus
1130 2402 1200 2475 que
1220 2377 1342 2454 omnia
1356 2383 1540 2475 portarunt
1557 2399 1612 2450 ca-

291 2503 424 2600 pellani
447 2504 638 2578 cardinalis
663 2504 878 2579 celebrantis
908 2528 990 2579 oum
1015 2503 1161 2580 contris.
1188 2507 1276 2580 Cum
1302 2508 1398 2602 Papa
1421 2509 1517 2578 esset
1538 2508 1611 2576 ant-e

294 2628 518 2724 superiorem
554 2631 703 2728 gradum
741 2632 877 2730 capelle
910 2656 1031 2730 parve,
1061 2631 1194 2705 ibidem
1218 2629 1415 2728 genuflexit
1438 2635 1474 2702 et
1498 2632 1610 2700 Rmus.

293 2757 337 2827 D.
352 2754 542 2829 cardinalis
557 2733 870 2832 vicecancellarius
885 2753 1045 2854 prelatus
1060 2755 1200 2853 accepit
1214 2754 1259 2828 de
1274 2753 1439 2828 manibus
1454 2753 1526 2827 suis
1540 2751 1614 2826 cali-

293 2902 374 2953 cem
390 2903 474 2954 cum
490 2887 717 2956 sacramento
740 2888 776 2956 et
795 2881 956 2979 reposuit
979 2879 1097 2976 ipsum
1113 2878 1149 2950 in
1174 2899 1282 2975 capsa
1301 2901 1410 2974 super
1428 2877 1538 2950 altare
1551 2873 1614 2948 ibi-

290 3005 374 3078 dem
397 3013 544 3103 parata;
571 3014 647 3080 tum
677 3000 789 3105 Papa,
813 3006 1039 3080 ministrante
1070 3004 1209 3102 prolato
1239 3007 1344 3078 Rmo.
1372 3005 1416 3076 D.
1448 2999 1613 3075 Mediola-

291 3130 394 3204 nensi
409 3131 621 3223 naviculam,
635 3131 807 3229 imposuit
821 3131 1009 3206 incensum
1021 3129 1058 3202 in
1074 3151 1145 3200 uno
1163 3125 1343 3201 thuribulo
1359 3131 1395 3200 et
1410 3126 1613 3223 genuflexus

290 3254 487 3330 incensavit
509 3261 775 3331 sacramentum
792 3261 956 3353 utsupra
973 3281 981 3330 :
1000 3278 1070 3352 quo
1092 3253 1294 3342 incensato,
1319 3251 1439 3326 statim
1459 3251 1613 3326 vicecan-

292 3380 469 3471 cellarius
487 3381 677 3478 adjuvante
694 3382 811 3479 ipsum
828 3381 990 3472 sacrista,
1009 3380 1135 3456 clausit
1155 3400 1300 3476 capsam
1317 3382 1353 3451 et
1373 3376 1472 3452 dedit
1486 3377 1611 3452 clavem

291 3505 454 3597 sacriste,
471 3511 547 3579 tum
564 3505 718 3580 surrexit
734 3509 829 3603 Papa
845 3511 894 3597 et,
907 3503 1075 3604 imposita
1089 3504 1156 3578 sibi
1171 3503 1290 3592 mitra,
1303 3500 1366 3574 ivit
1374 3501 1613 3598 processiona-

291 3629 375 3703 liter
388 3654 500 3727 usque
517 3631 561 3703 ad
571 3631 693 3706 locum
708 3631 981 3722 benedictionis
999 3629 1274 3729 precedentibus
1289 3625 1437 3724 prelatis
1454 3635 1491 3702 et
1505 3625 1613 3702 cardi-

291 3755 447 3846 nalibus,
478 3778 579 3831 more
609 3765 799 3832 consueto.
833 3755 1092 3830 Baldacbinum
1126 3757 1317 3853 portarunt
1347 3776 1456 3849 super
1491 3757 1613 3850 Papam
1648 3807 1656 3818 .

290 3879 473 3976 digniores
505 3888 666 3957 oratores
696 3889 732 3955 et
764 3881 823 3955 alii
858 3881 941 3956 laici
970 3881 1104 3958 ibidem
1131 3883 1339 3958 existentes.
1368 3885 1544 3958 Pervento
1574 3875 1613 3952 ad

288 4004 410 4078 locum
422 4006 697 4098 benedictionis,
713 4005 912 4081 cardinales
928 4030 1055 4082 omnes
1070 4009 1234 4084 lecerunt
1253 4007 1492 4084 reverentiam
1509 4011 1611 4102 Papa,

289 4131 371 4228 quia
387 4131 423 4205 in
439 4133 550 4207 missa
561 4133 801 4208 reverentiam
812 4157 885 4208 non
901 4132 1083 4225 lecerunt;
1098 4160 1168 4232 qua
1179 4135 1285 4226 lacta,
1297 4139 1394 4234 Papa
1405 4133 1509 4208 vertit
1522 4155 1558 4205 se
1573 4127 1612 4202 ad

289 4257 463 4354 populum
479 4267 514 4334 et
529 4259 596 4333 fuit
609 4259 705 4332 lecta
720 4265 756 4334 et
774 4259 1010 4357 pronunciata
1029 4261 1126 4336 bulla
1145 4261 1386 4336 anathematis
1403 4259 1564 4334 videlicet
1581 4255 1614 4326 in

290 4379 402 4454 latino
426 4405 492 4478 per
513 4384 557 4454 D.
576 4382 835 4482 Hieronymum
851 4386 1087 4483 Calagranum
1108 4387 1368 4462 subdiaconum
1388 4383 1614 4484 apostolicum

150 4515 153 4522 '
292 4508 435 4582 detecto
461 4508 577 4607 capite
615 4515 769 4584 stantem
795 4512 979 4608 usquead
1006 4513 1130 4603 finem,
1155 4520 1192 4588 et
1222 4513 1393 4588 idiomate
1417 4511 1533 4585 italico
1555 4527 1614 4604 per

294 4638 436 4708 Rmum.
468 4637 511 4707 D.
537 4635 742 4710 iohannem
770 4637 990 4712 cardinalem
1017 4639 1061 4714 de
1083 4639 1268 4713 Columna.
1296 4637 1443 4712 lnterim
1468 4641 1559 4733 Papa
1582 4635 1614 4702 el

294 4781 419 4833 omnes
435 4759 635 4835 cardinales
650 4762 823 4836 tenebant
834 4769 869 4836 et
883 4763 1012 4861 prelati
1025 4789 1108 4838 suas
1123 4765 1293 4840 candelas
1304 4765 1474 4838 ardentes
1489 4762 1524 4834 in
1541 4781 1614 4832 ma-

215 4933 216 4939 1
256 4867 259 4872 ⁵
292 4883 411 4976 nibus,
427 4890 475 4974 et,
489 4885 590 4959 finita
603 4886 760 4961 lectione
776 4888 884 4981 bulle,
904 4913 1031 4964 omnes
1046 4892 1280 4989 projecerunt
1295 4914 1356 4964 eas
1373 4888 1519 4987 populo.
1531 4887 1613 4958 'lun

290 5009 455 5106 deposito
478 5035 543 5106 per
561 5011 733 5087 torrerios
760 5020 843 5088 ante
870 5019 1005 5113 Papam
1030 5042 1149 5114 panno
1176 5042 1239 5092 seu
1260 5017 1332 5092 tela
1348 5015 1453 5113 nigra
1477 5013 1613 5113 pallium

289 5137 536 5234 cooperiente,
563 5141 659 5237 Papa
683 5163 727 5214 ex
751 5139 844 5215 libro
868 5141 955 5238 legit
979 5143 1271 5220 benedictionem
1296 5142 1496 5218 solemnem
1519 5159 1612 5212 more
