3436 6038
303 451 356 509 170
756 451 932 510 JOHANNtS
956 449 1178 520 nunculiam,
1397 453 1540 518 [Decembre
1549 460 1605 524 tta}

303 603 413 678 trater
435 605 608 680 defuncti.
632 605 800 679 Olticium
829 605 873 679 de
898 605 1067 680 mandato
1096 605 1333 681 cardinalium
1356 606 1532 704 inceptum
1556 608 1607 681 tuit

303 735 497 827 antequam
510 753 595 805 cera
608 731 855 805 distribuenda
869 731 1025 806 venisset
1040 754 1122 805 curm
1133 755 1203 829 qua
1218 729 1608 830 etiamferautintorticia

224 863 227 870 “
306 855 429 929 omnia
443 879 512 952 que
526 857 621 932 venit
636 864 716 955 pust
733 857 866 930 dictam
882 857 1085 956 epistolam,
1104 863 1140 932 et
1156 863 1241 931 tunc
1258 881 1414 931 accensa
1428 855 1559 930 tuemut
1571 858 1611 932 ia

306 981 447 1055 torticia
462 987 497 1055 et
512 981 629 1079 posita
644 983 679 1055 in
694 981 785 1056 locis
799 982 986 1072 ordinatis,
997 983 1095 1056 circa
1109 983 1324 1058 catalectum
1338 1011 1345 1056 :
1359 982 1476 1081 posita
1488 981 1611 1056 luerunt

302 1107 486 1182 intorticia
499 1106 621 1205 viginti
637 1108 719 1198 tria,
738 1109 835 1183 circa
854 1109 1088 1207 sepulturam,
1107 1109 1196 1198 duo;
1215 1132 1280 1206 pro
1296 1108 1495 1182 elevatione
1513 1131 1612 1181 sacra-

304 1233 430 1323 menti,
461 1239 562 1324 oct03
593 1255 660 1331 pro
693 1235 898 1308 celebrante
930 1239 1055 1309 orante
1086 1239 1121 1307 et
1161 1231 1414 1322 cardinalibus,
1452 1229 1611 1328 quiuque;

302 1356 422 1430 omnia
441 1363 596 1454 quatuor
621 1357 794 1433 librarum
816 1359 1013 1456 quodlibet.
1040 1358 1170 1433 Facula
1193 1357 1345 1431 duarum
1366 1356 1538 1430 librarum
1561 1381 1613 1454 pro
1701 1358 1710 1437 t

305 1481 457 1556 funestis
471 1487 506 1558 et
524 1483 684 1580 prelatis,
704 1489 848 1555 centum
867 1482 1147 1579 quinquaginta3
1170 1480 1277 1554 unius
1300 1479 1390 1553 libre
1405 1503 1472 1577 pro
1490 1481 1615 1553 cubicu·
1702 1474 1707 1555 ἷ

304 1605 416 1698 laniis,
442 1613 623 1698 trecente;
647 1607 765 1681 medie
787 1606 876 1681 libre
900 1629 967 1703 pru
990 1605 1215 1696 officialibus,
1240 1611 1414 1694 trecente,
1444 1611 1481 1678 et
1506 1628 1614 1702 quan·

301 1732 426 1830 plnres
462 1734 569 1806 trium
603 1735 802 1810 unciarum.
827 1737 870 1808 Et
899 1733 1135 1808 servientibus
1168 1753 1353 1806 armorum
1383 1731 1467 1805 data
1492 1731 1616 1804 luerunt
1714 1781 1715 1794 .

305 1859 414 1932 etiam
450 1858 522 1933 duo
548 1860 728 1934 intorticia
760 1883 824 1957 pro
859 1883 985 1934 eorum
1015 1857 1153 1956 capella
1180 1865 1303 1955 pretor
1331 1856 1464 1930 bonam
1480 1879 1618 1930 consue·
1701 1898 1708 1929 ι

308 1982 483 2076 tudinem,
501 1986 584 2082 quia
600 1985 638 2058 iu
653 1985 814 2082 exequiis
829 1983 1049 2083 prelatorum
1065 1983 1141 2057 dari
1156 2005 1229 2056 uon
1245 1983 1391 2057 debent.

350 2109 538 2185 [lominica
564 2117 690 2208 quarta
713 2111 898 2200 adventus,
927 2115 969 2182 18
995 2107 1224 2200 decembris,¹
1241 2111 1283 2180 R.
1312 2110 1350 2180 P.
1376 2109 1419 2179 D.
1449 2105 1620 2180 lohannes
1715 2145 1716 2188 f

302 2236 491 2334 episcopus
508 2236 709 2311 Nucerinus
725 2237 917 2312 celebravit
936 2237 1083 2310 missam
1103 2234 1285 2332 publicam
1301 2234 1338 2306 iu
1353 2233 1494 2332 capella
1507 2255 1621 2328 supra·

300 2361 408 2450 dicta,
427 2364 524 2460 Papa
538 2367 720 2460 presente,
733 2363 769 2436 in
785 2363 914 2460 quade
930 2362 1100 2436 mandato
1114 2359 1325 2435 sanctitatis
1342 2383 1407 2434 sue
1416 2359 1500 2433 dedi
1512 2359 1621 2433 locum

304 2487 397 2560 inter
422 2487 612 2584 episcopas
651 2490 860 2563 assistentes
892 2493 933 2560 R.
971 2491 1010 2561 P.
1039 2491 1081 2560 b.
1113 2487 1251 2560 Thome
1278 2485 1450 2583 episcopo
1475 2485 1624 2562 Dolensi.

304 2615 519 2686 Sermonem
540 2612 623 2686 iecit
645 2619 858 2711 procurator
881 2613 1016 2687 ordinis
1039 2611 1319 2686 carmelitarum.
1345 2609 1426 2684 ntia
1450 2609 1626 2684 observata
1716 2647 1717 2694 ι

302 2741 385 2808 suut
400 2757 505 2810 more
522 2737 639 2810 solito.

349 2861 596 2958 Feriaquinta,
612 2866 657 2934 22
670 2861 756 2935 dieti
772 2861 906 2936 mensis
920 2862 1137 2957 decembris,
1149 2865 1248 2939 cirea
1263 2861 1393 2935 boram
1408 2859 1624 2958 vigesimam.

300 2985 387 3060 obiit
406 2991 446 3059 R.
463 2991 504 3060 P.
522 2989 565 3060 u.
592 2987 776 3060 lohannes
791 2987 891 3084 prior
905 2989 998 3061 sacri
1014 2989 1134 3086 palatii
1159 2989 1350 3087 apostolici
1377 2994 1412 3060 et
1435 2987 1534 3061 curie
1554 3009 1627 3060 cau·

305 3136 425 3185 sarum
453 3135 595 3186 camere
635 3112 832 3210 apostolice
855 3113 996 3187 auditor
1024 3116 1217 3212 generalis,
1256 3113 1453 3188 canonieus
1481 3109 1626 3187 ecclesie

302 3237 406 3312 beate
421 3239 532 3312 ittarie
546 3239 694 3334 majoris
718 3239 763 3312 de
789 3238 884 3312 Urbe
898 3237 957 3335 qui
983 3240 1112 3314 eodem
1127 3263 1224 3332 sero,
1240 3239 1378 3336 absque
1390 3259 1538 3336 pompa,
1551 3259 1627 3335 por·

303 3369 398 3435 tatus
423 3363 491 3436 tuit
521 3364 558 3436 iu
584 3371 691 3439 nocte
712 3363 758 3437 ad
784 3363 918 3437 dictam
945 3365 1137 3440 ecclesiam
1165 3365 1272 3440 beate
1296 3363 1409 3438 biarie
1437 3362 1584 3460 majoris
1598 3367 1628 3434 et

302 3485 435 3560 ibidem
457 3488 628 3585 sepultus.
653 3487 824 3585 Sequenti
845 3488 918 3579 die,
936 3497 1182 3565 convenerunt
1198 3490 1236 3562 in
1256 3490 1365 3563 domo
1379 3511 1444 3561 sua
1456 3487 1627 3562 auditores

308 3620 343 3686 et
371 3614 498 3709 prelati
523 3637 564 3687 ac
597 3613 732 3688 familie
760 3613 1010 3706 cardinalium,
1040 3615 1198 3712 religiosi
1236 3619 1435 3687 conventus
1471 3609 1625 3710 predicti.

302 3739 352 3810 Ex
365 3761 435 3810 una
448 3745 612 3836 portatus
627 3739 693 3813 suit
713 3739 908 3814 catalectus
924 3741 997 3816 sive
1013 3740 1185 3815 teretrum
1211 3765 1255 3815 ea
1275 3739 1522 3826 solemnitate,
1539 3761 1579 3811 ac
1603 3736 1626 3807 si

305 3863 457 3936 cadaver
486 3863 534 3936 ibi
564 3871 673 3953 esset,
716 3871 752 3939 et
786 3865 830 3938 ab
860 3887 904 3938 aa
933 3866 1042 3940 domo
1072 3889 1186 3963 usque
1215 3865 1417 3938 addictam
1445 3863 1626 3937 ecclesian

300 3989 442 4086 publice
479 4013 520 4063 ac
548 3989 750 4065 honorifice
786 3990 1019 4083 associatum,
1064 3993 1168 4088 cujus
1197 3992 1326 4065 anima
1360 3989 1564 4087 requiescat
1595 3987 1624 4060 iu

299 4135 405 4210 pace.

351 4237 455 4312 Faria
470 4245 583 4328 sexta,
602 4243 647 4312 23
664 4240 827 4336 ejusdem
840 4240 977 4315 mensis
993 4241 1212 4332 decembris,
1230 4244 1294 4315 SS.
1314 4243 1356 4313 D.
1375 4241 1418 4313 N.
1436 4239 1473 4312 iu
1489 4261 1623 4312 camera

303 4385 369 4435 sua
389 4369 541 4452 secreta,
563 4363 598 4434 in
619 4363 753 4458 palatio
773 4387 839 4438 suo
860 4366 1057 4462 apostolico
1078 4366 1174 4464 apud
1194 4391 1223 4438 s.
1247 4369 1408 4454 Petrum,
1428 4361 1622 4461 subrogavit

302 4486 338 4559 in
364 4486 485 4561 officio
508 4489 607 4561 curie
633 4511 776 4564 camere
800 4491 997 4587 apostolice
1020 4495 1062 4568 R.
1087 4496 1125 4566 P.
1148 4495 1191 4566 l).
1213 4495 1359 4566 Petrum
1379 4491 1424 4564 de
1442 4489 1622 4568 Vincentia

304 4615 489 4711 utriusque
500 4616 589 4712 juris
605 4617 805 4707 doctorem,
825 4619 1036 4693 advocatum
1050 4619 1337 4693 consistorialem
1355 4641 1479 4694 coram
1499 4616 1622 4694 Sancti-

312 4745 382 4811 tate
407 4763 472 4812 sua
496 4742 726 4837 genuflexum
749 4767 814 4841 per
834 4744 1103 4842 impositionem
1130 4744 1262 4842 caputii
1283 4745 1378 4840 quod
1404 4745 1579 4819 Sanctitas
1592 4740 1621 4812 in

313 4871 554 4938 transuersum
570 4867 663 4941 eollo
679 4869 763 4942 huic
778 4869 947 4966 imposuit
964 4893 1005 4943 ac
1022 4871 1053 4944 ei
1066 4871 1243 4967 justitiam
1258 4869 1535 4960 commendauit,
1551 4889 1623 4966 pre·

307 4987 469 5062 sentibus
485 4990 617 5064 ibidem
634 4994 777 5066 RRmis.
801 4997 876 5068 bu.
895 4995 1136 5070 cardinalibus
1152 5020 1182 5068 s.
1201 4996 1296 5070 Petri
1312 4997 1357 5070 ad
1374 4995 1525 5076 Vincula
1538 4999 1572 5068 et
1584 4991 1622 5062 de

314 5113 499 5204 Columna,
518 5119 593 5190 uu.
613 5120 804 5194 Laurentio
821 5119 907 5194 Cibo
924 5119 1210 5220 archiepiscopo,
1229 5120 1346 5195 electo
1366 5125 1621 5202 Beneventano,
