3578 6032
664 468 877 526 arentolen.
1385 473 1435 528 541

105 626 262 696 rumdam
279 622 475 687 furibundas
495 625 624 684 mentes
645 621 729 683 adeo
756 620 889 696 inuasit,
911 625 950 684 ut
969 638 1030 684 nec
1047 623 1217 701 quiescere
1239 623 1358 700 sciunt,
1373 640 1435 686 nec

101 725 189 786 alios
204 725 449 801 inpacatoesse
469 719 673 798 permittunt.
697 718 730 780 Sl
749 733 814 796 pax
833 735 934 798 quarn
958 718 1092 796 suades,
1114 720 1167 783 his
1189 719 1434 784 conditionibus

104 821 256 884 imitatur
279 833 363 898 quas
384 816 537 895 amplecti
553 817 659 892 liceat,
684 816 712 878 si
732 819 823 877 tutus
842 816 952 879 aditus
971 821 1094 896 pateat,
1117 817 1234 881 foedus
1258 819 1439 897 expetitum

104 937 175 982 non
191 915 474 998 paruipendimus.
500 915 564 976 Res
583 917 634 974 est
657 913 778 993 quippe
797 931 861 994 que
881 915 1012 994 publico
1030 917 1168 980 comodo
1190 917 1351 981 conducit.
1372 920 1438 980 Nec

104 1018 206 1080 nobis
230 1020 356 1078 ceteros
377 1029 565 1092 proponas;
591 1013 822 1091 unusquisque
846 1013 1038 1094 aggreditur
1059 1014 1151 1093 quod
1167 1016 1230 1078 sibi
1252 1017 1436 1094 propicium

104 1117 296 1178 arbitratur.
322 1113 388 1176 Nec
411 1111 498 1174 enim
518 1110 600 1172 deus
618 1126 680 1172 nec
699 1115 817 1172 natura
838 1111 921 1190 ipsa,
942 1129 1003 1174 nec
1023 1111 1174 1174 homines
1192 1119 1351 1192 expetunt
1371 1114 1436 1175 nisi

106 1213 200 1294 quod
213 1213 356 1274 humana
370 1209 599 1272 subministrat
609 1207 748 1270 facultas
761 1227 768 1268 :
783 1209 868 1272 ultra
884 1210 974 1289 quod
986 1210 1131 1274 humano
1146 1213 1280 1292 ingenio
1291 1215 1337 1276 nil
1347 1215 1435 1276 relic-

106 1319 182 1374 tum
197 1315 298 1390 patet.
316 1309 406 1370 Vale.
432 1309 518 1370 Dum
541 1306 636 1368 litere
663 1306 703 1368 de
725 1306 939 1386 percutiendo
963 1307 1096 1372 foedere
1119 1311 1338 1386 missitantur,
1355 1327 1438 1373 nun-

110 1410 304 1486 ciorumque
327 1405 511 1485 frequentia
537 1405 624 1466 ultro
647 1405 795 1484 citroque
815 1405 997 1480 intercedit,
1021 1409 1183 1470 exercitus
1208 1408 1441 1471 dissidentium
1481 1447 1491 1461 =

75 1506 251 1569 ’fratrum
275 1506 308 1566 in
330 1505 399 1565 asia
424 1503 576 1564 militant.
602 1505 748 1584 Zyzymy
769 1519 902 1582 quoque
925 1503 1050 1566 viribus
1071 1503 1217 1584 inferior,
1236 1507 1312 1569 Asia
1336 1507 1439 1570 disce-

112 1604 198 1666 dens
221 1602 265 1664 ad
292 1601 434 1663 Rhodios
467 1600 529 1661 sub
550 1599 584 1662 id
607 1603 740 1678 tempus
764 1599 921 1681 confugit.
948 1603 1103 1680 Bagyazit
1126 1609 1237 1666 autem
1263 1605 1303 1666 de
1327 1603 1439 1666 fratris

112 1699 267 1782 profugio
288 1699 435 1760 solicitus
452 1697 614 1760 :nuncios
633 1701 666 1759 et
686 1697 798 1760 literas
813 1715 953 1778 propere
974 1697 1017 1760 ad
1041 1699 1174 1762 ditionis
1189 1700 1312 1763 limites
1327 1702 1436 1764 mittit.

113 1795 199 1862 Licle
210 1803 322 1860 autem
337 1813 451 1876 preses
466 1795 625 1858 cauilloso
640 1795 775 1877 ingenio
795 1797 855 1871 vir,
876 1797 1052 1858 submissis
1068 1798 1269 1876 quibusdam
1284 1817 1324 1862 ex
1339 1800 1439 1879 vulgo

112 1895 271 1968 asiaticis,
295 1900 446 1959 accurate
467 1898 678 1973 percontatur
700 1894 728 1955 si
755 1898 898 1976 Zyzymy
918 1895 962 1958 ad
987 1896 1130 1960 Rhodios
1157 1897 1347 1980 prefugerit.
1375 1898 1436 1960 Ubi

116 1999 230 2058 autem
246 1993 350 2056 Rhodi
364 2010 439 2054 eum
451 1993 575 2056 versari
590 1993 726 2072 accepit,
746 2009 816 2054 rem
831 1993 986 2072 Bagyazit
1003 1993 1173 2056 celerrimo
1188 1995 1293 2073 aperit
1307 1997 1439 2070 nunciO,

115 2094 173 2172 qui
198 2093 312 2154 literas
342 2106 481 2168 propere
502 2089 544 2152 ad
564 2095 717 2152 nostrum
740 2091 920 2169 principem
945 2090 1054 2165 dedit;
1079 2091 1203 2155 Presidi
1225 2093 1388 2156 mandans
1404 2096 1440 2154 ut

115 2207 176 2270 pro
189 2189 348 2269 temporis
363 2188 520 2267 qualitate
534 2187 585 2250 his
599 2193 721 2250 utatur.
739 2189 841 2252 bitere
848 2206 920 2250 rum
935 2194 1047 2252 autem
1064 2189 1226 2252 sententia
1243 2190 1303 2252 hec
1318 2195 1379 2253 est.

119 2403 132 2432 ι
148 2379 298 2457 Epistola
310 2379 493 2438 thurcorum
505 2379 599 2456 Rapis
617 2376 660 2439 ad
672 2380 868 2459 propib-um,
889 2387 924 2440 at
939 2378 1087 2440 citabant
1099 2379 1196 2455 fldem
1210 2381 1294 2442 Licie
1303 2381 1440 2457 presidi.

160 2567 173 2597 ‹
203 2545 382 2622 imperator
396 2541 551 2622 Bagyazit
565 2540 652 2602 Cban
669 2539 712 2618 (id
727 2543 778 2602 est
793 2539 957 2601 maximus
972 2539 1201 2622 maximorum)
1218 2541 1330 2604 Grecie
1344 2547 1444 2621 atque

117 2642 188 2704 asie
206 2643 272 2704 Rex
291 2642 433 2703 inuictus
453 2637 713 2703 :colendissimo
733 2654 771 2700 ac
789 2637 1083 2716 precellentissimo
1098 2639 1234 2718 principi
1248 2641 1341 2702 Petro
1357 2642 1445 2702 Dau-

119 2742 248 2803 busson
267 2741 467 2804 Rhodiorum
490 2739 648 2819 magistro
675 2739 707 2800 S.
728 2739 762 2799 P.
786 2739 823 2798 l).
841 2736 965 2799 Presidi
977 2739 1034 2816 qui
1052 2753 1125 2800 mea
1144 2737 1214 2800 vice
1228 2737 1335 2800 liciam
1349 2741 1445 2820 regit,

119 2839 265 2917 quedam
280 2839 402 2902 credidi
416 2838 477 2900 tibi
490 2836 703 2916 exponenda;
726 2836 783 2916 qui
798 2841 831 2898 et
845 2840 991 2898 mentem
1013 2835 1157 2914 profecto
1177 2835 1309 2916 deteget
1322 2855 1442 2914 meam,

121 2937 162 3000 da
178 2939 289 3017 itaque
304 2937 405 3000 fidem
426 2957 433 2998 ε
460 2953 520 2998 nec
542 2937 639 2998 aliter
652 2936 753 2998 verba
768 2935 885 2998 audies
900 2952 998 3015 quarn
1014 2936 1041 2997 si
1058 2951 1110 2997 me
1127 2952 1237 2997 coram
1255 2935 1445 3015 loquentem

119 3035 288 3116 intelligas
301 3037 399 3098 velim
417 3055 424 3096 :
439 3051 480 3098 ex
492 3034 607 3096 intimo
623 3049 767 3112 namque
780 3034 896 3096 affectu
906 3038 1051 3096 manant.
1062 3033 1222 3113 Quicquid
1237 3039 1323 3096 certe
1337 3039 1443 3096 tecum

119 3136 301 3214 pepegerit,
327 3138 459 3215 gratum
483 3133 561 3194 mihi
583 3132 653 3196 fore
677 3136 788 3195 teneto
812 3133 896 3195 vale.
929 3133 1011 3195 licie
1035 3149 1149 3212 preses
1170 3133 1298 3213 (callida
1320 3132 1442 3212 mente)

119 3233 295 3310 epistolam
310 3248 376 3294 non
388 3231 495 3294 reddit
513 3251 520 3292 ι
536 3248 613 3294 nam
628 3231 758 3311 legatos
773 3231 965 3309 propediem
983 3237 1141 3293 venturos
1164 3231 1351 3292 coniectans
1365 3247 1444 3309 ope-

118 3331 215 3408 ritur,
232 3347 374 3410 quorum
388 3327 624 3409 profectionem
639 3345 681 3390 ne
697 3327 884 3407 prepediret
899 3346 907 3389 :
924 3329 1037 3390 literas
1051 3327 1094 3390 ad
1109 3334 1240 3406 tempus
1255 3327 1405 3390 occultat.

234 3552 247 3584 ι
271 3527 463 3592 Rhodiorum
478 3525 573 3607 Icpoti
586 3528 622 3588 in
634 3525 735 3586 osiam
752 3525 928 3603 troircrimi,
944 3527 989 3588 od
996 3544 1111 3606 pacem
1125 3527 1336 3590 tractandam.

162 3699 176 3729 ι
194 3676 253 3736 Per
265 3674 430 3753 idtempus
443 3673 598 3753 legantur
612 3670 644 3732 in
659 3669 764 3732 asiam
779 3671 857 3732 clari
869 3671 1008 3750 equites,
1024 3672 1131 3734 Guido
1146 3671 1396 3734 montarnaldus
1413 3675 1445 3734 et

119 3771 299 3836 leonardus
315 3777 441 3850 pratus,
468 3769 580 3850 quide
596 3786 675 3848 pace
696 3773 844 3832 tractent.
866 3770 1055 3832 illaudatum
1079 3775 1130 3832 est
1146 3770 1265 3850 legatis
1288 3773 1324 3831 ut
1348 3784 1446 3832 omne

121 3871 291 3951 vectigalis
318 3885 426 3951 genus
453 3867 622 3942 reficiant3
646 3883 707 3928 nec
730 3867 951 3946 ignominiose
972 3869 1114 3947 pactioni
1136 3867 1254 3949 (ordini
1277 3867 1447 3930 hierosoli-

121 3970 247 4032 mitano
260 3984 327 4031 non
337 3968 476 4046 decenti)
492 3967 690 4030 assenciunt.
713 3967 820 4044 Turpe
836 3983 980 4045 namque
997 3973 1030 4029 ei
1046 3968 1237 4029 indecorum
1257 3971 1308 4028 est
1322 3967 1378 4044 qui
1390 3983 1448 4043 pro

122 4067 189 4130 fide
204 4067 346 4129 militant
364 4066 528 4128 incelebre
552 4071 684 4144 pactum
704 4083 778 4128 cum
795 4065 1003 4127 mahumeteo
1026 4065 1120 4126 inire.
1141 4067 1212 4140 Quo
1227 4063 1280 4126 die
1300 4064 1447 4127 althodo

125 4170 271 4246 Zyzymy
293 4164 434 4226 decessit
455 4163 498 4224 etl
521 4163 639 4243 gellias
667 4164 908 4243 transmigrans
930 4181 937 4222 ε
962 4161 1061 4241 legati
1081 4163 1271 4224 rhodiorum
1288 4161 1322 4222 in
1341 4161 1447 4222 liciam

124 4264 298 4326 traiiciunt.
320 4263 488 4326 Prouincie
513 4279 628 4340 preses
647 4263 711 4342 (vir
731 4261 865 4342 quidem
888 4260 987 4322 fallax
1007 4263 1039 4321 et
1062 4258 1205 4339 astutus)
1227 4259 1382 4340 Bagyazit
1405 4259 1447 4320 ad

124 4363 262 4426 modum
284 4360 452 4424 familiaris
475 4360 642 4442 fidusque,
663 4362 729 4423 leta
751 4360 913 4438 hilarique
931 4356 1013 4420 facie
1042 4361 1189 4420 oratores
1211 4356 1340 4434 excipit,
1361 4371 1445 4433 quos

124 4465 219 4522 caute
244 4463 468 4537 percontatur,
495 4464 527 4522 et
551 4459 666 4524 fallere
694 4459 894 4538 ambagibus
924 4457 1062 4519 niltitur.
1096 4455 1225 4533 Expetii
1246 4469 1448 4534 magnopere

123 4557 356 4622 mandatorum
385 4573 551 4620 summam
577 4563 610 4620 et
634 4561 779 4638 Zyzymy
802 4571 999 4633 progressus
1021 4553 1204 4634 intelligere
1227 4551 1352 4630 :legati
1375 4567 1449 4612 vero

124 4655 306 4733 prudentes
328 4659 359 4717 et
381 4671 503 4735 graues
524 4655 595 4730 viri,
617 4654 714 4718 modo
736 4654 870 4729 blanda,
895 4653 994 4715 modo
1013 4653 1175 4714 minancia
1190 4650 1291 4714 verba
1312 4647 1452 4728 presidis

124 4752 412 4831 floccipendentes,
444 4754 554 4816 sobrie
573 4753 796 4832 respondent3
821 4767 882 4814 nec
903 4751 1062 4831 detegunt
1076 4767 1140 4830 que
1162 4749 1336 4812 commissa
1360 4751 1447 4810 sunt.

125 4853 346 4934 Periitigitur
368 4852 509 4932 presidis
525 4851 651 4914 fallacia
679 4867 744 4928 que
763 4854 930 4912 oratorum
950 4849 1121 4928 perspicax
1143 4848 1313 4928 ingenium
1334 4845 1448 4908 fallere

123 4953 250 5031 nequit,
266 4951 377 5030 plures
400 4951 471 5013 dies
493 4950 582 5028 apud
600 4967 675 5012 eum
698 4950 749 5010 his
769 4950 877 5010 causis
905 4949 1022 5009 morati
1040 4967 1047 5008 :
1065 4947 1196 5008 tandem
1219 4961 1293 5006 cum
1308 4942 1448 5022 presidis

124 5051 234 5130 gracia
252 5049 362 5129 (quem
377 5050 519 5112 arduum
534 5049 668 5129 quidem
686 5050 861 5128 negocium
882 5047 1057 5127 legationis
1072 5047 1124 5108 ius
1141 5045 1295 5124 principis
1310 5041 1449 5105 formido

124 5149 320 5225 inoleuerat,
337 5153 535 5228 temperarat
550 5147 694 5228 quoque)
717 5147 789 5212 licia
804 5145 987 5223 discedunt,
1009 5161 1047 5208 ac
1061 5145 1149 5226 regis
1164 5141 1310 5206 tribunal
1322 5144 1449 5218 petunt.
