3436 6038
352 419 402 472 roz
802 417 978 476 lOHANNlS
1002 417 1225 484 BUHCHARDI,
1512 423 1582 488 [durs
1596 425 1649 488 vtes

347 571 496 660 Exinde,
513 571 654 669 pluviali
668 571 828 662 indutus,
846 572 1059 670 genuflexus
1077 572 1123 646 ad
1142 571 1325 646 sinistram
1345 577 1442 673 Papa
1462 599 1470 648 :
1488 575 1571 650 dixit
1583 601 1648 652 cum

346 722 394 774 eo
423 695 582 795 psalmos
605 696 787 796 predictos
809 697 914 795 juxta
936 721 1094 771 murum.
1121 701 1218 772 luter
1241 699 1446 774 credentias
1471 701 1607 776 sacriste
1624 711 1651 777 ct

352 828 448 922 Pape
469 822 587 921 posita
608 822 755 896 luerunt
775 822 846 896 duo
867 823 1025 898 scabella
1044 847 1154 922 super
1177 823 1308 921 quibus
1332 825 1506 900 sederunt
1526 828 1650 924 predicti

346 949 418 1024 duo
434 948 634 1024 cardinales
652 972 764 1046 usque
784 949 829 1022 ad
844 949 1064 1046 completum
1077 948 1238 1023 osticium
1248 973 1256 1038 ;
1268 949 1412 1026 interim
1427 951 1651 1026 ctiamconse·

345 1075 468 1150 eraudi
488 1077 591 1174 juxta
616 1075 728 1150 altare
751 1099 878 1150 eorum
899 1082 1119 1173 occeperunt
1139 1075 1299 1150 sandalia
1320 1083 1358 1150 ct
1375 1076 1447 1151 alia
1466 1085 1651 1175 paramenta

344 1201 507 1274 diceutes
532 1201 693 1298 psalmos
717 1226 725 1274 :
747 1199 863 1287 Oetam
879 1201 1016 1290 dilecto,
1034 1213 1115 1291 ete,
1134 1209 1170 1276 et
1185 1203 1254 1276 slis
1267 1226 1374 1278 more
1394 1213 1582 1279 consueto.

393 1325 612 1401 desistentes
636 1329 732 1424 Papa
759 1347 825 1424 pro
847 1327 1121 1401 consecratione
1147 1332 1184 1400 et
1210 1327 1325 1402 dictos
1354 1327 1524 1404 dominos
1547 1353 1651 1404 couse-

344 1453 498 1528 crandos
515 1449 736 1526 associantes
754 1449 900 1525 luerunt
919 1456 992 1524 RB.
1017 1455 1085 1525 PP.
1108 1455 1184 1525 DI).
1205 1453 1394 1527 Ardicinus
1420 1453 1609 1528 Aleriensis
1626 1461 1652 1527 et

343 1577 568 1652 Antonianos
599 1575 784 1650 Auriensis
818 1576 991 1674 episcopi.
1020 1577 1075 1650 Ad
1101 1577 1246 1652 mitram
1272 1582 1368 1677 Pape
1400 1578 1545 1654 servivit
1567 1584 1603 1652 lt.
1623 1583 1650 1652 P.

344 1707 388 1777 1).
421 1701 622 1778 Ludovicus
653 1699 846 1798 spiscopus
876 1699 1158 1797 Coputaqueusis
1182 1700 1325 1798 pluviali
1355 1726 1464 1799 snper
1487 1701 1653 1776 rochetuu

343 1834 489 1928 paratus
520 1826 580 1925 qui
610 1825 755 1902 mitram
782 1828 877 1924 Papa
899 1825 1070 1923 imposuit
1095 1832 1133 1900 at
1161 1825 1328 1924 deposuit
1353 1835 1517 1926 tempore
1550 1850 1655 1926 oppor-

345 1961 433 2029 tuno
450 1951 510 2053 (t).
538 1953 681 2026 Mitram
702 1958 824 2026 autem
856 1951 973 2049 ipsam
996 1957 1160 2049 tempora
1181 1975 1246 2026 suo
1265 1952 1381 2027 tenuit
1395 1957 1441 2026 D.
1459 1956 1566 2050 Hugo
1587 1957 1656 2026 Beu-

344 2081 433 2170 cius‚
452 2078 694 2153 subdiaconus
711 2075 934 2174 apostolicus
950 2076 1243 2175 superpellicium
1262 2085 1298 2152 at
1318 2077 1499 2153 tobaleam
1523 2078 1655 2154 sericam

345 2229 446 2280 more
474 2204 579 2279 solito
613 2202 710 2277 circa
736 2202 869 2276 collum
893 2200 1033 2275 habeus
1061 2229 1068 2274 :
1098 2203 1371 2278 convenientius
1401 2211 1524 2278 tamen
1552 2203 1656 2276 luisset

344 2332 442 2430 quod
471 2329 606 2428 aliquid
636 2326 878 2402 cubicularius
908 2326 1161 2424 superpellicio
1180 2327 1326 2404 indutus
1351 2335 1387 2403 et
1402 2329 1588 2426 ¹tobaleam
1606 2329 1657 2401 bu·

343 2453 503 2554 jusmodi
527 2455 669 2530 habens
695 2453 793 2530 circa
814 2453 947 2526 collum
971 2451 1114 2526 mitram
1140 2461 1318 2528 servasset
1343 2458 1453 2552 Paps.
1480 2454 1657 2529 lnduenut

347 2581 505 2656 sandalia
527 2579 737 2655 cubicularii
761 2578 891 2655 secreti
917 2584 953 2653 at
970 2577 1090 2676 ipsu'm
1108 2585 1321 2676 paraverunt
1340 2578 1494 2678 predicti
1510 2583 1553 2654 1).
1573 2583 1657 2675 Hugo

346 2713 383 2782 at
396 2712 437 2782 D.
455 2707 694 2806 Hieronymus
717 2705 948 2802 calamanus,
966 2701 1175 2777 subdiaconi
1191 2704 1392 2802 apostolici.
1416 2705 1517 2779 ldem
1532 2712 1569 2778 et
1587 2703 1652 2799 ipsi,

346 2833 528 2932 completo
545 2834 680 2926 officio,
699 2832 876 2923 exierunt,
894 2835 937 2908 Ι).
954 2830 1105 2906 sacrista
1118 2829 1156 2903 in
1172 2829 1341 2904 omuibus
1357 2830 1563 2928 adjuvante.

396 2964 448 3035 De
470 2961 639 3036 mandato
660 2960 811 3060 predicti
831 2963 875 3034 D.
899 2955 1122 3056 Hieronymi,
1145 2956 1264 3032 nullus
1290 2956 1481 3056 acolythus
1502 2955 1656 3038 interluit,

346 3085 403 3161 cui
433 3085 542 3161 etiam
568 3084 762 3184 plurimum
792 3081 972 3180 displicuit
1000 3080 1133 3154 dictum
1164 3083 1206 3154 D.
1236 3084 1426 3178 Hugonem
1451 3080 1656 3154 interfuisse.

346 3212 495 3288 Dicebat
508 3210 605 3286 euim
620 3211 705 3286 satis
716 3210 761 3285 de
777 3233 864 3298 uno,
881 3207 1046 3282 videlicet
1065 3205 1288 3280 subdiacono
1309 3205 1523 3304 apostolico,
1541 3229 1616 3281 esse
1629 3203 1658 3276 iu

344 3335 551 3434 hujusmodi
573 3335 846 3412 consecratione
880 3355 990 3430 quam
1024 3334 1121 3436 Papa
1150 3337 1291 3406 secrete
1328 3330 1372 3406 de
1402 3331 1477 3404 suis
1507 3329 1656 3405 iaciebat.

346 3464 521 3538 Omnibus
554 3463 702 3562 paratis,
735 3467 798 3538 SS.
831 3464 873 3534 D.
907 3463 950 3533 N.
983 3457 1075 3534 sedit
1103 3455 1140 3530 in
1171 3455 1373 3531 faldistorio
1401 3461 1486 3530 aute
1517 3454 1657 3530 medium

346 3590 467 3664 altaris
483 3615 605 3666 coram
618 3596 874 3687 quovenerunt
888 3587 1039 3686 predicti
1053 3588 1196 3662 Domini
1212 3586 1451 3662 consecrandi
1468 3611 1552 3662 cum
1566 3586 1657 3662 assis-

348 3716 505 3792 tentibus
525 3722 569 3810 ¹et
597 3715 647 3790 illi
677 3695 965 3814 genuflectentes
993 3715 1164 3789 sederunt
1201 3713 1497 3812 superquinque
1523 3710 1658 3788 scabella

347 3863 449 3916 more
465 3847 653 3916 consueto.
668 3844 785 3928 Quum
802 3841 958 3939 primum
971 3862 1097 3914 omues
1113 3839 1305 3928 sedissent,
1324 3845 1500 3913 venerunt
1514 3847 1591 3913 aute
1603 3838 1655 3910 SS.

348 3970 391 4040 D.
423 3969 466 4042 N.
496 3967 601 4042 electi
629 3967 844 4042 Cusentiuus
874 3973 909 4041 ct
943 3968 1218 4040 Beneventanus
1248 3963 1401 4061 predicti
1426 3970 1463 4038 at
1493 3957 1656 4061 genuflexi

347 4115 546 4182 commeo,
573 4095 845 4166 Beneventanus
867 4114 933 4188 pro
954 4091 1099 4188 selegit
1122 4095 1158 4164 et
1183 4089 1219 4163 iu
1242 4089 1386 4164 tertiam
1406 4105 1656 4187 personamus

347 4217 504 4316 prestitit
530 4219 776 4317 jurameutum
805 4215 986 4292 fidelitatis
1016 4220 1111 4314 Pape
1140 4222 1247 4312 prout
1274 4213 1310 4289 in
1333 4214 1462 4300 torma,
1485 4221 1523 4288 et
1548 4209 1656 4287 deinde

348 4342 455 4417 simili
469 4341 577 4417 modo
587 4342 719 4440 juravit
734 4342 949 4418 Cuscntinus
967 4366 975 4415 :
993 4341 1102 4417 credo
1120 4340 1529 4443 tamenconveuientius
1549 4337 1653 4420 luisse,

348 4475 384 4544 et
405 4469 570 4567 prolecto
590 4467 752 4542 debitum
776 4476 811 4544 et
831 4470 967 4566 justum
987 4467 1111 4542 suisset
1130 4466 1227 4564 quod
1250 4464 1424 4540 dixissent
1443 4489 1451 4539 :
1470 4465 1563 4564 Epo,
1586 4473 1653 4544 etc,

349 4593 392 4665 ab
403 4589 469 4666 dac
482 4593 581 4682 doro,
599 4604 675 4682 etc„
693 4603 726 4665 et
741 4591 834 4665 codis
849 4592 960 4666 D.N.
978 4592 1027 4666 D.
1045 4589 1251 4664 Innocentio
1258 4612 1354 4686 pape
1377 4587 1474 4662 VIII
1488 4585 1655 4680 vestrisque

347 4719 615 4808 svccessoribvs,
633 4729 713 4808 etc,
730 4723 766 4792 et
780 4740 853 4792 non
872 4716 909 4790 iu
927 4716 1068 4790 tertiam
1088 4739 1281 4813 porsonam
1301 4721 1407 4814 prout
1422 4717 1459 4790 iu
1475 4717 1582 4790 torma
1595 4733 1652 4805 quc

388 4945 415 5000 1.
445 4966 459 4993 α
474 4942 508 5002 Et
531 4943 605 5002 istud
629 4942 681 5000 luit
695 4941 847 5000 inconsulto
862 4941 962 4998 lactum
980 4957 986 4996 :
1003 4957 1065 4996 nam
1080 4956 1152 4996 unus
1166 4939 1311 5014 presbyter
1327 4938 1475 4996 cardinalis
1490 4937 1592 4994 indutus
1609 4947 1652 4988 non

350 5032 518 5106 planetased
533 5032 641 5106 pluviali
656 5032 773 5091 debebat
788 5031 893 5089 mitram
904 5047 1003 5105 ponere
1018 5037 1046 5088 et
1060 5031 1196 5104 deponere
1209 5036 1237 5088 et
1252 5030 1339 5088 lacere
1350 5029 1471 5087 officium
1481 5023 1651 5086 assistentis.»

350 5123 440 5180 bieme
462 5123 634 5181 observatias
657 5139 711 5197 quc
724 5121 954 5198 precsdcmmsut,
969 5135 1056 5194 peges
1071 5120 1133 5188 186,
1149 5120 1213 5176 tao.
