3508 6034
270 477 323 532 433
729 471 904 528 lDHANNlS
928 470 1149 542 abacelam,
1367 471 1526 536 [Decembre
1539 475 1606 538 itaq

272 627 450 702 Sanctitas
467 649 531 699 sua
545 625 645 698 illum
662 625 827 699 ordinem
851 625 1033 699 observari
1053 625 1157 715 velle,
1181 626 1210 698 si
1231 625 1436 717 interesset,
1462 627 1526 722 qui
1550 649 1608 698 su·

271 751 472 851 periorihus
489 747 592 823 annis
613 749 844 846 pontificatus
867 750 921 822 sui
937 757 1100 847 tempore
1116 751 1182 824 luit
1198 751 1407 825 observatus
1426 775 1434 824 :
1454 749 1554 848 qnod
1572 751 1607 823 in

272 881 383 954 missa
403 881 566 979 predicta
587 877 737 972 singulis
755 878 859 974 juxta
885 875 1049 948 ordinem
1077 877 1242 951 eamdem
1265 878 1462 951 lectionem
1485 876 1606 972 legere

272 1005 487 1080 debentibus
503 1003 677 1092 intimavi,
695 1001 862 1076 videlicet
876 1001 1030 1074 Julranni
1047 999 1091 1073 de
1106 1000 1270 1078 Viterbio
1290 1000 1429 1074 decano
1446 999 1607 1096 acolyto·
1734 1029 1735 1074 v

273 1153 366 1217 rum,
377 1130 549 1226 magistro
567 1128 610 1202 de
623 1125 768 1200 Ubaldis
784 1125 937 1199 auditori
952 1124 1143 1198 cardinalis
1160 1149 1188 1197 s.
1199 1126 1402 1214 Anastasio,
1414 1128 1456 1198 G.
1470 1123 1608 1198 Blando
1734 1181 1735 1244 3

273 1263 308 1330 et
329 1252 649 1356 lohanniGerona
671 1251 811 1324 clericis
834 1273 991 1341 camere,
1018 1255 1057 1324 B.
1088 1248 1323 1338 subdiacono,
1341 1250 1495 1324 Senensi
1520 1255 1606 1323 ets.
1734 1247 1735 1342 J

273 1382 418 1478 Georgii
435 1377 676 1454 cardinalibus
692 1381 787 1473 Papo
801 1376 1065 1451 assistentibus,

320 1505 490 1595 Sabbata,
510 1509 554 1578 tl
572 1481 789 1590 decembrio,
807 1501 928 1597 vigilia
942 1501 1135 1575 nativitatis
1152 1503 1193 1573 D.
1212 1503 1255 1574 N.
1272 1504 1358 1573 lesu
1374 1499 1523 1590 Christi,
1544 1500 1605 1572 SS.
1734 1523 1735 1598 q

273 1635 316 1704 D.
336 1633 377 1704 N.
397 1635 540 1727 paratus
556 1628 592 1700 in
605 1651 750 1702 camera
774 1625 951 1723 papagalli
971 1649 1071 1700 more
1094 1625 1214 1716 solito,
1238 1624 1334 1698 venit
1357 1624 1402 1696 ad
1421 1622 1608 1696 basilicam
1734 1609 1735 1646 ³

274 1778 302 1826 s.
324 1752 433 1836 Petri,
451 1750 691 1824 cardinalibus
711 1773 939 1823 cumeorum
964 1751 1087 1848 cappis
1109 1750 1387 1849 precedentibus
1407 1756 1444 1822 et
1462 1748 1608 1846 prelatis
1734 1763 1735 1796 t

274 1877 383 1952 etiam
400 1877 435 1949 in
452 1875 700 1972 cappisipsum
716 1876 964 1971 sequentibus,
978 1876 1052 1966 ubi,
1069 1877 1185 1950 donec
1199 1882 1322 1966 staret,
1335 1897 1487 1972 vespere
1498 1897 1609 1971 papa·
1734 1859 1735 1894 ³

272 2004 326 2078 les
342 2002 523 2076 solemnes
539 1999 633 2074 dicte
650 2006 743 2074 suut.
764 2003 836 2073 RD.
854 2003 929 2074 DD.
945 2002 1116 2074 Senensis
1127 2002 1339 2110 secundam,
1352 1999 1610 2074 vicecancella-

210 2201 214 2220 ,
274 2130 347 2202 rius
363 2128 574 2202 assistentes
588 2127 745 2217 tertiam,
766 2126 1050 2199 Rechanatensis
1066 2135 1231 2222 quartam
1247 2131 1328 2199 ets.
1349 2125 1497 2222 Georgii
1515 2125 1609 2198 anti-

273 2255 433 2353 phonam
451 2253 612 2350 quintam
634 2251 863 2337 incoharunt‚
881 2251 967 2324 alias
988 2252 1149 2348 pontifex
1168 2273 1269 2325 more
1295 2251 1416 2324 solito.
1447 2250 1538 2324 Dedi
1562 2249 1604 2323 de

274 2379 446 2452 mandato
464 2375 670 2451 Sanctitatis
687 2400 751 2450 sne
762 2377 799 2449 in
810 2375 948 2449 eisdem
964 2377 1121 2473 vesperis
1136 2378 1258 2451 locum
1274 2377 1371 2450 lllus.
1389 2375 1603 2471 Lantgravio
1734 2363 1735 2414 l

275 2503 401 2576 Hessie
422 2503 495 2600 qui,
517 2504 603 2576 luna
628 2506 671 2574 19
694 2502 816 2598 hujus,
846 2505 998 2574 Romam
1025 2502 1119 2575 venit
1139 2501 1174 2574 in
1194 2502 1301 2600 plano
1323 2499 1401 2573 solii
1426 2523 1538 2596 supra
1561 2502 1602 2571 D.

276 2625 512 2698 Franciscum
546 2627 633 2700 Cibo
662 2625 776 2698 filium
803 2613 849 2699 ad
882 2625 1067 2700 dexteram
1099 2627 1194 2723 Pape
1225 2631 1261 2698 et
1288 2628 1378 2698 Sora
1404 2625 1539 2697 ducem
1568 2624 1602 2694 iu

275 2749 406 2822 eodem
417 2751 524 2848 plano
537 2753 581 2824 ad
597 2751 779 2825 sinistram
794 2755 889 2849 Pape
904 2752 947 2825 de
964 2753 1110 2848 speciali
1122 2751 1380 2826 commissione
1394 2748 1598 2823 sanctitatis

276 2897 345 2949 sue
364 2899 373 2948 ε
391 2875 459 2948 alia
471 2875 790 2950 omniaobservata
803 2885 886 2950 sunt
899 2900 1000 2952 more
1013 2877 1133 2951 solito.

324 2999 449 3072 Finitis
470 3003 642 3098 vesperis,
667 3001 794 3076 avisari
817 3005 961 3074 Rmum.
988 3004 1030 3074 D.
1049 3001 1268 3076 cardinalem
1291 3000 1518 3074 Aleriensem
1543 3000 1602 3072 SS.

275 3129 319 3198 D.
339 3133 499 3198 nostrum
516 3132 621 3200 nocte
637 3127 757 3200 lutura
769 3127 815 3200 ad
824 3128 1019 3202 matutinas
1035 3149 1109 3201 non
1121 3135 1313 3201 venturum
1326 3131 1531 3224 propterea,
1549 3146 1606 3197 or-

276 3249 414 3324 dinaret
430 3251 634 3348 capellanos
656 3275 784 3327 novem
809 3253 868 3348 qui
890 3276 956 3350 pro
972 3253 1155 3326 matutinis
1171 3259 1205 3325 et
1218 3252 1335 3348 prima
1349 3253 1460 3324 missa
1476 3250 1541 3324 sibi
1557 3273 1607 3322 as-

277 3375 444 3451 sisterent
458 3385 493 3450 ct
508 3398 608 3449 more
628 3375 733 3448 solito
750 3376 923 3449 servirent
935 3377 1082 3474 ipseque
1095 3400 1228 3451 nonam
1243 3375 1438 3452 lectionem
1453 3385 1489 3450 et
1504 3377 1608 3450 bene-

277 3499 470 3572 dictionem
488 3507 523 3572 et
538 3499 607 3573 alia
620 3525 686 3597 per
698 3523 782 3573 eum
798 3501 951 3575 dicenda
965 3501 1182 3598 provideret.

326 3625 468 3696 Obtinui
482 3624 666 3699 licentiam
686 3625 794 3699 hodie
811 3649 832 3698 a
847 3627 908 3700 SS.
930 3629 972 3699 D.
990 3631 1115 3700 nostro
1132 3651 1203 3699 non
1218 3625 1384 3700 veniendi
1404 3625 1449 3698 ad
1469 3626 1608 3698 matuti-

278 3772 342 3822 nas
361 3757 467 3821 nocte
486 3748 605 3822 lutura
620 3749 684 3822 scd
702 3751 739 3822 in
755 3751 863 3824 domo
887 3751 1123 3848 permanendi
1146 3761 1186 3826 ut
1205 3777 1284 3826 cras
1306 3776 1427 3844 manc,
1453 3757 1530 3828 Deo
1550 3775 1609 3825 vo·

277 3873 388 3962 lente,
404 3895 550 3970 possem
568 3881 639 3948 tres
652 3874 781 3948 missas
797 3875 993 3950 celebrare.

328 4001 367 4071 ln
384 4005 490 4071 nocte
507 3998 684 4095 sequenti,
703 4001 798 4073 circa
812 4001 940 4074 horam
960 4003 1216 4076 matutinarum
1236 4013 1400 4078 octavam
1420 4012 1457 4079 et
1480 4029 1608 4079 nonam

280 4125 332 4200 vel
350 4124 458 4215 circa,
476 4104 619 4223 incepto
631 4129 897 4201 suntmaluline
909 4129 944 4201 in
959 4131 1097 4228 capella
1109 4129 1244 4226 majore
1256 4131 1378 4226 palatii
1391 4154 1502 4227 supra
1514 4131 1608 4214 dicti,

279 4255 375 4347 Papa
390 4249 553 4340 absente,
572 4251 713 4323 thmis.
731 4255 806 4325 DD.
827 4256 1092 4344 Beneventano,
1115 4278 1145 4326 a.
1168 4255 1369 4345 Anastasia,
1395 4255 1562 4346 Senensi,
1581 4279 1608 4326 s.

280 4373 438 4470 Georgii,
457 4373 632 4446 Columna
648 4381 684 4447 et
698 4377 853 4450 Ascanio
864 4377 1109 4452 Cardinalibus
1120 4379 1348 4475 presentibus
1367 4379 1551 4452 :officium
1566 4377 1612 4451 le

279 4499 327 4573 cit
343 4504 466 4574 Dmus.
485 4504 527 4573 D.
554 4502 743 4575 cardinalis
762 4505 959 4578 Aleriensis
971 4506 1008 4577 in
1023 4529 1139 4603 cappa
1154 4529 1217 4579 sua
1233 4507 1270 4578 iu
1291 4505 1489 4579 faldistorio
1503 4527 1611 4604 prope

279 4625 392 4699 altare
417 4627 548 4700 sedens
580 4651 681 4701 more
704 4629 822 4722 solito,
848 4631 923 4728 qui,
949 4631 1094 4730 incepto
1124 4633 1229 4706 tertio
1256 4641 1449 4724 nocturno,
1476 4631 1611 4734 accepit

279 4752 440 4825 sandalia
451 4751 575 4826 dicens
593 4753 710 4840 Quom
725 4753 861 4847 dilecto,
878 4763 964 4846 eto,
983 4757 1071 4830 dixit
1087 4780 1221 4830 nonam
1235 4757 1431 4832 lectionem
1446 4757 1609 4853 adquam

281 4877 470 4952 cardinalis
491 4881 765 4955 Beneventanus
791 4881 823 4955 ei
848 4881 1047 4973 benedixit;
1074 4884 1217 4980 incepto
1238 4908 1303 4981 per
1325 4904 1409 4956 cum
1436 4881 1470 4956 Τ
1466 4907 1485 4955 e
1498 4882 1608 4956 Deum

283 5001 483 5094 laudamus,
501 5006 640 5103 accepit
658 5007 779 5080 omnia
793 5017 1003 5105 paramenta
1017 5009 1239 5106 pontificalia
1251 5033 1318 5107 pro
1334 5009 1446 5082 missa
1458 5017 1508 5098 ct,
1531 5027 1607 5081 curn

286 5127 333 5199 Te
351 5127 469 5200 Deum
493 5129 632 5204 linitum
657 5139 765 5223 esset,
784 5131 953 5206 omuibus
976 5135 1197 5231 paramentis
1222 5157 1336 5232 usque
1362 5133 1406 5206 ad
1431 5133 1605 5230 planetam
