3422 6034
64 476 128 555 pltare
142 470 206 534 tlte]
372 466 498 525 RERUM
522 467 750 530 URBANARUM
774 473 1036 532 COMMENTARH.
1316 481 1368 538 ³41

62 625 196 722 antiquis
212 624 382 698 sederunt
396 623 440 696 ad
455 623 534 696 loca
548 647 624 717 sua,
639 628 800 724 exceptis
811 629 855 702 de
869 633 970 702 Faxo
987 635 1022 702 et
1036 629 1144 703 etiam
1161 653 1189 701 s.
1208 632 1365 728 Georgii,

62 753 108 848 qui
122 757 326 823 manserunt
341 773 423 823 cum
436 749 607 846 pontifice
623 752 659 824 in
674 777 739 826 sua
753 753 969 844 assistentia,
988 759 1221 851 expectantes
1237 756 1365 830 introi-

62 893 120 952 tum
139 877 238 950 Turci
263 877 308 950 ad
330 875 584 950 consistorium
611 885 647 950 el
673 867 766 950 illius
789 878 1058 975 receptionem;
1082 879 1227 952 interim
1253 883 1365 954 Fran-

60 1007 156 1078 ciscus
171 1003 256 1080 Cibo
272 1003 443 1076 exlatere
459 1003 638 1099 pontificis
661 1003 705 1077 de
727 1003 837 1100 ipsius
857 1004 1041 1094 mandato,
1064 1027 1147 1078 cum
1163 1006 1366 1080 oratoribus

57 1132 137 1204 laicis
150 1130 205 1202 int
220 1129 266 1202 ad
281 1128 539 1203 associandum
556 1133 709 1202 Turnum
731 1153 773 1202 ex
785 1130 938 1202 cameris
955 1129 1186 1202 habitationis
1203 1154 1285 1219 sue;
1304 1133 1363 1228 qui

58 1256 97 1328 sie
122 1254 315 1328 associatus
346 1254 506 1328 medinm
540 1255 631 1327 inter
663 1256 892 1328 Franciscum
929 1264 964 1328 et
992 1255 1151 1352 priorem
1182 1256 1363 1346 Alternia,

57 1379 309 1476 precedentibus
340 1379 577 1454 servientibus
606 1389 851 1454 armorum'et
879 1383 1113 1478 sequentibus
1141 1381 1260 1477 ipsum
1284 1385 1364 1458 suis

56 1504 305 1600 quatuordecim
341 1503 576 1578 servitoribus
602 1511 638 1578 et
662 1505 846 1597 militibus,
880 1507 977 1581 venit
1005 1531 1070 1604 per
1102 1508 1358 1583 consistorium

55 1653 154 1702 coram
178 1629 370 1726 pontifice;
403 1637 438 1704 et
463 1630 548 1704 licet
572 1630 753 1706 diceretur
781 1631 899 1728 ipsum
929 1634 1086 1706 Turcum
1121 1635 1360 1708 reverentiam

53 1757 737 1851 pontilicilactu1·um,moreTureorum,
754 1780 863 1830 manu
877 1763 1009 1832 terram
1022 1759 1217 1856 tangendo,
1230 1761 1360 1835 deinde

54 1905 174 1954 nanum
190 1882 450 1972 deosculando,
467 1891 590 1956 tamen
611 1883 695 1956 illud
720 1883 840 1958 lacere
860 1883 1053 1976 recusavit,
1076 1885 1140 1958 sed
1161 1885 1197 1958 in
1210 1886 1357 1960 introitu

52 2005 229 2080 consistorii
245 2009 284 2080 in
300 2009 420 2082 medio
441 2015 577 2083 etanta
602 2009 734 2106 gradus
760 2009 841 2082 solii
863 2011 924 2086 ubi
950 2010 1194 2106 genuflectere
1224 2013 1355 2104 solent,

52 2131 271 2224 genuflectere
287 2131 416 2224 noluit,
439 2131 551 2206 immo
570 2135 674 2231 juxta
694 2141 730 2208 et
746 2135 849 2210 valde
869 2159 996 2234 parum
1016 2143 1122 2233 caput
1142 2145 1356 2235 coopertum

52 2258 185 2350 pontifici
214 2260 410 2350 inclinavit,
443 2259 533 2333 adeo
562 2259 659 2356 quod
688 2261 833 2334 difficile
863 2261 1072 2358 hujusmodi
1090 2262 1275 2338 inclinatio
1296 2287 1357 2339 co·

51 2383 153 2475 gnosci
179 2386 295 2484 potuit
323 2409 387 2458 seu
422 2385 552 2475 videri;
585 2385 747 2460 ascendit
777 2386 823 2460 ad
851 2387 1061 2483 pontificem
1091 2411 1222 2484 quem,
1256 2395 1354 2463 stans

52 2517 179 2599 erectus,
201 2509 388 2606 amplexus
413 2519 468 2584 est
489 2517 526 2584 et
549 2533 658 2607 super
682 2511 869 2584 brachium
890 2513 1079 2586 dexterum
1100 2537 1227 2610 parum
1248 2513 1355 2588 deos·

53 2631 178 2724 culatus,
199 2641 307 2732 caput
330 2659 434 2709 suum
457 2659 601 2732 semper
622 2642 749 2710 tenens
771 2645 997 2734 coopertum.
1020 2641 1096 2724 Quo
1122 2638 1232 2732 lacto,
1255 2645 1354 2714 stans

51 2777 147 2830 coram
162 2761 345 2856 pontifice,
364 2760 413 2833 illi
429 2760 599 2856 explicari
616 2760 701 2834 lecit
718 2785 783 2857 per
802 2757 909 2834 'suum
932 2762 1167 2859 interpretem
1192 2765 1350 2860 gaudere

51 2905 80 2954 se
102 2886 270 2980 pontilicis
307 2884 527 2982 presentiam
557 2883 730 2981 attigisse,
762 2884 952 2980 ipsumque
989 2908 1116 2982 rogare
1143 2886 1240 2982 quod
1267 2887 1350 2960 lacti

51 3029 256 3086 memorasse
270 3010 355 3084 velit
376 3015 412 3082 et
434 3033 518 3082 eum
540 3009 676 3082 habere
698 3010 1008 3098 commendatum,
1036 3018 1086 3099 et,
1109 3035 1191 3084 cum
1207 3017 1350 3106 tempus

50 3129 166 3206 dabitur
181 3144 215 3210 et
233 3138 352 3222 locus,
371 3134 406 3206 in
429 3140 569 3208 secreto
586 3134 656 3206 alia
676 3133 949 3231 explicaturum.
970 3134 1134 3208 Pontifex
1148 3136 1347 3232 respondit,

47 3255 158 3347 jamdiu
174 3261 318 3352 iecisse,
332 3283 397 3358 per
413 3284 481 3358 que
496 3259 668 3333 Nobilitas
682 3283 745 3332 sua
760 3283 825 3355 pro
840 3282 904 3332 suo
925 3265 1018 3332 statu
1034 3267 1069 3333 et
1085 3259 1180 3334 bono
1198 3265 1349 3334 Romam

49 3378 221 3473 duceretur,
240 3395 278 3460 et
293 3387 390 3482 quod
406 3409 472 3459 sua
488 3385 660 3458 Nobilitas
679 3385 715 3456 in
736 3383 834 3458 nullo
850 3384 1012 3456 dubitare
1035 3385 1178 3474 debeat,
1198 3385 1261 3457 sed
1275 3386 1348 3460 lete

50 3503 152 3596 rivere,
181 3513 261 3608 quia
288 3511 409 3584 omnia
436 3510 473 3582 iu
503 3510 637 3582 bonurn
659 3508 770 3580 sruem
800 3514 882 3582 surrt
907 3508 1083 3582 ordinata.
1119 3512 1186 3581 Pro
1217 3509 1347 3605 quibus

50 3629 169 3722 Turcus,
191 3636 239 3710 ita
259 3659 298 3710 se
319 3633 503 3710 confidere
528 3657 709 3722 asserens,
739 3632 924 3706 Sanctitati
948 3657 1010 3706 sue
1036 3632 1169 3730 gratias
1193 3634 1293 3733 egit(
1319 3635 1343 3733 ).

49 3754 117 3828 Turn
132 3762 274 3834 recessit
288 3760 490 3858 apontilice
512 3763 662 3848 Turcus,
685 3765 720 3830 et
743 3780 870 3830 ornnes
888 3757 1089 3831 cardinales
1114 3759 1151 3830 in
1170 3759 1345 3834 suislocis

50 3884 157 3955 stantes
171 3895 222 3960 est
244 3886 445 3984 amplexus,
464 3892 499 3958 et
522 3909 632 3980 super
655 3884 726 3956 sive
747 3883 843 3956 circa
865 3883 1043 3980 spatulam
1063 3884 1247 3957 dexteram
1270 3884 1345 3956 sin·

50 4003 128 4092 gulos
142 4012 334 4099 osculatus;
353 4011 497 4085 interim
515 4010 572 4082 alii
593 4009 698 4082 Turei
719 4008 869 4105 predicti
891 4008 1099 4098 familiares
1120 4031 1346 4105 coram-pon·

51 4125 122 4202 tiliae
135 4145 316 4226 uenerunt,
333 4142 369 4209 et
384 4135 529 4232 singuli,
553 4159 644 4206 unus
660 4133 825 4206 videlicet
842 4141 923 4229 post
942 4133 1064 4222 alium,
1088 4157 1197 4230 super
1212 4134 1342 4206 solium

50 4241 316 4351 genuflectentes,
353 4269 486 4334 terram
515 4283 624 4332 manu
652 4259 801 4332 dextera
833 4265 1036 4354 tangentes,
1071 4259 1181 4348 illam,
1211 4257 1341 4330 deinde

51 4381 199 4466 pontificis
222 4387 334 4484 pedes
357 4409 439 4461 cum
470 4385 610 4482 pluviali
638 4391 671 4458 et
694 4385 850 4457 aestibus
878 4384 1126 4480 amplexantes
1146 4383 1341 4480 genullexi,

50 4511 281 4602 sunt-osculati,
309 4519 345 4586 et
365 4515 522 4586 'lurcum
542 4519 735 4608 patronum
759 4533 864 4583 suum
885 4510 1013 4599 secuti,
1033 4510 1108 4606 qui,
1133 4508 1343 4605 amplexatis

76 4703 82 4759 l
88 4704 105 4774 Ι)
123 4731 135 4758 ιι
149 4709 213 4769 Sunt
228 4713 274 4787 qui
286 4714 390 4781 dicunt,
407 4721 435 4769 et
449 4713 500 4769 hoc
517 4731 609 4770 rerrrm
626 4719 677 4783 est,
692 4714 764 4786 quod
781 4715 839 4787 ipse
854 4713 968 4770 voluerit
983 4715 1098 4770 oseulari
1115 4716 1216 4789 Papam
1229 4715 1254 4771 in
1266 4716 1343 4786 lucie,

51 4797 70 4842 et
81 4791 143 4867 Papa
162 4803 323 4873 retrocessit,
340 4811 366 4859 et
387 4811 476 4859 tamen
498 4803 556 4877 ipse
576 4811 680 4862 tanturn
698 4806 832 4876 spatulam
848 4805 988 4860 osculatus
1003 4812 1055 4864 est.
1070 4827 1084 4856 »
1100 4807 1254 4876 Insassura
1275 4806 1345 4862 dans

52 4876 138 4955 tesard,
153 4892 199 4948 ool.
223 4896 302 4968 1987)
337 4913 383 4950 car
400 4895 469 4951 dans
488 4896 512 4952 le
536 4903 607 4952 texte
630 4896 663 4950 de
690 4894 832 4963 llluratori,
856 4894 921 4950 Iler.
943 4895 1009 4950 Ital.
1032 4895 1146 4965 Scra'pt,
1165 4901 1184 4950 t.
1206 4895 1254 4963 ΙΙΙ,
1270 4913 1297 4968 p.
1316 4913 1343 4964 u,

50 4971 87 5024 col.
99 4975 161 5048 1229,
174 4999 206 5038 οη
221 4983 249 5040 lit
265 5002 271 5039 :
289 5006 302 5034 n
319 4983 401 5049 Sunt,
413 4985 459 5058 qui
475 4985 581 5053 dicunt,
598 4985 647 5040 sed
665 5002 716 5039 non
734 4983 800 5039 scio.
814 5003 827 5036 u
840 4983 908 5055 Voy.
923 4987 938 5038 d
954 4983 1142 5056 l’rlppendiee,
1153 4987 1196 5038 nos
1210 4985 1245 5038 34
1258 4993 1285 5040 et
1298 4985 1344 5054 36,

49 5055 67 5109 la
78 5061 139 5121 relat.
153 5069 183 5124 de
200 5073 329 5130 Caoursin
350 5083 378 5131 et
398 5074 464 5130 celle
484 5073 518 5129 de
542 5075 573 5129 P.
592 5073 774 5129 Beneficiatus
792 5091 844 5146 que
861 5072 984 5128 Ronanni
1003 5072 1137 5129 ainseree
1152 5073 1221 5129 dans
1237 5073 1261 5130 le
1277 5081 1299 5130 t.
1320 5075 1342 5142 Ι,

50 5161 70 5213 l·
83 5149 220 5218 taenaron
234 5180 311 5222 ouer.
330 5181 336 5218 :
354 5165 541 5220 Numismato
557 5165 647 5222 Pont.
667 5165 747 5218 Rom.
