3424 6038
96 473 212 536 arsinoi
402 467 528 525 sanun
552 465 780 524 uaannanun
806 429 1067 524 connsnrann.
1350 475 1404 530 aaa

86 625 307 725 apostolicam
322 623 503 698 associare
515 645 580 720 per
593 645 722 697 novem
735 622 894 718 prelatos
907 621 1044 720 palatii,
1055 620 1233 711 videlicet,
1245 623 1404 720 quinque

86 753 282 825 assistentes
305 748 367 846 qui
392 748 539 822 luerunt
560 747 788 822 Florentinns
813 753 849 820 et
874 744 1095 820 Arelatensis
1120 744 1401 842 archiepiscopi,

85 875 280 957 Aleriensis,
323 873 607 964 vulteranensis,
647 871 813 946 liniensis
850 871 1012 971 episcopi
1045 901 1052 946 :
1083 893 1157 945 non
1193 869 1403 945 assistentes

86 1026 158 1076 roro
176 1008 347 1098 quatuor,
365 999 659 1097 archiepiscopus
680 997 971 1090 Cuseutinensis;
996 995 1260 1086 Glandatensis,
1278 999 1406 1070 Cuma·

86 1127 207 1217 nensis,
231 1125 420 1200 Auriensis
445 1123 628 1221 episcopi;
655 1123 808 1196 aliorum
831 1146 962 1198 novem
995 1123 1125 1222 singuli
1149 1111 1356 1199 babuerunt
1385 1151 1406 1198 a

86 1250 227 1326 sinistris
243 1275 358 1325 unum
379 1273 424 1324 ex
446 1248 674 1346 supradictis.
698 1252 737 1320 ln
758 1247 907 1322 introitu
929 1249 1133 1324 consistorii
1155 1257 1191 1324 et
1206 1249 1284 1324 aliis
1298 1249 1402 1335 locis,

85 1375 138 1448 ubi
151 1376 219 1450 duo
235 1376 347 1450 simul
361 1376 414 1450 ire
430 1399 501 1448 nnn
517 1379 697 1471 poterant,
717 1374 936 1471 precedebat
949 1375 1244 1473 archiepiscopus
1260 1377 1406 1450 Floren-

85 1501 183 1590 tinos,
199 1501 422 1597 sequebatur
434 1499 552 1596 ipsum
568 1498 758 1596 episcopus
774 1498 1062 1590 Herlordiensis;
1086 1507 1162 1574 turn
1184 1503 1404 1577 Arelatensis

86 1633 205 1724 etpost
220 1649 308 1701 eum
324 1625 503 1700 secundus
517 1629 658 1712 orator;
678 1623 729 1696 sic
742 1623 787 1698 de
803 1623 894 1696 aliis.

127 1752 368 1828 Permiseram
391 1757 512 1824 autern
541 1749 637 1845 quod
662 1748 955 1847 archiepiscopus
977 1752 1263 1841 Gusentinensis,
1287 1754 1404 1827 affinis

85 1883 140 1952 88.
158 1881 200 1950 D.
223 1881 252 1951 N
259 1933 285 1968 .,
311 1875 512 1950 secundum
539 1880 720 1948 oratorem
745 1874 964 1965 associaret,
992 1877 1057 1952 sed
1080 1879 1297 1954 contradixit
1315 1879 1408 1977 epis-

86 2027 186 2102 copus
207 2001 421 2093 Aleriensis,
442 2001 567 2074 dicens
587 1999 624 2072 id
643 2023 724 2075 esse
745 2001 904 2076 osticium
930 2002 1188 2094 assistentium,
1215 2012 1408 2104 propterea

85 2131 284 2204 assistentes
300 2127 500 2226 precedere
516 2125 662 2213 debere,
679 2131 714 2199 et
725 2126 829 2217 alica,
842 2127 901 2223 qui
912 2127 959 2202 ob
970 2127 1152 2203 delectum
1163 2131 1406 2206 assistentium

85 2258 267 2348 venissent,
303 2255 405 2352 sequi
437 2259 543 2352 prout
575 2257 611 2326 et
644 2276 768 2326 verum
801 2253 956 2328 dicebat.
993 2253 1051 2328 Sic
1088 2261 1170 2352 post
1198 2256 1407 2332 assistentes

87 2383 300 2480 supradictos
324 2379 451 2454 habuit
471 2377 629 2476 primum
650 2379 771 2452 locum
793 2377 1089 2477 archiepiscopus
1110 2382 1405 2472 Cusentinensis;

86 2507 237 2582 similiter
261 2513 300 2582 et
322 2505 514 2603 episcopus
534 2503 770 2578 Cumanensis
790 2509 872 2601 post
896 2503 1178 2581 Glandatensem
1194 2507 1304 2596 uenit,
1325 2506 1410 2580 licet

87 2641 172 2708 esset
184 2639 309 2707 orator
324 2630 426 2704 ducis
442 2629 649 2719 Mediolani,
672 2629 755 2726 quio
776 2629 907 2726 ipsum,
928 2655 1002 2704 non
1023 2638 1060 2705 ut
1078 2637 1274 2723 oratorem,
1291 2633 1354 2706 sed
1370 2638 1410 2705 ut

87 2757 287 2855 episcopum
311 2762 451 2830 tantum
474 2755 620 2846 aocaai;
646 2755 704 2828 olii
722 2763 898 2829 venerunt
920 2781 985 2830 suo
1010 2757 1151 2848 ordine,
1172 2765 1208 2832 et
1223 2757 1410 2832 observata

43 2909 45 2912 ·
88 2891 160 2956 sunt
172 2883 295 2956 omnia
310 2905 413 2956 more
429 2888 604 2956 consueto
616 2905 624 2954 :
638 2881 840 2956 orationem
854 2881 940 2956 lecit
953 2882 1166 2957 Guillelmus
1178 2883 1277 2981 prior
1289 2883 1409 2958 eccle-

88 3008 132 3084 sie
146 3006 426 3098 cantuariensis,
441 3007 587 3103 quintus
599 3006 637 3079 in
653 3007 778 3081 ordine
794 3014 978 3082 oratorum
994 3033 1001 3099 ;
1020 3015 1274 3106 presentarunt
1288 3009 1410 3082 literas

88 3142 119 3207 et
141 3135 350 3210 mandatum
378 3131 518 3230 regium
554 3131 620 3205 sub
647 3131 819 3228 pendenti
845 3131 985 3228 sigillo,
1014 3132 1120 3206 litere
1142 3133 1253 3230 prius,
1280 3131 1411 3206 deinde

88 3259 288 3336 mandatum
303 3259 439 3333 lectum
453 3258 533 3330 luit.

129 3387 228 3462 Feria
244 3392 361 3475 sexta,
383 3389 426 3457 18
442 3382 526 3456 maii
541 3383 578 3454 in
594 3405 713 3472 mane,
730 3382 765 3454 in
781 3382 899 3478 prima
914 3382 995 3456 aulo
1010 3383 1130 3481 palatii
1145 3383 1208 3457 luit
1225 3381 1410 3481 publicum

89 3511 337 3586 corasistorium
349 3509 474 3606 inquo
491 3514 564 3584 tres
580 3515 742 3583 oratores
756 3507 986 3581 illustrissimi
1005 3509 1168 3584 Uratislai
1185 3509 1279 3608 regis
1291 3511 1411 3583 Bobe-

89 3636 150 3710 mie
161 3635 397 3735 prestiterunt
409 3633 653 3708 obedientiam
669 3634 810 3707 solitam
822 3635 859 3708 et
870 3635 1029 3709 debitam
1040 3641 1146 3732 prout
1158 3643 1411 3710 antecessores

90 3761 136 3833 sui
153 3761 329 3838 Bobemie
346 3784 450 3858 reges
468 3759 699 3858 prestiterant
713 3785 720 3834 :
734 3761 902 3835 associati
925 3761 1072 3837 luerunt
1086 3787 1107 3836 a
1123 3762 1250 3838 decern
1263 3763 1410 3860 prelatis

92 3888 333 3962 assistentibus
356 3909 458 3962 more
481 3891 676 3974 consueto;
701 3893 956 3984 presentarunt
976 3888 1098 3963 literas
1121 3888 1238 3985 regias
1260 3889 1411 3962 creden-

93 4011 182 4088 tiales
195 4021 232 4089 et
246 4011 459 4088 mandatum
484 4012 627 4110 regium
647 4013 714 4086 sub
728 4012 900 4109 pendenti
926 4011 1057 4110 sigillo,
1072 4037 1143 4110 que
1159 4013 1251 4088 lecte
1268 4013 1412 4088 luerunt

93 4137 364 4237 publice,primo
377 4137 495 4229 litere,
505 4137 636 4212 deinde
647 4137 857 4212 mandatum
872 4163 879 4212 :
894 4138 1097 4213 orationem
1111 4139 1196 4214 lecit
1211 4144 1252 4212 o.
1264 4140 1408 4230 Paulus,

94 4263 208 4338 tertius
239 4269 374 4355 orator,
399 4263 459 4361 qui
485 4263 698 4360 capuccium
723 4263 757 4336 in
786 4269 1029 4339 transversum
1059 4265 1212 4363 portavit
1241 4271 1411 4362 tanquam

95 4390 325 4466 subdiaconus
343 4389 577 4489 apostolicae,
595 4412 639 4464 ex
654 4388 838 4487 privilegio
857 4389 1010 4464 ecclesie
1028 4390 1219 4488 pragensis
1236 4411 1411 4465 concesso

96 4516 229 4592 asedea
241 4517 429 4615 postolica,
449 4517 553 4615 cujus
575 4515 728 4590 ecclesie
746 4514 951 4612 prepositus
967 4515 1134 4590 omnibus
1147 4515 1413 4614 pontificalibus

96 4639 249 4739 insigniis
265 4643 316 4717 uti
332 4648 472 4740 potest;
502 4641 596 4716 lacta
620 4641 856 4739 responsione
880 4665 946 4739 per
964 4645 1027 4716 SS.
1052 4645 1094 4716 D.
1118 4645 1160 4716 N.
1180 4641 1313 4716 oratori
1328 4665 1413 4739 pre·

98 4765 197 4858 dicto,
213 4768 311 4843 idern
328 4775 450 4842 orator·
463 4773 685 4866 protestatus
702 4773 769 4858 est,
789 4765 879 4841 citra
898 4773 1020 4841 tamen
1037 4768 1275 4866 prejudicium
1292 4767 1414 4864 cujus-

99 4909 255 4990 cumque,
273 4893 370 4990 quod
388 4891 556 4966 electioni
578 4891 717 4967 romani
731 4892 925 4989 pontilicis,
950 4895 1203 4967 serenissimus
1218 4915 1282 4967 rex
1299 4891 1416 4964 Bobe-

99 5015 161 5090 mie
186 5017 361 5094 interesse
391 5017 540 5093 deberet
565 5025 602 5092 et
630 5025 753 5093 tamen
777 5041 843 5115 pro
869 5017 1045 5094 electione
1075 5023 1153 5094 Ser.
1183 5011 1414 5092 blaximiliani

101 5139 333 5218 Romanorum
346 5143 443 5241 regis
458 5168 531 5218 uon
546 5143 672 5219 luisset
685 5149 831 5219 vocatus
846 5167 854 5233 ;
873 5143 1099 5241 supplicabat
1110 5152 1304 5242 propterea
1318 5140 1415 5238 quod
