3496 6056
353 463 403 518 tlt
806 457 982 515 tounuuls
1007 456 1228 526 abacelam,
1514 459 1591 522 [avril
1603 463 1660 527 tlf'n’]
1740 443 1742 570 Ι

351 613 445 688 Ruri.
469 616 512 685 Ι).
536 611 726 685 cardinalis
750 637 778 686 s.
799 613 910 688 blarci
935 612 1182 687 secretarius:
1207 611 1235 685 si
1256 617 1354 686 recte
1373 610 1535 703 memini,
1558 613 1662 686 omnia
1740 663 1742 758 Ι

353 740 540 814 observata
562 737 720 829 fuerunt,
742 745 850 836 prout
867 739 905 812 in
927 737 1172 813 ceremoniali.
1195 736 1388 811 Celebraus
1413 737 1450 810 iu
1470 737 1662 812 adoratione

351 863 481 955 crucis,
498 863 646 938 nomine
665 866 727 938 SS.
746 867 789 937 D.
808 867 850 936 N.
868 887 960 962 pape
981 863 1110 937 obtulit
1127 862 1276 936 ducatos
1290 887 1357 936 xxv
1372 862 1450 936 auri
1470 863 1507 936 iu
1526 887 1609 938 auro
1626 865 1661 938 dc
1740 851 1742 958 i

354 1011 498 1064 camera
521 1016 527 1062 :
550 996 633 1087 post
655 989 860 1086 prandium,
885 989 982 1063 eirca
1004 989 1130 1063 horam
1151 986 1362 1086 vigesimam
1386 1008 1510 1080 unam,
1526 975 1662 1064 'fuerunt
1740 965 1742 1062 l

351 1116 526 1190 matutine
544 1113 775 1189 tenebrarum
795 1114 832 1186 in
854 1114 992 1213 capella
1014 1113 1188 1212 predicta,
1216 1116 1314 1212 Papa
1332 1115 1495 1206 absente,
1520 1114 1663 1189 cardina·
1740 1091 1741 1096 ¹

351 1242 446 1316 libus
459 1239 702 1340 presentibus.
718 1243 758 1314 ln
774 1239 860 1330 line,
875 1239 1065 1314 cardinalis
1085 1238 1303 1329 Parmensis,
1322 1263 1402 1314 cras
1418 1238 1661 1325 celebraturus,

350 1366 438 1442 dixit
459 1366 658 1442 orationem
675 1395 682 1439 :
702 1364 856 1464 Respice,
874 1369 1078 1464 quesumus,
1096 1377 1191 1440 etc...

401 1485 558 1569 Sabbata
581 1499 719 1583 sancto,
752 1498 773 1566 2
802 1489 938 1566 mensis
971 1491 1107 1590 aprilis,
1136 1495 1260 1566 ltmus.
1298 1495 1342 1566 Ι).
1374 1491 1563 1567 cardinalis
1591 1495 1664 1566 Par-

349 1621 488 1696 mensis
517 1626 664 1719 paratus
693 1625 747 1695 est
775 1643 876 1694 more
910 1617 1016 1692 solito
1039 1642 1047 1692 :
1072 1618 1255 1696 benedixit
1283 1619 1405 1716 ignem
1435 1640 1579 1708 norum,
1602 1623 1664 1691 tum
1735 1686 1736 1718 ,

352 1745 544 1822 celebrarit
573 1747 722 1821 missam
752 1745 966 1834 solemnem,
998 1750 1034 1818 et
1059 1745 1129 1818 alia
1148 1750 1257 1842 prout
1281 1744 1318 1817 in
1351 1743 1548 1832 ordinario,
1584 1747 1666 1840 Papa
1735 1834 1736 1849 χ

349 1872 517 1956 absente,
539 1871 780 1946 cardinalibus
800 1869 1040 1968 presentibus.
1064 1869 1260 1943 Observata
1279 1875 1361 1942 sunt
1378 1867 1502 1974 omnia
1522 1875 1625 1965 prout
1636 1869 1666 1940 in

351 1997 583 2076 ceremoniali
614 1995 819 2072 ordinatum
852 2003 925 2084 est;
961 1994 1127 2068 nonfuit
1154 1995 1187 2070 ei
1221 1994 1478 2070 annunciatum
1513 1975 1666 2092 gaudium
1731 1993 1736 2073 ξ

349 2147 521 2224 magnum
534 2123 631 2222 quod
646 2131 701 2199 est
716 2121 873 2214 alleluia,
891 2121 976 2217 quia
987 2125 1081 2218 Pape
1095 2126 1235 2196 tantum
1252 2119 1345 2196 solet
1359 2119 1537 2194 nunciari.

399 2248 738 2325 DominicaPasche
754 2245 1029 2322 resurrectionis
1049 2248 1092 2318 Ι).
1111 2249 1154 2320 Ν.
1173 2250 1205 2320 J.
1227 2245 1371 2336 Christi,
1385 2249 1510 2320 Rmus.
1527 2249 1570 2318 Ι).
1589 2244 1667 2343 epis
1731 2223 1735 2299 ἕ

349 2397 462 2473 oopus
486 2372 694 2449 Portuensis
717 2369 908 2447 cardinalis
930 2369 1257 2462 vicecancellarius,
1286 2371 1324 2447 in
1349 2372 1496 2448 basilica
1525 2395 1555 2445 s.
1583 2371 1665 2446 Petri

350 2497 545 2574 celebrarit
562 2499 711 2572 missam
732 2497 946 2588 solemnem,
969 2500 1066 2595 Papa
1086 2497 1250 2590 absente,
1269 2497 1510 2573 cardinalibus
1530 2519 1667 2596 presen—
1731 2534 1735 2596 r

350 2623 458 2714 tibus,
476 2631 512 2698 et
531 2623 715 2698 neminem
739 2628 861 2721 preter
887 2645 926 2696 se
951 2621 1245 2697 communicavit.
1280 2611 1397 2697 Finita
1419 2623 1543 2712 missa,
1567 2622 1667 2696 cardi-
1734 2603 1735 2694 l

350 2749 450 2824 noles
479 2748 667 2822 incorum
696 2748 818 2845 cappis
852 2747 1093 2822 ascenderunt
1123 2747 1169 2821 ad
1199 2747 1408 2848 pontificem
1438 2747 1544 2845 logiis
1571 2769 1666 2845 supra

348 2883 490 2974 portam
522 2875 643 2974 palatii
672 2873 925 2966 existentibus;
958 2873 1018 2970 qui
1047 2873 1207 2972 pontifex
1237 2873 1367 2947 stolam
1396 2873 1535 2949 habens
1571 2897 1666 2970 supra
1730 2898 1733 2970 r

245 3027 254 3043 ·
349 3003 538 3079 rochetum
565 3009 601 3078 et
633 3001 774 3076 mitram
807 2999 1008 3098 simplicem
1032 2999 1177 3097 planam
1202 3021 1244 3072 ac
1266 2998 1416 3073 barbam
1440 2998 1601 3097 longam,
1631 3021 1665 3072 er
1728 3030 1733 3075 :

348 3130 508 3206 fenestra
538 3127 664 3202 ultima
694 3149 825 3201 ¹versus
859 3124 1122 3200 benedictionis
1151 3123 1285 3216 locum,
1317 3124 1450 3223 populo
1478 3124 1663 3213 benedixit,
1728 3127 1733 3176 Ι

346 3255 436 3329 nihil
451 3261 571 3330 tamen
588 3253 660 3328 alta
673 3276 761 3327 voce
777 3252 919 3326 dicens.
943 3251 1024 3324 Fuit
1039 3251 1096 3325 die
1113 3253 1132 3322 3
1147 3250 1233 3324 dicti
1248 3250 1384 3325 mensis
1400 3249 1535 3348 aprilis.
1728 3256 1733 3265 '

398 3380 503 3454 Faria
531 3377 692 3454 secunda
719 3377 872 3466 Pascha,
896 3381 917 3448 4
937 3375 1072 3451 mensis
1098 3375 1233 3473 aprilis,
1262 3379 1387 3449 Rmus.
1413 3380 1455 3449 Ι).
1487 3374 1663 3450 cardinalis

346 3503 623 3579 ttlediolanensis
648 3500 852 3590 celebravit,
884 3499 1032 3574 sirecte
1053 3499 1216 3590 memini,
1240 3501 1389 3574 missam
1413 3501 1611 3576 solemnem
1634 3500 1664 3572 in

346 3631 485 3727 capella
498 3631 636 3726 majore
648 3625 769 3726 palatii
786 3623 993 3722 supradicti,
1012 3628 1109 3723 Papa
1123 3631 1158 3700 et
1171 3626 1414 3700 cardinalibus
1429 3627 1659 3724 presentibus,

346 3755 380 3828 in
395 3779 466 3852 qua
481 3754 602 3829 omnia
616 3754 804 3826 observata
820 3755 903 3824 sunt
918 3773 1019 3824 more
1033 3751 1152 3825 solito.

394 3881 497 3956 Faria
514 3879 621 3954 tertia
641 3877 794 3966 Pasche,
817 3883 837 3951 5
858 3877 942 3950 dicti
965 3876 1100 3951 mensis
1120 3875 1254 3975 aprilis,
1273 3881 1397 3952 limus.
1418 3881 1462 3952 Ι).
1483 3876 1661 3954 cardinalis

345 4006 629 4105 Portugalensis,
660 4004 811 4077 sibene
842 4001 1005 4093 memini,
1036 4002 1073 4075 in
1097 4024 1212 4101 cappa
1245 4003 1450 4102 supradicta
1482 4003 1661 4080 celebrarit

344 4133 492 4208 missam
511 4131 725 4222 solemnem,
749 4128 931 4203 consuetis
952 4125 1180 4220 ceremoniis,
1204 4133 1300 4227 Papa
1319 4130 1483 4221 absente,
1508 4131 1660 4206 cardina-

342 4261 436 4335 libus
452 4255 693 4358 presentibus.

392 4387 496 4462 Feria
520 4385 658 4483 quinta,
693 4380 825 4456 ldicti
859 4379 994 4454 mensis
1026 4381 1148 4479 aprilis
1186 4381 1407 4458 intraverunt
1443 4383 1576 4486 Urbem
1603 4402 1657 4481 per

342 4519 484 4612 portam
507 4508 663 4586 viridarii
687 4531 737 4582 xu
759 4513 920 4582 oratores
938 4505 1038 4580 ducis
1057 4508 1261 4600 tunnensis,
1284 4511 1347 4583 SS.
1374 4513 1415 4583 D.
1444 4516 1568 4584 nostro
1586 4507 1657 4582 obe—

342 4639 514 4713 dientiam
531 4645 567 4714 et
584 4633 822 4712 reverentiam
842 4631 1047 4708 exhibituri.
1070 4631 1136 4717 oni
1157 4655 1178 4705 a
1197 4631 1340 4706 familiis
1357 4635 1420 4707 88.
1440 4637 1483 4707 D.
1502 4631 1608 4708 nostri
1620 4649 1654 4702 ac

343 4767 562 4837 Rllmorum.
581 4761 656 4834 Ι)Ι).
679 4755 914 4834 cardinalium
934 4754 1068 4852 recepti
1088 4760 1184 4844 sunt,
1205 4775 1320 4850 usque
1344 4754 1390 4828 ad
1408 4755 1555 4833 domum
1570 4749 1656 4827 bebi·

342 4887 487 4962 tationis
514 4886 618 4985 primi
644 4893 829 4960 oratorum
851 4881 1077 4971 eorumdem,
1109 4879 1170 4975 qui
1192 4879 1396 4977 hospitatus
1420 4890 1476 4957 est
1502 4883 1537 4956 in
1559 4879 1653 4954 domo

341 5012 448 5086 invidi
470 5012 599 5110 prioris
629 5011 703 5102 riri,
728 5009 900 5108 perversi,
927 5012 969 5082 Ι).
990 5005 1122 5084 Urbani
1149 5005 1193 5079 do
1214 5005 1330 5080 Flisco
1350 5007 1511 5107 episcopi
1531 5003 1652 5082 Foruli-

339 5134 484 5226 viensis,
510 5135 573 5210 SS.
602 5138 645 5209 Ι).
672 5139 714 5210 lt.
740 5157 832 5233 pape
854 5133 1087 5210 referendarii
1113 5130 1314 5224 domestici,
1341 5132 1541 5210 honorifico
1563 5150 1651 5206 asso-
