<?xml version="1.0" encoding="UTF-8"?>
<!DOCTYPE html PUBLIC "-//W3C//DTD XHTML 1.0 Transitional//EN"
    "http://www.w3.org/TR/xhtml1/DTD/xhtml1-transitional.dtd">
<html xmlns="http://www.w3.org/1999/xhtml" xml:lang="en" lang="en">
 <head>
  <title>
</title>
<meta http-equiv="Content-Type" content="text/html;charset=utf-8" />
  <meta name='ocr-system' content='tesseract 3.04.00' />
  <meta name='ocr-capabilities' content='ocr_page ocr_carea ocr_par ocr_line ocrx_word'/>
</head>
<body>
  <div class='ocr_page' id='page_1' title='image "./johannisburchar02burcgoog/johannisburchar02burcgoog_0133.png"; bbox 0 0 3496 6056; ppageno 0'>
   <div class='ocr_carea' id='block_1_1' title="bbox 347 461 1659 576">
    <p class='ocr_par' dir='ltr' id='par_1_1' title="bbox 347 461 1659 576">
     <span class='ocr_line' id='line_1_1' title="bbox 347 461 1659 576; baseline -0.005 -12"><span class='ocrx_word' id='word_1_1' title='bbox 347 509 399 564; x_wconf 79' lang='lat' dir='ltr'><strong>no</strong></span> <span class='ocrx_word' id='word_1_2' title='bbox 616 461 620 470; x_wconf 63' lang='grc'><strong>’</strong></span> <span class='ocrx_word' id='word_1_3' title='bbox 804 503 979 560; x_wconf 77' lang='lat' dir='ltr'><strong>torturus</strong></span> <span class='ocrx_word' id='word_1_4' title='bbox 1004 502 1225 576; x_wconf 80' lang='lat' dir='ltr'><strong>euneuenor,</strong></span> <span class='ocrx_word' id='word_1_5' title='bbox 1442 503 1659 572; x_wconf 70' lang='lat' dir='ltr'><strong>[decantaretur]</strong></span> 
     </span>
    </p>
   </div>
   <div class='ocr_carea' id='block_1_2' title="bbox 340 657 1661 2134">
    <p class='ocr_par' dir='ltr' id='par_1_2' title="bbox 340 657 1661 2134">
     <span class='ocr_line' id='line_1_2' title="bbox 396 657 1657 754; baseline -0.003 -18"><span class='ocrx_word' id='word_1_6' title='bbox 396 660 646 736; x_wconf 90' lang='lat' dir='ltr'><strong>Preoedebaut</strong></span> <span class='ocrx_word' id='word_1_7' title='bbox 669 660 740 734; x_wconf 94' lang='lat' dir='ltr'><strong>duo</strong></span> <span class='ocrx_word' id='word_1_8' title='bbox 761 659 957 733; x_wconf 81' lang='lat' dir='ltr'><strong>servientes</strong></span> <span class='ocrx_word' id='word_1_9' title='bbox 980 681 1165 734; x_wconf 87' lang='lat' dir='ltr'><strong>armorum</strong></span> <span class='ocrx_word' id='word_1_10' title='bbox 1190 665 1226 732; x_wconf 90' lang='lat' dir='ltr'><strong>et</strong></span> <span class='ocrx_word' id='word_1_11' title='bbox 1250 657 1423 754; x_wconf 80' lang='lat' dir='ltr'><strong>magister</strong></span> <span class='ocrx_word' id='word_1_12' title='bbox 1447 657 1588 747; x_wconf 87' lang='lat' dir='ltr'><strong>domus,</strong></span> <span class='ocrx_word' id='word_1_13' title='bbox 1607 660 1657 754; x_wconf 94' lang='lat' dir='ltr'><strong>qui</strong></span> 
     </span>
     <span class='ocr_line' id='line_1_3' title="bbox 340 783 1661 882; baseline 0.001 -26"><span class='ocrx_word' id='word_1_14' title='bbox 340 792 417 858; x_wconf 88' lang='lat' dir='ltr'><strong>tam</strong></span> <span class='ocrx_word' id='word_1_15' title='bbox 447 784 493 859; x_wconf 88' lang='lat' dir='ltr'><strong>ad</strong></span> <span class='ocrx_word' id='word_1_16' title='bbox 513 784 688 858; x_wconf 90' lang='lat' dir='ltr'><strong>lotionem</strong></span> <span class='ocrx_word' id='word_1_17' title='bbox 711 809 820 882; x_wconf 89' lang='lat' dir='ltr'><strong>quam</strong></span> <span class='ocrx_word' id='word_1_18' title='bbox 842 783 903 856; x_wconf 88' lang='lat' dir='ltr'><strong>hic</strong></span> <span class='ocrx_word' id='word_1_19' title='bbox 928 790 964 857; x_wconf 90' lang='lat' dir='ltr'><strong>et</strong></span> <span class='ocrx_word' id='word_1_20' title='bbox 984 783 1272 879; x_wconf 90' lang='lat' dir='ltr'><strong>insequentibus</strong></span> <span class='ocrx_word' id='word_1_21' title='bbox 1293 783 1432 857; x_wconf 87' lang='lat' dir='ltr'><strong>actibus</strong></span> <span class='ocrx_word' id='word_1_22' title='bbox 1456 805 1528 856; x_wconf 91' lang='lat' dir='ltr'><strong>nou</strong></span> <span class='ocrx_word' id='word_1_23' title='bbox 1554 805 1661 857; x_wconf 87' lang='lat' dir='ltr'><strong>exces-</strong></span> 
     </span>
     <span class='ocr_line' id='line_1_4' title="bbox 342 907 1657 1007; baseline 0 -25"><span class='ocrx_word' id='word_1_24' title='bbox 342 909 387 982; x_wconf 86' lang='lat' dir='ltr'><strong>sit</strong></span> <span class='ocrx_word' id='word_1_25' title='bbox 403 908 535 1007; x_wconf 82' lang='lat' dir='ltr'><strong>gradus</strong></span> <span class='ocrx_word' id='word_1_26' title='bbox 549 909 640 999; x_wconf 89' lang='lat' dir='ltr'><strong>solii,</strong></span> <span class='ocrx_word' id='word_1_27' title='bbox 655 909 720 983; x_wconf 89' lang='lat' dir='ltr'><strong>sed</strong></span> <span class='ocrx_word' id='word_1_28' title='bbox 733 909 868 984; x_wconf 89' lang='lat' dir='ltr'><strong>ibidem</strong></span> <span class='ocrx_word' id='word_1_29' title='bbox 881 933 921 983; x_wconf 92' lang='lat' dir='ltr'><strong>se</strong></span> <span class='ocrx_word' id='word_1_30' title='bbox 937 909 1014 982; x_wconf 84' lang='lat' dir='ltr'><strong>fixit</strong></span> <span class='ocrx_word' id='word_1_31' title='bbox 1029 931 1144 1005; x_wconf 92' lang='lat' dir='ltr'><strong>usque</strong></span> <span class='ocrx_word' id='word_1_32' title='bbox 1160 908 1204 982; x_wconf 90' lang='lat' dir='ltr'><strong>ad</strong></span> <span class='ocrx_word' id='word_1_33' title='bbox 1223 907 1425 982; x_wconf 83' lang='lat' dir='ltr'><strong>discessum</strong></span> <span class='ocrx_word' id='word_1_34' title='bbox 1443 907 1657 982; x_wconf 77' lang='lat' dir='ltr'><strong>servientium</strong></span> 
     </span>
     <span class='ocr_line' id='line_1_5' title="bbox 343 1033 1658 1130; baseline 0 -23"><span class='ocrx_word' id='word_1_35' title='bbox 343 1034 388 1108; x_wconf 91' lang='lat' dir='ltr'><strong>de</strong></span> <span class='ocrx_word' id='word_1_36' title='bbox 418 1033 521 1125; x_wconf 88' lang='lat' dir='ltr'><strong>solio,</strong></span> <span class='ocrx_word' id='word_1_37' title='bbox 550 1056 633 1108; x_wconf 91' lang='lat' dir='ltr'><strong>cum</strong></span> <span class='ocrx_word' id='word_1_38' title='bbox 662 1033 790 1130; x_wconf 92' lang='lat' dir='ltr'><strong>quibus</strong></span> <span class='ocrx_word' id='word_1_39' title='bbox 817 1035 947 1108; x_wconf 88' lang='lat' dir='ltr'><strong>iterum</strong></span> <span class='ocrx_word' id='word_1_40' title='bbox 986 1035 1031 1108; x_wconf 92' lang='lat' dir='ltr'><strong>ad</strong></span> <span class='ocrx_word' id='word_1_41' title='bbox 1064 1033 1286 1108; x_wconf 78' lang='lat' dir='ltr'><strong>credentiam</strong></span> <span class='ocrx_word' id='word_1_42' title='bbox 1313 1033 1432 1108; x_wconf 90' lang='lat' dir='ltr'><strong>rediit.</strong></span> <span class='ocrx_word' id='word_1_43' title='bbox 1461 1033 1658 1129; x_wconf 83' lang='lat' dir='ltr'><strong>Magistrum</strong></span> 
     </span>
     <span class='ocr_line' id='line_1_6' title="bbox 344 1159 1659 1256; baseline -0.002 -22"><span class='ocrx_word' id='word_1_44' title='bbox 344 1159 474 1235; x_wconf 92' lang='lat' dir='ltr'><strong>domus</strong></span> <span class='ocrx_word' id='word_1_45' title='bbox 490 1159 735 1256; x_wconf 71' lang='lat' dir='ltr'><strong>sequebantur</strong></span> <span class='ocrx_word' id='word_1_46' title='bbox 754 1159 826 1233; x_wconf 94' lang='lat' dir='ltr'><strong>duo</strong></span> <span class='ocrx_word' id='word_1_47' title='bbox 846 1159 1041 1256; x_wconf 83' lang='lat' dir='ltr'><strong>auditores,</strong></span> <span class='ocrx_word' id='word_1_48' title='bbox 1059 1159 1196 1256; x_wconf 91' lang='lat' dir='ltr'><strong>primus</strong></span> <span class='ocrx_word' id='word_1_49' title='bbox 1217 1160 1294 1234; x_wconf 90' lang='lat' dir='ltr'><strong>sine</strong></span> <span class='ocrx_word' id='word_1_50' title='bbox 1316 1159 1468 1248; x_wconf 91' lang='lat' dir='ltr'><strong>mantili,</strong></span> <span class='ocrx_word' id='word_1_51' title='bbox 1495 1160 1659 1233; x_wconf 87' lang='lat' dir='ltr'><strong>secundus</strong></span> 
     </span>
     <span class='ocr_line' id='line_1_7' title="bbox 344 1283 1659 1382; baseline -0.004 -22"><span class='ocrx_word' id='word_1_52' title='bbox 344 1309 426 1360; x_wconf 91' lang='lat' dir='ltr'><strong>cum</strong></span> <span class='ocrx_word' id='word_1_53' title='bbox 455 1285 610 1374; x_wconf 82' lang='lat' dir='ltr'><strong>mantili3</strong></span> <span class='ocrx_word' id='word_1_54' title='bbox 638 1283 804 1358; x_wconf 89' lang='lat' dir='ltr'><strong>schalcus</strong></span> <span class='ocrx_word' id='word_1_55' title='bbox 833 1307 926 1382; x_wconf 91' lang='lat' dir='ltr'><strong>pape</strong></span> <span class='ocrx_word' id='word_1_56' title='bbox 958 1285 1140 1381; x_wconf 86' lang='lat' dir='ltr'><strong>predictus</strong></span> <span class='ocrx_word' id='word_1_57' title='bbox 1173 1285 1293 1360; x_wconf 85' lang='lat' dir='ltr'><strong>ferens</strong></span> <span class='ocrx_word' id='word_1_58' title='bbox 1327 1283 1524 1375; x_wconf 87' lang='lat' dir='ltr'><strong>lerculum;</strong></span> <span class='ocrx_word' id='word_1_59' title='bbox 1558 1283 1659 1357; x_wconf 94' lang='lat' dir='ltr'><strong>solum</strong></span> 
     </span>
     <span class='ocr_line' id='line_1_8' title="bbox 343 1407 1658 1508; baseline -0.005 -24"><span class='ocrx_word' id='word_1_60' title='bbox 343 1409 669 1508; x_wconf 83' lang='lat' dir='ltr'><strong>magisterhospitii</strong></span> <span class='ocrx_word' id='word_1_61' title='bbox 685 1409 815 1482; x_wconf 88' lang='lat' dir='ltr'><strong>mansit</strong></span> <span class='ocrx_word' id='word_1_62' title='bbox 831 1409 927 1507; x_wconf 92' lang='lat' dir='ltr'><strong>apud</strong></span> <span class='ocrx_word' id='word_1_63' title='bbox 946 1409 1181 1499; x_wconf 86' lang='lat' dir='ltr'><strong>credentiam,</strong></span> <span class='ocrx_word' id='word_1_64' title='bbox 1204 1409 1274 1484; x_wconf 92' lang='lat' dir='ltr'><strong>hoc</strong></span> <span class='ocrx_word' id='word_1_65' title='bbox 1295 1415 1349 1484; x_wconf 88' lang='lat' dir='ltr'><strong>est</strong></span> <span class='ocrx_word' id='word_1_66' title='bbox 1366 1431 1515 1484; x_wconf 93' lang='lat' dir='ltr'><strong>manere</strong></span> <span class='ocrx_word' id='word_1_67' title='bbox 1537 1407 1658 1484; x_wconf 86' lang='lat' dir='ltr'><strong>debuit.</strong></span> 
     </span>
     <span class='ocr_line' id='line_1_9' title="bbox 344 1533 1659 1632; baseline -0.002 -24"><span class='ocrx_word' id='word_1_68' title='bbox 344 1535 416 1610; x_wconf 90' lang='lat' dir='ltr'><strong>Sed</strong></span> <span class='ocrx_word' id='word_1_69' title='bbox 432 1555 550 1630; x_wconf 92' lang='lat' dir='ltr'><strong>neque</strong></span> <span class='ocrx_word' id='word_1_70' title='bbox 574 1533 754 1624; x_wconf 78' lang='lat' dir='ltr'><strong>schalcuS,</strong></span> <span class='ocrx_word' id='word_1_71' title='bbox 776 1555 895 1630; x_wconf 89' lang='lat' dir='ltr'><strong>neque</strong></span> <span class='ocrx_word' id='word_1_72' title='bbox 919 1534 1093 1632; x_wconf 82' lang='lat' dir='ltr'><strong>magister</strong></span> <span class='ocrx_word' id='word_1_73' title='bbox 1113 1535 1259 1631; x_wconf 90' lang='lat' dir='ltr'><strong>hospitii</strong></span> <span class='ocrx_word' id='word_1_74' title='bbox 1284 1535 1431 1608; x_wconf 88' lang='lat' dir='ltr'><strong>solitum</strong></span> <span class='ocrx_word' id='word_1_75' title='bbox 1454 1541 1491 1608; x_wconf 86' lang='lat' dir='ltr'><strong>et</strong></span> <span class='ocrx_word' id='word_1_76' title='bbox 1511 1533 1659 1608; x_wconf 86' lang='lat' dir='ltr'><strong>debitum</strong></span> 
     </span>
     <span class='ocr_line' id='line_1_10' title="bbox 343 1658 1659 1755; baseline 0 -23"><span class='ocrx_word' id='word_1_77' title='bbox 343 1658 508 1733; x_wconf 89' lang='lat' dir='ltr'><strong>ordinem</strong></span> <span class='ocrx_word' id='word_1_78' title='bbox 536 1664 736 1749; x_wconf 78' lang='lat' dir='ltr'><strong>servarunt,</strong></span> <span class='ocrx_word' id='word_1_79' title='bbox 759 1659 824 1733; x_wconf 91' lang='lat' dir='ltr'><strong>sed</strong></span> <span class='ocrx_word' id='word_1_80' title='bbox 847 1682 975 1734; x_wconf 87' lang='lat' dir='ltr'><strong>omnes</strong></span> <span class='ocrx_word' id='word_1_81' title='bbox 997 1660 1193 1735; x_wconf 85' lang='lat' dir='ltr'><strong>servientes</strong></span> <span class='ocrx_word' id='word_1_82' title='bbox 1215 1667 1290 1734; x_wconf 89' lang='lat' dir='ltr'><strong>tam</strong></span> <span class='ocrx_word' id='word_1_83' title='bbox 1309 1660 1354 1733; x_wconf 90' lang='lat' dir='ltr'><strong>de</strong></span> <span class='ocrx_word' id='word_1_84' title='bbox 1373 1658 1541 1750; x_wconf 68' lang='lat' dir='ltr'><strong>ferculis,</strong></span> <span class='ocrx_word' id='word_1_85' title='bbox 1566 1682 1659 1755; x_wconf 92' lang='lat' dir='ltr'><strong>quam</strong></span> 
     </span>
     <span class='ocr_line' id='line_1_11' title="bbox 342 1783 1661 1883; baseline 0 -26"><span class='ocrx_word' id='word_1_86' title='bbox 342 1783 386 1858; x_wconf 87' lang='lat' dir='ltr'><strong>de</strong></span> <span class='ocrx_word' id='word_1_87' title='bbox 403 1784 562 1882; x_wconf 91' lang='lat' dir='ltr'><strong>potibus,</strong></span> <span class='ocrx_word' id='word_1_88' title='bbox 583 1785 678 1860; x_wconf 90' lang='lat' dir='ltr'><strong>inter</strong></span> <span class='ocrx_word' id='word_1_89' title='bbox 696 1809 735 1861; x_wconf 93' lang='lat' dir='ltr'><strong>se</strong></span> <span class='ocrx_word' id='word_1_90' title='bbox 756 1787 992 1879; x_wconf 78' lang='lat' dir='ltr'><strong>associarunt,</strong></span> <span class='ocrx_word' id='word_1_91' title='bbox 1011 1793 1048 1861; x_wconf 91' lang='lat' dir='ltr'><strong>et</strong></span> <span class='ocrx_word' id='word_1_92' title='bbox 1065 1788 1174 1862; x_wconf 89' lang='lat' dir='ltr'><strong>male.</strong></span> <span class='ocrx_word' id='word_1_93' title='bbox 1199 1789 1288 1860; x_wconf 86' lang='lat' dir='ltr'><strong>Cum</strong></span> <span class='ocrx_word' id='word_1_94' title='bbox 1309 1785 1472 1883; x_wconf 69' lang='lat' dir='ltr'><strong>prelatus,</strong></span> <span class='ocrx_word' id='word_1_95' title='bbox 1490 1785 1563 1860; x_wconf 88' lang='lat' dir='ltr'><strong>dux</strong></span> <span class='ocrx_word' id='word_1_96' title='bbox 1577 1793 1661 1859; x_wconf 89' lang='lat' dir='ltr'><strong>esset</strong></span> 
     </span>
     <span class='ocr_line' id='line_1_12' title="bbox 342 1909 1661 2009; baseline 0.001 -27"><span class='ocrx_word' id='word_1_97' title='bbox 342 1933 465 1983; x_wconf 90' lang='lat' dir='ltr'><strong>coram</strong></span> <span class='ocrx_word' id='word_1_98' title='bbox 478 1909 662 2006; x_wconf 89' lang='lat' dir='ltr'><strong>pontifice,</strong></span> <span class='ocrx_word' id='word_1_99' title='bbox 676 1910 799 1986; x_wconf 90' lang='lat' dir='ltr'><strong>datum</strong></span> <span class='ocrx_word' id='word_1_100' title='bbox 815 1912 881 1986; x_wconf 87' lang='lat' dir='ltr'><strong>luit</strong></span> <span class='ocrx_word' id='word_1_101' title='bbox 896 1911 963 1986; x_wconf 89' lang='lat' dir='ltr'><strong>sibi</strong></span> <span class='ocrx_word' id='word_1_102' title='bbox 979 1911 1198 2009; x_wconf 83' lang='lat' dir='ltr'><strong>exportatis,</strong></span> <span class='ocrx_word' id='word_1_103' title='bbox 1214 1935 1281 2008; x_wconf 90' lang='lat' dir='ltr'><strong>per</strong></span> <span class='ocrx_word' id='word_1_104' title='bbox 1294 1909 1516 1986; x_wconf 87' lang='lat' dir='ltr'><strong>cardinalem</strong></span> <span class='ocrx_word' id='word_1_105' title='bbox 1532 1913 1661 1984; x_wconf 87' lang='lat' dir='ltr'><strong>Senen-</strong></span> 
     </span>
     <span class='ocr_line' id='line_1_13' title="bbox 343 2035 1658 2134; baseline 0.001 -27"><span class='ocrx_word' id='word_1_106' title='bbox 343 2057 419 2108; x_wconf 91' lang='lat' dir='ltr'><strong>sem</strong></span> <span class='ocrx_word' id='word_1_107' title='bbox 448 2057 513 2132; x_wconf 93' lang='lat' dir='ltr'><strong>pro</strong></span> <span class='ocrx_word' id='word_1_108' title='bbox 549 2035 637 2110; x_wconf 91' lang='lat' dir='ltr'><strong>roba</strong></span> <span class='ocrx_word' id='word_1_109' title='bbox 665 2036 736 2110; x_wconf 86' lang='lat' dir='ltr'><strong>sive</strong></span> <span class='ocrx_word' id='word_1_110' title='bbox 765 2037 950 2112; x_wconf 86' lang='lat' dir='ltr'><strong>credentia</strong></span> <span class='ocrx_word' id='word_1_111' title='bbox 978 2037 1156 2128; x_wconf 86' lang='lat' dir='ltr'><strong>iacienda,</strong></span> <span class='ocrx_word' id='word_1_112' title='bbox 1189 2059 1299 2134; x_wconf 88' lang='lat' dir='ltr'><strong>quem</strong></span> <span class='ocrx_word' id='word_1_113' title='bbox 1327 2035 1542 2134; x_wconf 80' lang='lat' dir='ltr'><strong>genuflexus</strong></span> <span class='ocrx_word' id='word_1_114' title='bbox 1571 2035 1658 2122; x_wconf 87' lang='lat' dir='ltr'><strong>lecit,</strong></span> 
     </span>
    </p>
   </div>
   <div class='ocr_carea' id='block_1_3' title="bbox 341 2159 1734 2260">
    <p class='ocr_par' dir='ltr' id='par_1_3' title="bbox 341 2159 1734 2260">
     <span class='ocr_line' id='line_1_14' title="bbox 341 2159 1734 2260; baseline 0 -28"><span class='ocrx_word' id='word_1_115' title='bbox 341 2159 465 2256; x_wconf 88' lang='lat' dir='ltr'><strong>sicque</strong></span> <span class='ocrx_word' id='word_1_116' title='bbox 486 2159 621 2233; x_wconf 87' lang='lat' dir='ltr'><strong>tamdiu</strong></span> <span class='ocrx_word' id='word_1_117' title='bbox 643 2161 889 2237; x_wconf 82' lang='lat' dir='ltr'><strong>consecteram</strong></span> <span class='ocrx_word' id='word_1_118' title='bbox 916 2162 1044 2252; x_wconf 90' lang='lat' dir='ltr'><strong>tenuit,</strong></span> <span class='ocrx_word' id='word_1_119' title='bbox 1063 2185 1253 2259; x_wconf 89' lang='lat' dir='ltr'><strong>quousque</strong></span> <span class='ocrx_word' id='word_1_120' title='bbox 1268 2160 1431 2258; x_wconf 77' lang='lat' dir='ltr'><strong>pontifex</strong></span> <span class='ocrx_word' id='word_1_121' title='bbox 1447 2161 1491 2234; x_wconf 92' lang='lat' dir='ltr'><strong>de</strong></span> <span class='ocrx_word' id='word_1_122' title='bbox 1506 2159 1568 2234; x_wconf 89' lang='lat' dir='ltr'><strong>illa</strong></span> <span class='ocrx_word' id='word_1_123' title='bbox 1586 2159 1660 2234; x_wconf 88' lang='lat' dir='ltr'><strong>satis</strong></span> <span class='ocrx_word' id='word_1_124' title='bbox 1733 2245 1734 2260; x_wconf 10' lang='grc' dir='ltr'>χ</span> 
     </span>
    </p>
   </div>
   <div class='ocr_carea' id='block_1_4' title="bbox 338 2283 1660 3010">
    <p class='ocr_par' dir='ltr' id='par_1_4' title="bbox 338 2283 1660 3010">
     <span class='ocr_line' id='line_1_15' title="bbox 340 2283 1660 2384; baseline 0 -26"><span class='ocrx_word' id='word_1_125' title='bbox 340 2283 558 2359; x_wconf 86' lang='lat' dir='ltr'><strong>comedisset</strong></span> <span class='ocrx_word' id='word_1_126' title='bbox 574 2287 645 2359; x_wconf 90' lang='lat' dir='ltr'><strong>sive</strong></span> <span class='ocrx_word' id='word_1_127' title='bbox 663 2287 708 2360; x_wconf 90' lang='lat' dir='ltr'><strong>ad</strong></span> <span class='ocrx_word' id='word_1_128' title='bbox 730 2288 951 2362; x_wconf 87' lang='lat' dir='ltr'><strong>voluntatem</strong></span> <span class='ocrx_word' id='word_1_129' title='bbox 973 2311 1085 2362; x_wconf 90' lang='lat' dir='ltr'><strong>suam.</strong></span> <span class='ocrx_word' id='word_1_130' title='bbox 1110 2291 1185 2384; x_wconf 82' lang='lat' dir='ltr'><strong>Ego</strong></span> <span class='ocrx_word' id='word_1_131' title='bbox 1208 2285 1475 2384; x_wconf 89' lang='lat' dir='ltr'><strong>quamprimum</strong></span> <span class='ocrx_word' id='word_1_132' title='bbox 1488 2285 1584 2359; x_wconf 90' lang='lat' dir='ltr'><strong>idem</strong></span> <span class='ocrx_word' id='word_1_133' title='bbox 1599 2285 1660 2358; x_wconf 83' lang='lat' dir='ltr'><strong>dux</strong></span> 
     </span>
     <span class='ocr_line' id='line_1_16' title="bbox 339 2410 1659 2507; baseline -0.001 -25"><span class='ocrx_word' id='word_1_134' title='bbox 339 2431 462 2482; x_wconf 89' lang='lat' dir='ltr'><strong>coram</strong></span> <span class='ocrx_word' id='word_1_135' title='bbox 491 2410 662 2507; x_wconf 85' lang='lat' dir='ltr'><strong>pontifice</strong></span> <span class='ocrx_word' id='word_1_136' title='bbox 696 2413 806 2504; x_wconf 88' lang='lat' dir='ltr'><strong>venit,</strong></span> <span class='ocrx_word' id='word_1_137' title='bbox 842 2413 998 2487; x_wconf 88' lang='lat' dir='ltr'><strong>conduxi</strong></span> <span class='ocrx_word' id='word_1_138' title='bbox 1036 2436 1118 2485; x_wconf 89' lang='lat' dir='ltr'><strong>cum</strong></span> <span class='ocrx_word' id='word_1_139' title='bbox 1152 2411 1230 2485; x_wconf 90' lang='lat' dir='ltr'><strong>aliis</strong></span> <span class='ocrx_word' id='word_1_140' title='bbox 1264 2411 1406 2485; x_wconf 88' lang='lat' dir='ltr'><strong>duobus</strong></span> <span class='ocrx_word' id='word_1_141' title='bbox 1436 2411 1659 2484; x_wconf 86' lang='lat' dir='ltr'><strong>servientibus</strong></span> 
     </span>
     <span class='ocr_line' id='line_1_17' title="bbox 340 2536 1658 2633; baseline 0.002 -27"><span class='ocrx_word' id='word_1_142' title='bbox 340 2557 523 2608; x_wconf 93' lang='lat' dir='ltr'><strong>armorum</strong></span> <span class='ocrx_word' id='word_1_143' title='bbox 558 2539 599 2607; x_wconf 84' lang='lat' dir='ltr'><strong>tt.</strong></span> <span class='ocrx_word' id='word_1_144' title='bbox 641 2539 682 2608; x_wconf 79' lang='lat' dir='ltr'><strong>ll.</strong></span> <span class='ocrx_word' id='word_1_145' title='bbox 718 2538 974 2633; x_wconf 90' lang='lat' dir='ltr'><strong>Masquardum</strong></span> <span class='ocrx_word' id='word_1_146' title='bbox 1011 2537 1200 2633; x_wconf 90' lang='lat' dir='ltr'><strong>Brisaquer</strong></span> <span class='ocrx_word' id='word_1_147' title='bbox 1238 2545 1419 2611; x_wconf 89' lang='lat' dir='ltr'><strong>rectorem</strong></span> <span class='ocrx_word' id='word_1_148' title='bbox 1454 2545 1491 2610; x_wconf 90' lang='lat' dir='ltr'><strong>et</strong></span> <span class='ocrx_word' id='word_1_149' title='bbox 1521 2536 1658 2610; x_wconf 89' lang='lat' dir='ltr'><strong>militem</strong></span> 
     </span>
     <span class='ocr_line' id='line_1_18' title="bbox 339 2657 1659 2756; baseline 0.003 -26"><span class='ocrx_word' id='word_1_150' title='bbox 339 2657 562 2756; x_wconf 86' lang='lat' dir='ltr'><strong>imperialem</strong></span> <span class='ocrx_word' id='word_1_151' title='bbox 582 2667 764 2736; x_wconf 91' lang='lat' dir='ltr'><strong>oratorem</strong></span> <span class='ocrx_word' id='word_1_152' title='bbox 782 2670 818 2738; x_wconf 88' lang='lat' dir='ltr'><strong>et</strong></span> <span class='ocrx_word' id='word_1_153' title='bbox 838 2664 927 2737; x_wconf 91' lang='lat' dir='ltr'><strong>duos</strong></span> <span class='ocrx_word' id='word_1_154' title='bbox 947 2661 1036 2736; x_wconf 91' lang='lat' dir='ltr'><strong>alios</strong></span> <span class='ocrx_word' id='word_1_155' title='bbox 1059 2669 1222 2736; x_wconf 88' lang='lat' dir='ltr'><strong>oratores</strong></span> <span class='ocrx_word' id='word_1_156' title='bbox 1247 2662 1294 2736; x_wconf 90' lang='lat' dir='ltr'><strong>ad</strong></span> <span class='ocrx_word' id='word_1_157' title='bbox 1315 2667 1494 2736; x_wconf 87' lang='lat' dir='ltr'><strong>secretam</strong></span> <span class='ocrx_word' id='word_1_158' title='bbox 1518 2661 1659 2736; x_wconf 90' lang='lat' dir='ltr'><strong>creden-</strong></span> 
     </span>
     <span class='ocr_line' id='line_1_19' title="bbox 338 2784 1656 2885; baseline 0.002 -27"><span class='ocrx_word' id='word_1_159' title='bbox 338 2784 424 2858; x_wconf 89' lang='lat' dir='ltr'><strong>tiam</strong></span> <span class='ocrx_word' id='word_1_160' title='bbox 440 2785 653 2882; x_wconf 90' lang='lat' dir='ltr'><strong>predictam,</strong></span> <span class='ocrx_word' id='word_1_161' title='bbox 675 2787 749 2878; x_wconf 85' lang='lat' dir='ltr'><strong>ubi,</strong></span> <span class='ocrx_word' id='word_1_162' title='bbox 771 2787 939 2885; x_wconf 88' lang='lat' dir='ltr'><strong>imposita</strong></span> <span class='ocrx_word' id='word_1_163' title='bbox 955 2788 999 2862; x_wconf 90' lang='lat' dir='ltr'><strong>ad</strong></span> <span class='ocrx_word' id='word_1_164' title='bbox 1022 2786 1154 2860; x_wconf 90' lang='lat' dir='ltr'><strong>collum</strong></span> <span class='ocrx_word' id='word_1_165' title='bbox 1169 2787 1317 2861; x_wconf 91' lang='lat' dir='ltr'><strong>domino</strong></span> <span class='ocrx_word' id='word_1_166' title='bbox 1330 2787 1548 2882; x_wconf 87' lang='lat' dir='ltr'><strong>Masquardo</strong></span> <span class='ocrx_word' id='word_1_167' title='bbox 1566 2811 1656 2884; x_wconf 82' lang='lat' dir='ltr'><strong>map</strong></span> 
     </span>
     <span class='ocr_line' id='line_1_20' title="bbox 338 2908 1657 3010; baseline 0.002 -29"><span class='ocrx_word' id='word_1_168' title='bbox 338 2908 423 3007; x_wconf 83' lang='lat' dir='ltr'><strong>pulo</strong></span> <span class='ocrx_word' id='word_1_169' title='bbox 440 2908 569 2998; x_wconf 88' lang='lat' dir='ltr'><strong>serica,</strong></span> <span class='ocrx_word' id='word_1_170' title='bbox 601 2909 718 2985; x_wconf 92' lang='lat' dir='ltr'><strong>eidem</strong></span> <span class='ocrx_word' id='word_1_171' title='bbox 745 2917 852 3010; x_wconf 91' lang='lat' dir='ltr'><strong>potus</strong></span> <span class='ocrx_word' id='word_1_172' title='bbox 880 2935 946 3008; x_wconf 93' lang='lat' dir='ltr'><strong>pro</strong></span> <span class='ocrx_word' id='word_1_173' title='bbox 974 2910 1145 3009; x_wconf 86' lang='lat' dir='ltr'><strong>pontifice</strong></span> <span class='ocrx_word' id='word_1_174' title='bbox 1175 2911 1243 2986; x_wconf 90' lang='lat' dir='ltr'><strong>luit</strong></span> <span class='ocrx_word' id='word_1_175' title='bbox 1273 2911 1478 3008; x_wconf 78' lang='lat' dir='ltr'><strong>assignatus</strong></span> <span class='ocrx_word' id='word_1_176' title='bbox 1502 2911 1539 2984; x_wconf 92' lang='lat' dir='ltr'><strong>in</strong></span> <span class='ocrx_word' id='word_1_177' title='bbox 1562 2911 1657 3008; x_wconf 88' lang='lat' dir='ltr'><strong>cipho</strong></span> 
     </span>
    </p>
   </div>
   <div class='ocr_carea' id='block_1_5' title="bbox 337 3034 1733 3135">
    <p class='ocr_par' dir='ltr' id='par_1_5' title="bbox 337 3034 1733 3135">
     <span class='ocr_line' id='line_1_21' title="bbox 337 3034 1733 3135; baseline 0.002 -30"><span class='ocrx_word' id='word_1_178' title='bbox 337 3055 485 3130; x_wconf 77' lang='lat' dir='ltr'><strong>magno,</strong></span> <span class='ocrx_word' id='word_1_179' title='bbox 508 3034 640 3132; x_wconf 87' lang='lat' dir='ltr'><strong>etipse</strong></span> <span class='ocrx_word' id='word_1_180' title='bbox 661 3039 703 3110; x_wconf 87' lang='lat' dir='ltr'><strong>D.</strong></span> <span class='ocrx_word' id='word_1_181' title='bbox 726 3037 964 3134; x_wconf 89' lang='lat' dir='ltr'><strong>Masquardus</strong></span> <span class='ocrx_word' id='word_1_182' title='bbox 989 3037 1143 3135; x_wconf 83' lang='lat' dir='ltr'><strong>portarit</strong></span> <span class='ocrx_word' id='word_1_183' title='bbox 1164 3035 1326 3134; x_wconf 87' lang='lat' dir='ltr'><strong>pontifici</strong></span> <span class='ocrx_word' id='word_1_184' title='bbox 1350 3059 1394 3110; x_wconf 90' lang='lat' dir='ltr'><strong>eo</strong></span> <span class='ocrx_word' id='word_1_185' title='bbox 1415 3036 1542 3112; x_wconf 89' lang='lat' dir='ltr'><strong>ordine</strong></span> <span class='ocrx_word' id='word_1_186' title='bbox 1562 3044 1658 3134; x_wconf 88' lang='lat' dir='ltr'><strong>prout</strong></span> <span class='ocrx_word' id='word_1_187' title='bbox 1732 3035 1733 3076; x_wconf 65' lang='lat' dir='ltr'><strong>l</strong></span> 
     </span>
    </p>
   </div>
   <div class='ocr_carea' id='block_1_6' title="bbox 335 3157 1657 3984">
    <p class='ocr_par' dir='ltr' id='par_1_6' title="bbox 335 3157 1657 3984">
     <span class='ocr_line' id='line_1_22' title="bbox 337 3157 1656 3262; baseline 0.002 -32"><span class='ocrx_word' id='word_1_188' title='bbox 337 3157 407 3231; x_wconf 79' lang='lat' dir='ltr'><strong>dur</strong></span> <span class='ocrx_word' id='word_1_189' title='bbox 419 3158 600 3254; x_wconf 88' lang='lat' dir='ltr'><strong>predictus</strong></span> <span class='ocrx_word' id='word_1_190' title='bbox 616 3161 790 3236; x_wconf 89' lang='lat' dir='ltr'><strong>lerculum</strong></span> <span class='ocrx_word' id='word_1_191' title='bbox 808 3163 973 3262; x_wconf 89' lang='lat' dir='ltr'><strong>portavit,</strong></span> <span class='ocrx_word' id='word_1_192' title='bbox 997 3171 1033 3238; x_wconf 91' lang='lat' dir='ltr'><strong>et</strong></span> <span class='ocrx_word' id='word_1_193' title='bbox 1053 3187 1126 3238; x_wconf 90' lang='lat' dir='ltr'><strong>nou</strong></span> <span class='ocrx_word' id='word_1_194' title='bbox 1147 3163 1296 3238; x_wconf 88' lang='lat' dir='ltr'><strong>recessit</strong></span> <span class='ocrx_word' id='word_1_195' title='bbox 1314 3164 1359 3238; x_wconf 92' lang='lat' dir='ltr'><strong>de</strong></span> <span class='ocrx_word' id='word_1_196' title='bbox 1382 3162 1579 3252; x_wconf 85' lang='lat' dir='ltr'><strong>credentia,</strong></span> <span class='ocrx_word' id='word_1_197' title='bbox 1600 3161 1656 3234; x_wconf 89' lang='lat' dir='ltr'><strong>nisi</strong></span> 
     </span>
     <span class='ocr_line' id='line_1_23' title="bbox 336 3283 1657 3385; baseline 0.002 -30"><span class='ocrx_word' id='word_1_198' title='bbox 336 3289 526 3378; x_wconf 92' lang='lat' dir='ltr'><strong>postquam</strong></span> <span class='ocrx_word' id='word_1_199' title='bbox 551 3283 623 3358; x_wconf 84' lang='lat' dir='ltr'><strong>dux</strong></span> <span class='ocrx_word' id='word_1_200' title='bbox 643 3284 690 3358; x_wconf 93' lang='lat' dir='ltr'><strong>ad</strong></span> <span class='ocrx_word' id='word_1_201' title='bbox 712 3286 826 3383; x_wconf 87' lang='lat' dir='ltr'><strong>ipsam</strong></span> <span class='ocrx_word' id='word_1_202' title='bbox 853 3288 1076 3363; x_wconf 88' lang='lat' dir='ltr'><strong>credentiam</strong></span> <span class='ocrx_word' id='word_1_203' title='bbox 1105 3289 1150 3362; x_wconf 91' lang='lat' dir='ltr'><strong>de</strong></span> <span class='ocrx_word' id='word_1_204' title='bbox 1177 3287 1347 3385; x_wconf 84' lang='lat' dir='ltr'><strong>pontifice</strong></span> <span class='ocrx_word' id='word_1_205' title='bbox 1376 3287 1543 3362; x_wconf 87' lang='lat' dir='ltr'><strong>rediisset</strong></span> <span class='ocrx_word' id='word_1_206' title='bbox 1567 3313 1574 3359; x_wconf 91' lang='lat'>:</span> <span class='ocrx_word' id='word_1_207' title='bbox 1597 3287 1657 3358; x_wconf 93' lang='lat' dir='ltr'><strong>boc</strong></span> 
     </span>
     <span class='ocr_line' id='line_1_24' title="bbox 337 3405 1655 3510; baseline 0.004 -33"><span class='ocrx_word' id='word_1_208' title='bbox 337 3405 463 3481; x_wconf 86' lang='lat' dir='ltr'><strong>ordine</strong></span> <span class='ocrx_word' id='word_1_209' title='bbox 478 3416 634 3504; x_wconf 88' lang='lat' dir='ltr'><strong>quatuor</strong></span> <span class='ocrx_word' id='word_1_210' title='bbox 648 3411 787 3487; x_wconf 79' lang='lat' dir='ltr'><strong>fercula</strong></span> <span class='ocrx_word' id='word_1_211' title='bbox 801 3413 947 3486; x_wconf 90' lang='lat' dir='ltr'><strong>luerunt</strong></span> <span class='ocrx_word' id='word_1_212' title='bbox 964 3411 1166 3487; x_wconf 79' lang='lat' dir='ltr'><strong>successive</strong></span> <span class='ocrx_word' id='word_1_213' title='bbox 1184 3411 1346 3509; x_wconf 86' lang='lat' dir='ltr'><strong>pontifici</strong></span> <span class='ocrx_word' id='word_1_214' title='bbox 1363 3419 1520 3510; x_wconf 86' lang='lat' dir='ltr'><strong>portata,</strong></span> <span class='ocrx_word' id='word_1_215' title='bbox 1537 3417 1655 3508; x_wconf 88' lang='lat' dir='ltr'><strong>etpost</strong></span> 
     </span>
     <span class='ocr_line' id='line_1_25' title="bbox 336 3532 1655 3636; baseline 0.002 -32"><span class='ocrx_word' id='word_1_216' title='bbox 336 3532 520 3628; x_wconf 90' lang='lat' dir='ltr'><strong>quodlibet</strong></span> <span class='ocrx_word' id='word_1_217' title='bbox 539 3535 715 3610; x_wconf 82' lang='lat' dir='ltr'><strong>ferculum</strong></span> <span class='ocrx_word' id='word_1_218' title='bbox 741 3537 832 3611; x_wconf 87' lang='lat' dir='ltr'><strong>alius</strong></span> <span class='ocrx_word' id='word_1_219' title='bbox 852 3545 959 3636; x_wconf 90' lang='lat' dir='ltr'><strong>potus</strong></span> <span class='ocrx_word' id='word_1_220' title='bbox 978 3537 1062 3611; x_wconf 84' lang='lat' dir='ltr'><strong>vini.</strong></span> <span class='ocrx_word' id='word_1_221' title='bbox 1086 3537 1244 3610; x_wconf 88' lang='lat' dir='ltr'><strong>Primum</strong></span> <span class='ocrx_word' id='word_1_222' title='bbox 1264 3536 1455 3626; x_wconf 78' lang='lat' dir='ltr'><strong>ferculum,</strong></span> <span class='ocrx_word' id='word_1_223' title='bbox 1480 3538 1655 3634; x_wconf 90' lang='lat' dir='ltr'><strong>quoderat</strong></span> 
     </span>
     <span class='ocr_line' id='line_1_26' title="bbox 335 3655 1653 3761; baseline 0.002 -34"><span class='ocrx_word' id='word_1_224' title='bbox 335 3655 552 3753; x_wconf 88' lang='lat' dir='ltr'><strong>pinocchiati</strong></span> <span class='ocrx_word' id='word_1_225' title='bbox 581 3659 734 3734; x_wconf 89' lang='lat' dir='ltr'><strong>indorati</strong></span> <span class='ocrx_word' id='word_1_226' title='bbox 764 3669 800 3736; x_wconf 92' lang='lat' dir='ltr'><strong>et</strong></span> <span class='ocrx_word' id='word_1_227' title='bbox 830 3661 1045 3760; x_wconf 85' lang='lat' dir='ltr'><strong>inargentati</strong></span> <span class='ocrx_word' id='word_1_228' title='bbox 1075 3685 1158 3735; x_wconf 88' lang='lat' dir='ltr'><strong>eum</strong></span> <span class='ocrx_word' id='word_1_229' title='bbox 1187 3684 1295 3761; x_wconf 84' lang='lat' dir='ltr'><strong>parvo</strong></span> <span class='ocrx_word' id='word_1_230' title='bbox 1326 3661 1455 3735; x_wconf 81' lang='lat' dir='ltr'><strong>vexillo</strong></span> <span class='ocrx_word' id='word_1_231' title='bbox 1484 3659 1653 3760; x_wconf 88' lang='lat' dir='ltr'><strong>pontificis</strong></span> 
     </span>
     <span class='ocr_line' id='line_1_27' title="bbox 336 3783 1654 3882; baseline 0.001 -28"><span class='ocrx_word' id='word_1_232' title='bbox 336 3788 457 3856; x_wconf 89' lang='lat' dir='ltr'><strong>erecto</strong></span> <span class='ocrx_word' id='word_1_233' title='bbox 481 3784 517 3856; x_wconf 93' lang='lat' dir='ltr'><strong>in</strong></span> <span class='ocrx_word' id='word_1_234' title='bbox 537 3785 671 3876; x_wconf 87' lang='lat' dir='ltr'><strong>medio,</strong></span> <span class='ocrx_word' id='word_1_235' title='bbox 695 3785 723 3858; x_wconf 91' lang='lat' dir='ltr'><strong>si</strong></span> <span class='ocrx_word' id='word_1_236' title='bbox 753 3792 852 3861; x_wconf 89' lang='lat' dir='ltr'><strong>recte</strong></span> <span class='ocrx_word' id='word_1_237' title='bbox 881 3785 1043 3876; x_wconf 90' lang='lat' dir='ltr'><strong>memini,</strong></span> <span class='ocrx_word' id='word_1_238' title='bbox 1074 3785 1227 3882; x_wconf 86' lang='lat' dir='ltr'><strong>portarit</strong></span> <span class='ocrx_word' id='word_1_239' title='bbox 1255 3786 1367 3859; x_wconf 92' lang='lat' dir='ltr'><strong>lllust.</strong></span> <span class='ocrx_word' id='word_1_240' title='bbox 1399 3784 1569 3858; x_wconf 91' lang='lat' dir='ltr'><strong>domiuus</strong></span> <span class='ocrx_word' id='word_1_241' title='bbox 1594 3783 1654 3856; x_wconf 85' lang='lat' dir='ltr'><strong>dux</strong></span> 
     </span>
     <span class='ocr_line' id='line_1_28' title="bbox 338 3907 587 3984; baseline 0.012 -5"><span class='ocrx_word' id='word_1_242' title='bbox 338 3907 587 3984; x_wconf 85' lang='lat' dir='ltr'><strong>Amalfitauus.</strong></span> 
     </span>
    </p>
   </div>
   <div class='ocr_carea' id='block_1_7' title="bbox 383 4023 1610 4134">
    <p class='ocr_par' dir='ltr' id='par_1_7' title="bbox 383 4023 1732 4134">
     <span class='ocr_line' id='line_1_29' title="bbox 383 4023 1610 4134; baseline 0.007 -31"><span class='ocrx_word' id='word_1_243' title='bbox 383 4031 542 4107; x_wconf 92' lang='lat' dir='ltr'><strong>Primum</strong></span> <span class='ocrx_word' id='word_1_244' title='bbox 558 4039 684 4131; x_wconf 91' lang='lat' dir='ltr'><strong>potum</strong></span> <span class='ocrx_word' id='word_1_245' title='bbox 696 4035 765 4108; x_wconf 89' lang='lat' dir='ltr'><strong>vini</strong></span> <span class='ocrx_word' id='word_1_246' title='bbox 782 4023 935 4132; x_wconf 87' lang='lat' dir='ltr'><strong>portavit</strong></span> <span class='ocrx_word' id='word_1_247' title='bbox 950 4039 994 4110; x_wconf 89' lang='lat' dir='ltr'><strong>D.</strong></span> <span class='ocrx_word' id='word_1_248' title='bbox 1014 4035 1251 4132; x_wconf 89' lang='lat' dir='ltr'><strong>Masquardus</strong></span> <span class='ocrx_word' id='word_1_249' title='bbox 1267 4042 1390 4111; x_wconf 91' lang='lat' dir='ltr'><strong>orator</strong></span> <span class='ocrx_word' id='word_1_250' title='bbox 1404 4035 1610 4134; x_wconf 89' lang='lat' dir='ltr'><strong>imperialis.</strong></span> 
     </span>
    </p>
   </div>
   <div class='ocr_carea' id='block_1_8' title="bbox 383 4159 1732 4260">
    <p class='ocr_par' dir='ltr' id='par_1_8' title="bbox 383 4159 1732 4260">
     <span class='ocr_line' id='line_1_30' title="bbox 383 4159 1732 4260; baseline 0.001 -28"><span class='ocrx_word' id='word_1_251' title='bbox 383 4159 589 4234; x_wconf 87' lang='lat' dir='ltr'><strong>Secundum</strong></span> <span class='ocrx_word' id='word_1_252' title='bbox 607 4160 785 4236; x_wconf 82' lang='lat' dir='ltr'><strong>ferculum</strong></span> <span class='ocrx_word' id='word_1_253' title='bbox 807 4167 884 4235; x_wconf 90' lang='lat' dir='ltr'><strong>erat</strong></span> <span class='ocrx_word' id='word_1_254' title='bbox 905 4161 1083 4236; x_wconf 89' lang='lat' dir='ltr'><strong>coriandri</strong></span> <span class='ocrx_word' id='word_1_255' title='bbox 1106 4161 1227 4258; x_wconf 87' lang='lat' dir='ltr'><strong>magui</strong></span> <span class='ocrx_word' id='word_1_256' title='bbox 1251 4169 1288 4236; x_wconf 90' lang='lat' dir='ltr'><strong>et</strong></span> <span class='ocrx_word' id='word_1_257' title='bbox 1308 4162 1438 4258; x_wconf 89' lang='lat' dir='ltr'><strong>grossi,</strong></span> <span class='ocrx_word' id='word_1_258' title='bbox 1461 4164 1559 4260; x_wconf 93' lang='lat' dir='ltr'><strong>quod</strong></span> <span class='ocrx_word' id='word_1_259' title='bbox 1578 4183 1652 4258; x_wconf 93' lang='lat' dir='ltr'><strong>por·</strong></span> <span class='ocrx_word' id='word_1_260' title='bbox 1731 4199 1732 4222; x_wconf 52' lang='grc' dir='ltr'>ι</span> 
     </span>
    </p>
   </div>
   <div class='ocr_carea' id='block_1_9' title="bbox 332 4283 1651 4886">
    <p class='ocr_par' dir='ltr' id='par_1_9' title="bbox 332 4283 1651 4886">
     <span class='ocr_line' id='line_1_31' title="bbox 334 4283 1247 4386; baseline 0.003 -30"><span class='ocrx_word' id='word_1_261' title='bbox 334 4283 418 4357; x_wconf 89' lang='lat' dir='ltr'><strong>tavit</strong></span> <span class='ocrx_word' id='word_1_262' title='bbox 431 4306 555 4359; x_wconf 86' lang='lat' dir='ltr'><strong>comes</strong></span> <span class='ocrx_word' id='word_1_263' title='bbox 570 4287 745 4362; x_wconf 85' lang='lat' dir='ltr'><strong>Marconii</strong></span> <span class='ocrx_word' id='word_1_264' title='bbox 759 4293 882 4361; x_wconf 89' lang='lat' dir='ltr'><strong>orator</strong></span> <span class='ocrx_word' id='word_1_265' title='bbox 898 4287 993 4384; x_wconf 83' lang='lat' dir='ltr'><strong>regis</strong></span> <span class='ocrx_word' id='word_1_266' title='bbox 1009 4287 1247 4386; x_wconf 89' lang='lat' dir='ltr'><strong>Neapolitani.</strong></span> 
     </span>
     <span class='ocr_line' id='line_1_32' title="bbox 381 4409 1264 4509; baseline 0.003 -27"><span class='ocrx_word' id='word_1_267' title='bbox 381 4409 589 4484; x_wconf 89' lang='lat' dir='ltr'><strong>Secundum</strong></span> <span class='ocrx_word' id='word_1_268' title='bbox 602 4417 728 4508; x_wconf 94' lang='lat' dir='ltr'><strong>potum</strong></span> <span class='ocrx_word' id='word_1_269' title='bbox 748 4412 902 4509; x_wconf 87' lang='lat' dir='ltr'><strong>portavit</strong></span> <span class='ocrx_word' id='word_1_270' title='bbox 921 4415 965 4486; x_wconf 86' lang='lat' dir='ltr'><strong>[l.</strong></span> <span class='ocrx_word' id='word_1_271' title='bbox 985 4418 1130 4488; x_wconf 89' lang='lat' dir='ltr'><strong>senator</strong></span> <span class='ocrx_word' id='word_1_272' title='bbox 1146 4413 1264 4487; x_wconf 92' lang='lat' dir='ltr'><strong>Urbis.</strong></span> 
     </span>
     <span class='ocr_line' id='line_1_33' title="bbox 384 4533 1651 4636; baseline 0.001 -30"><span class='ocrx_word' id='word_1_273' title='bbox 384 4533 545 4609; x_wconf 88' lang='lat' dir='ltr'><strong>Tertium</strong></span> <span class='ocrx_word' id='word_1_274' title='bbox 567 4535 745 4612; x_wconf 85' lang='lat' dir='ltr'><strong>sarculum</strong></span> <span class='ocrx_word' id='word_1_275' title='bbox 766 4543 844 4612; x_wconf 88' lang='lat' dir='ltr'><strong>erat</strong></span> <span class='ocrx_word' id='word_1_276' title='bbox 864 4537 1103 4612; x_wconf 80' lang='lat' dir='ltr'><strong>consectionis</strong></span> <span class='ocrx_word' id='word_1_277' title='bbox 1123 4537 1247 4629; x_wconf 81' lang='lat' dir='ltr'><strong>mixte,</strong></span> <span class='ocrx_word' id='word_1_278' title='bbox 1262 4537 1360 4634; x_wconf 95' lang='lat' dir='ltr'><strong>quod</strong></span> <span class='ocrx_word' id='word_1_279' title='bbox 1374 4539 1528 4636; x_wconf 86' lang='lat' dir='ltr'><strong>portarit</strong></span> <span class='ocrx_word' id='word_1_280' title='bbox 1542 4557 1651 4612; x_wconf 88' lang='lat' dir='ltr'><strong>comes</strong></span> 
     </span>
     <span class='ocr_line' id='line_1_34' title="bbox 332 4660 1580 4760; baseline 0.004 -28"><span class='ocrx_word' id='word_1_281' title='bbox 332 4660 525 4758; x_wconf 83' lang='lat' dir='ltr'><strong>Montague</strong></span> <span class='ocrx_word' id='word_1_282' title='bbox 541 4662 650 4736; x_wconf 92' lang='lat' dir='ltr'><strong>etiam</strong></span> <span class='ocrx_word' id='word_1_283' title='bbox 666 4668 789 4737; x_wconf 88' lang='lat' dir='ltr'><strong>orator</strong></span> <span class='ocrx_word' id='word_1_284' title='bbox 806 4663 900 4760; x_wconf 86' lang='lat' dir='ltr'><strong>regis</strong></span> <span class='ocrx_word' id='word_1_285' title='bbox 917 4661 1126 4760; x_wconf 88' lang='lat' dir='ltr'><strong>supradicti.</strong></span> <span class='ocrx_word' id='word_1_286' title='bbox 1574 4663 1580 4679; x_wconf 86' lang='lat'>&#39;</span> 
     </span>
     <span class='ocr_line' id='line_1_35' title="bbox 380 4786 1648 4886; baseline -0.001 -29"><span class='ocrx_word' id='word_1_287' title='bbox 380 4786 539 4860; x_wconf 85' lang='lat' dir='ltr'><strong>Tertium</strong></span> <span class='ocrx_word' id='word_1_288' title='bbox 563 4794 689 4884; x_wconf 91' lang='lat' dir='ltr'><strong>potum</strong></span> <span class='ocrx_word' id='word_1_289' title='bbox 714 4788 868 4886; x_wconf 87' lang='lat' dir='ltr'><strong>portavit</strong></span> <span class='ocrx_word' id='word_1_290' title='bbox 889 4793 932 4862; x_wconf 79' lang='lat' dir='ltr'><strong>l).</strong></span> <span class='ocrx_word' id='word_1_291' title='bbox 958 4787 1098 4862; x_wconf 90' lang='lat' dir='ltr'><strong>Florius</strong></span> <span class='ocrx_word' id='word_1_292' title='bbox 1121 4789 1317 4865; x_wconf 88' lang='lat' dir='ltr'><strong>Duverrela</strong></span> <span class='ocrx_word' id='word_1_293' title='bbox 1341 4790 1446 4864; x_wconf 87' lang='lat' dir='ltr'><strong>miles</strong></span> <span class='ocrx_word' id='word_1_294' title='bbox 1472 4789 1604 4865; x_wconf 91' lang='lat' dir='ltr'><strong>ordinis</strong></span> <span class='ocrx_word' id='word_1_295' title='bbox 1623 4808 1648 4858; x_wconf 91' lang='lat' dir='ltr'><strong>s.</strong></span> 
     </span>
    </p>
   </div>
   <div class='ocr_carea' id='block_1_10' title="bbox 195 4893 1288 5013">
    <p class='ocr_par' dir='ltr' id='par_1_10' title="bbox 195 4893 1288 5013">
     <span class='ocr_line' id='line_1_36' title="bbox 195 4893 1288 5013; baseline 0.011 -35"><span class='ocrx_word' id='word_1_296' title='bbox 195 4893 204 4904; x_wconf 72' lang='grc'>’</span> <span class='ocrx_word' id='word_1_297' title='bbox 328 4907 502 4982; x_wconf 81' lang='lat' dir='ltr'><strong>lobannis</strong></span> <span class='ocrx_word' id='word_1_298' title='bbox 519 4911 848 5010; x_wconf 81' lang='lat' dir='ltr'><strong>Hierosolymitani,</strong></span> <span class='ocrx_word' id='word_1_299' title='bbox 864 4919 986 4988; x_wconf 89' lang='lat' dir='ltr'><strong>orator</strong></span> <span class='ocrx_word' id='word_1_300' title='bbox 1001 4914 1096 5012; x_wconf 87' lang='lat' dir='ltr'><strong>regis</strong></span> <span class='ocrx_word' id='word_1_301' title='bbox 1114 4917 1288 5013; x_wconf 83' lang='lat' dir='ltr'><strong>Ungarie:</strong></span> 
     </span>
    </p>
   </div>
   <div class='ocr_carea' id='block_1_11' title="bbox 382 5036 1646 5139">
    <p class='ocr_par' dir='ltr' id='par_1_11' title="bbox 382 4999 1731 5140">
     <span class='ocr_line' id='line_1_37' title="bbox 382 5036 1646 5139; baseline 0.004 -32"><span class='ocrx_word' id='word_1_302' title='bbox 382 5036 555 5119; x_wconf 84' lang='lat' dir='ltr'><strong>Quartum</strong></span> <span class='ocrx_word' id='word_1_303' title='bbox 570 5037 747 5112; x_wconf 81' lang='lat' dir='ltr'><strong>ferculum</strong></span> <span class='ocrx_word' id='word_1_304' title='bbox 765 5045 842 5114; x_wconf 88' lang='lat' dir='ltr'><strong>erat</strong></span> <span class='ocrx_word' id='word_1_305' title='bbox 859 5038 1056 5130; x_wconf 89' lang='lat' dir='ltr'><strong>cialdones,</strong></span> <span class='ocrx_word' id='word_1_306' title='bbox 1078 5040 1175 5136; x_wconf 93' lang='lat' dir='ltr'><strong>quod</strong></span> <span class='ocrx_word' id='word_1_307' title='bbox 1194 5041 1347 5139; x_wconf 86' lang='lat' dir='ltr'><strong>porterit</strong></span> <span class='ocrx_word' id='word_1_308' title='bbox 1367 5045 1410 5116; x_wconf 85' lang='lat' dir='ltr'><strong>D.</strong></span> <span class='ocrx_word' id='word_1_309' title='bbox 1437 5040 1646 5124; x_wconf 83' lang='lat' dir='ltr'><strong>Leouardus,</strong></span> 
     </span>
    </p>
   </div>
   <div class='ocr_carea' id='block_1_12' title="bbox 329 5160 1277 5254">
    <p class='ocr_par' dir='ltr' id='par_1_12' title="bbox 329 5160 1277 5254">
     <span class='ocr_line' id='line_1_38' title="bbox 329 5160 1277 5254; baseline 0.005 -20"><span class='ocrx_word' id='word_1_310' title='bbox 329 5160 455 5234; x_wconf 87' lang='lat' dir='ltr'><strong>doctor</strong></span> <span class='ocrx_word' id='word_1_311' title='bbox 469 5166 509 5235; x_wconf 89' lang='lat' dir='ltr'><strong>et</strong></span> <span class='ocrx_word' id='word_1_312' title='bbox 520 5161 636 5254; x_wconf 88' lang='lat' dir='ltr'><strong>miles,</strong></span> <span class='ocrx_word' id='word_1_313' title='bbox 659 5167 782 5236; x_wconf 90' lang='lat' dir='ltr'><strong>orator</strong></span> <span class='ocrx_word' id='word_1_314' title='bbox 797 5163 849 5236; x_wconf 92' lang='lat' dir='ltr'><strong>lll.</strong></span> <span class='ocrx_word' id='word_1_315' title='bbox 868 5162 968 5238; x_wconf 86' lang='lat' dir='ltr'><strong>ducis</strong></span> <span class='ocrx_word' id='word_1_316' title='bbox 985 5164 1277 5241; x_wconf 87' lang='lat' dir='ltr'><strong>Mediolanensis.</strong></span> 
     </span>
    </p>
   </div>
   <div class='ocr_carea' id='block_1_13' title="bbox 0 0 1752 6056">
    <p class='ocr_par' dir='ltr' id='par_1_13' title="bbox 0 0 1752 6056">
     <span class='ocr_line' id='line_1_39' title="bbox 0 0 1752 6056; baseline 0 3"><span class='ocrx_word' id='word_1_317' title='bbox 0 0 1752 6056; x_wconf 95' lang='lat' dir='ltr'><strong> </strong></span> 
     </span>
    </p>
   </div>
  </div>
 </body>
</html>
