3422 6034
61 493 131 557 [llere
147 491 213 554 tlte]
372 491 499 548 RERUM
525 491 751 550 L'RBANARUM
776 492 1038 550 commentatur.
1322 491 1375 546 337

61 645 136 718 felix
159 651 195 718 et
218 625 355 719 laustu's
373 647 438 738 sit,
466 671 508 720 ex
532 671 647 743 eoque
675 648 757 720 talis
784 649 938 735 lrectes,
965 647 1109 743 qualem
1138 645 1222 718 boni
1250 669 1377 720 omnes

61 778 234 866 ereptant,
253 777 287 845 el
302 773 346 846 ad
360 773 457 845 hunc
471 773 581 847 finem
594 779 629 847 et
641 773 831 848 Serenitati
845 781 962 847 vestre
976 773 1019 846 de
1034 795 1209 870 prospero
1225 771 1377 844 adventu

61 895 262 988 gratulatur,
277 903 311 970 et
327 899 444 973 eidem
461 924 500 974 se
517 908 553 973 et
569 923 635 973 sua
650 900 772 972 omnia
786 899 983 973 liberaliter
996 899 1114 972 offert.
1135 928 1152 964 u

97 1024 228 1094 Tereus
254 1025 438 1120 predictos
458 1033 540 1100 aete
565 1031 699 1122 etpost
717 1025 963 1122 receptionem
983 1023 1182 1122 predictam
1203 1021 1374 1118 equitavit

57 1145 139 1218 inter
154 1147 387 1220 l'ranciscum
413 1149 499 1222 Cibo
525 1149 741 1224 sanctissimi
762 1151 804 1221 D.
824 1152 866 1223 N.
882 1171 974 1245 pape
997 1146 1108 1224 lilium
1129 1171 1149 1220 a
1171 1147 1319 1237 dextris,
1336 1152 1373 1220 et

55 1269 199 1366 priorem
217 1271 384 1346 Alvereie
405 1281 577 1372 nepotem
598 1275 758 1372 magistri
782 1275 863 1347 novi
884 1275 1074 1348 cardinalis
1095 1301 1114 1350 a
1137 1273 1289 1347 sinistris
1309 1298 1316 1346 :
1333 1279 1370 1346 et

54 1395 126 1468 lieet
145 1403 292 1470 senator
311 1395 414 1469 Urbis
439 1405 475 1470 et
492 1397 613 1494 plures
638 1394 799 1470 oratores
823 1396 918 1486 laici,
945 1395 1109 1470 videlicet
1130 1395 1224 1492 regis
1245 1393 1369 1468 Ferdi-

56 1521 164 1608 eandi,
192 1520 350 1594 Domieii
374 1526 596 1596 Venetorum
618 1524 725 1598 etalii
742 1523 851 1598 etiam
867 1521 1046 1621 pontilicis
1069 1521 1209 1611 alienes,
1228 1518 1370 1616 predic-

58 1652 121 1716 tum
152 1649 310 1720 Tereum
337 1648 552 1745 receperint,
582 1653 719 1736 tamen,
748 1648 831 1744 quia
857 1648 1039 1744 predictus
1064 1647 1163 1744 prior
1189 1645 1367 1735 Alvernie,

56 1793 210 1844 asserens
233 1796 273 1846 se
295 1779 477 1846 oratorem
498 1774 594 1870 regis
622 1777 843 1847 Francorum
864 1796 945 1848 esse
966 1779 1002 1848 et
1021 1795 1144 1846 curam
1165 1771 1251 1845 dicti
1267 1770 1374 1845 Turci

54 1895 109 1968 sibi
121 1885 356 1970 commissam
368 1919 463 1988 esse,
482 1899 640 1972 senatori
656 1905 691 1972 et
708 1899 785 1972 uliis
799 1899 1001 1972 oratoribus
1012 1898 1132 1972 locum
1144 1899 1230 1972 dare
1243 1897 1369 1986 noluit,

54 2029 192 2119 excepto
208 2031 380 2098 senatore
396 2023 552 2118 quiante
569 2047 635 2096 eos
652 2015 834 2120 equitalit,
853 2047 980 2098 omnes
997 2028 1237 2097 recesserunt.

91 2147 265 2221 Venimus
293 2147 364 2222 hoc
392 2148 516 2224 ordine
544 2149 589 2223 ad
616 2149 788 2245 palatium
818 2148 1057 2245 apostolicum
1084 2147 1178 2245 apud
1205 2151 1368 2221 sanctum

52 2277 194 2364 Petrum,
213 2273 252 2346 in
270 2297 353 2370 qeo,
376 2275 412 2346 ie
429 2274 582 2349 cameris
599 2275 819 2372 apostolicis,
838 2273 967 2370 quibus
984 2274 1181 2370 imperator
1200 2295 1242 2346 ac
1262 2295 1368 2370 reges

50 2407 78 2471 et
95 2399 148 2470 alii
168 2400 294 2496 magni
317 2399 498 2496 principes
523 2400 631 2496 recipi
654 2400 783 2490 solent,
813 2400 1016 2496 hospitatus
1038 2404 1107 2490 est,
1135 2422 1200 2495 per
1219 2403 1369 2494 pontem

50 2527 148 2598 sancti
166 2525 415 2599 Bartholomei
432 2525 503 2599 sive
524 2525 656 2616 lnsule,
676 2523 834 2623 plateam
851 2525 1063 2614 iudeorum,
1080 2547 1248 2621 campum
1264 2523 1369 2598 Flore

51 2653 205 2725 rectario
232 2651 281 2725 ad
305 2649 475 2749 palatium
499 2651 715 2747 predictum,
743 2673 874 2748 magna
896 2651 1125 2724 multitudine
1150 2649 1369 2748 populorum

50 2776 192 2871 undique
207 2775 383 2850 stantium
395 2777 626 2849 etintroitem
637 2775 847 2872 hujusmodi
860 2775 1174 2874 conspicientium.
1190 2779 1228 2848 le
1240 2773 1367 2874 primis

50 2903 245 2996 equitabant
273 2901 407 2974 lamilic
431 2901 681 2992 cardinalium,
699 2901 829 2974 deinde
851 2901 986 2974 familie
1009 2901 1161 2974 militum
1182 2909 1218 2975 et
1233 2901 1368 2976 milites

49 3027 97 3120 qui
121 3031 279 3103 Tereum
303 3049 346 3100 ex
367 3027 518 3100 Francia
540 3028 807 3114 conduxerant3
829 3027 961 3099 familia
986 3027 1106 3118 Terei,
1130 3050 1285 3123 quorum
1310 3029 1371 3100 de-

49 3175 115 3224 cem
133 3161 235 3226 erent
255 3152 309 3226 vel
325 3151 602 3248 circa‚de1nptis
616 3152 684 3224 illis
698 3152 926 3247 qeil'urcem
943 3152 1201 3247 sequebantur,
1214 3175 1366 3248 quorum

49 3279 174 3374 dignior
188 3304 210 3353 a
225 3277 363 3352 dextris
378 3277 535 3351 babebat
552 3284 733 3352 oratorem
755 3277 900 3350 Soldani
921 3277 965 3350 de
982 3301 1054 3372 quo
1071 3277 1163 3350 inira
1178 3275 1339 3350 dicemus
1354 3299 1362 3366 ;

49 3403 191 3478 sretileri
208 3410 321 3500 Pepe,
340 3401 488 3476 senator
507 3427 590 3478 cum
611 3403 717 3477 certis
734 3403 927 3492 nobilibuS,
946 3403 1144 3476 servientes
1166 3425 1362 3492 armorum,¹

48 3527 200 3604 beraldus
217 3531 315 3626 regis
332 3529 497 3618 Francie,
516 3528 635 3602 clerici
652 3528 952 3602 ceremoniarum.
971 3529 1000 3599 Α
1016 3527 1168 3600 sinistris
1182 3527 1272 3600 meis
1289 3533 1366 3600 erat

49 3652 209 3753 interpres
248 3655 372 3745 Terei,
403 3660 440 3728 et
472 3657 609 3726 Turres
638 3653 731 3726 inter
766 3652 998 3725 Franciscum
1030 3651 1115 3724 Cibo
1146 3657 1180 3723 et
1207 3651 1365 3746 priorem

48 3780 226 3872 predictos,
250 3779 553 3876 turcbopellerius
578 3779 788 3869 rhodianus,
807 3784 961 3874 quatuor
976 3801 1019 3850 ex
1035 3775 1215 3850 nobilibus
1231 3775 1364 3849 lamilie

47 3905 151 3996 l'erci,
168 3905 380 3980 cubicularii
398 3907 507 4002 Papa,
527 3903 838 3977 Rhodiauiomnes
856 3909 937 4000 pest
953 3901 1204 3976 cubicularios.
1227 3905 1364 3975 Terces

47 4026 76 4099 in
90 4031 215 4126 palatio
243 4030 429 4105 descendit
450 4030 486 4101 in
508 4029 609 4102 curia
632 4029 691 4100 ubi
713 4029 914 4102 cardinales
935 4028 1095 4124 equitare
1117 4026 1247 4116 solent,
1268 4027 1362 4100 ende

47 4158 265 4232 ascendendo
292 4181 357 4255 per
387 4157 505 4229 aulam
534 4178 702 4251 magnam
738 4155 782 4227 ad
819 4177 982 4247 cameras
1013 4153 1255 4248 predictorum
1296 4150 1363 4222 luit

47 4279 221 4374 deductus,
241 4283 301 4356 ubi
317 4283 519 4379 hospitatus
535 4289 604 4370 est,
623 4287 658 4354 et
673 4303 693 4352 a
709 4280 880 4353 militibus
896 4277 1066 4375 predictis
1083 4275 1294 4348 custoditus.

89 4411 268 4483 llensibus
285 4407 498 4506 supradictis
514 4405 610 4480 venit
627 4405 672 4478 ad
689 4404 820 4478 [rbem
842 4413 964 4477 orator
979 4403 1124 4498 grandis
1148 4399 1291 4474 Soldani
1316 4397 1361 4471 ad

48 4553 214 4608 summum
241 4534 450 4632 pontificem
470 4531 602 4604 misses
626 4535 773 4626 propter
793 4533 946 4601 Turrem
970 4527 1076 4599 leodio
1103 4531 1301 4620 receptum.
1329 4527 1384 4594 ls'

49 4679 119 4730 rum
139 4661 246 4734 bodie
269 4659 503 4733 intellexisset
524 4659 677 4728 Terrcunr
704 4655 835 4726 Urbem
857 4654 1117 4749 ingressurum,
1141 4649 1234 4722 veuit
1255 4648 1362 4721 etiam

52 4781 177 4856 obviam
195 4809 306 4881 eques
322 4809 403 4858 cem
420 4781 553 4856 familia
570 4780 741 4878 pedestri,
764 4802 918 4874 quorum
934 4778 1061 4850 decern
1079 4780 1180 4848 oraret
1196 4773 1251 4846 vel
1269 4773 1365 4844 circa

52 4913 141 4980 outre
154 4917 293 5006 portam
310 4908 522 4982 Portesiam.
542 4910 630 4978 llum
643 4907 781 4978 Tereus
795 4907 897 5001 juxta
913 4925 1036 4974 muros
1051 4900 1154 4973 Urbis
1168 4906 1203 4972 et
1215 4899 1363 4986 flumen,

52 5037 141 5103 extra
163 5032 295 5106 dictem
327 5037 481 5129 portam,
523 5055 634 5130 eques
666 5029 793 5103 berem
825 5026 1039 5124 expectabat
1067 5024 1253 5108 introitus3
1283 5023 1367 5094 heic

49 5159 170 5230 oratori
187 5167 288 5232 extra
309 5159 441 5232 dictam
458 5165 599 5255 portam
620 5155 825 5254 expectanti
848 5153 991 5228 obviam
1021 5162 1195 5226 venerunt
1215 5149 1313 5246 prior
1332 5152 1368 5221 et
1476 5169 1480 5177 ·

1190 5295 1226 5344 aa

176 5318 200 5356 Τ.
217 5321 235 5358 1.
