<?xml version="1.0" encoding="UTF-8"?>
<!DOCTYPE html PUBLIC "-//W3C//DTD XHTML 1.0 Transitional//EN"
    "http://www.w3.org/TR/xhtml1/DTD/xhtml1-transitional.dtd">
<html xmlns="http://www.w3.org/1999/xhtml" xml:lang="en" lang="en">
 <head>
  <title>
</title>
<meta http-equiv="Content-Type" content="text/html;charset=utf-8" />
  <meta name='ocr-system' content='tesseract 3.04.00' />
  <meta name='ocr-capabilities' content='ocr_page ocr_carea ocr_par ocr_line ocrx_word'/>
</head>
<body>
  <div class='ocr_page' id='page_1' title='image "./johannisburchar02burcgoog/johannisburchar02burcgoog_0332.png"; bbox 0 0 3424 6038; ppageno 0'>
   <div class='ocr_carea' id='block_1_1' title="bbox 59 505 1383 571">
    <p class='ocr_par' dir='ltr' id='par_1_1' title="bbox 59 505 1383 571">
     <span class='ocr_line' id='line_1_1' title="bbox 59 505 1383 571; baseline 0.008 -13"><span class='ocrx_word' id='word_1_1' title='bbox 59 508 209 569; x_wconf 68' lang='lat' dir='ltr'><strong>[Nouembre</strong></span> <span class='ocrx_word' id='word_1_2' title='bbox 226 509 294 571; x_wconf 76' lang='grc'><strong>1181]</strong></span> <span class='ocrx_word' id='word_1_3' title='bbox 386 506 512 563; x_wconf 83' lang='lat' dir='ltr'>RERUM</span> <span class='ocrx_word' id='word_1_4' title='bbox 536 505 763 564; x_wconf 84' lang='lat' dir='ltr'>URBANARUM</span> <span class='ocrx_word' id='word_1_5' title='bbox 788 505 1050 565; x_wconf 83' lang='lat' dir='ltr'><strong>COMMENTAHll.</strong></span> <span class='ocrx_word' id='word_1_6' title='bbox 1329 513 1383 568; x_wconf 83' lang='lat'><strong>319</strong></span> 
     </span>
    </p>
   </div>
   <div class='ocr_carea' id='block_1_2' title="bbox 52 659 1467 5265">
    <p class='ocr_par' dir='ltr' id='par_1_2' title="bbox 52 659 1467 5265">
     <span class='ocr_line' id='line_1_2' title="bbox 57 659 1382 760; baseline -0.002 -26"><span class='ocrx_word' id='word_1_7' title='bbox 57 665 123 734; x_wconf 94' lang='lat' dir='ltr'><strong>DD.</strong></span> <span class='ocrx_word' id='word_1_8' title='bbox 139 660 343 734; x_wconf 78' lang='lat' dir='ltr'><strong>cardinales</strong></span> <span class='ocrx_word' id='word_1_9' title='bbox 359 659 395 733; x_wconf 93' lang='lat' dir='ltr'><strong>in</strong></span> <span class='ocrx_word' id='word_1_10' title='bbox 406 682 533 760; x_wconf 86' lang='lat' dir='ltr'><strong>mensa</strong></span> <span class='ocrx_word' id='word_1_11' title='bbox 543 659 658 734; x_wconf 89' lang='lat' dir='ltr'><strong>teneri</strong></span> <span class='ocrx_word' id='word_1_12' title='bbox 672 660 802 751; x_wconf 91' lang='lat' dir='ltr'><strong>solent,</strong></span> <span class='ocrx_word' id='word_1_13' title='bbox 824 665 860 734; x_wconf 88' lang='lat' dir='ltr'><strong>et</strong></span> <span class='ocrx_word' id='word_1_14' title='bbox 875 683 1003 735; x_wconf 89' lang='lat' dir='ltr'><strong>omnes</strong></span> <span class='ocrx_word' id='word_1_15' title='bbox 1018 661 1126 735; x_wconf 91' lang='lat' dir='ltr'><strong>simul</strong></span> <span class='ocrx_word' id='word_1_16' title='bbox 1142 659 1234 734; x_wconf 91' lang='lat' dir='ltr'><strong>mitti</strong></span> <span class='ocrx_word' id='word_1_17' title='bbox 1248 660 1382 734; x_wconf 87' lang='lat' dir='ltr'><strong>debent</strong></span> 
     </span>
     <span class='ocr_line' id='line_1_3' title="bbox 56 785 1381 886; baseline -0.002 -26"><span class='ocrx_word' id='word_1_18' title='bbox 56 792 91 860; x_wconf 82' lang='lat' dir='ltr'><strong>a.</strong></span> <span class='ocrx_word' id='word_1_19' title='bbox 107 792 145 862; x_wconf 87' lang='lat' dir='ltr'><strong>P.</strong></span> <span class='ocrx_word' id='word_1_20' title='bbox 161 793 203 862; x_wconf 93' lang='lat' dir='ltr'><strong>D.</strong></span> <span class='ocrx_word' id='word_1_21' title='bbox 223 788 414 886; x_wconf 91' lang='lat' dir='ltr'><strong>Sinolpbo,</strong></span> <span class='ocrx_word' id='word_1_22' title='bbox 432 787 527 861; x_wconf 87' lang='lat' dir='ltr'><strong>dicte</strong></span> <span class='ocrx_word' id='word_1_23' title='bbox 552 811 697 862; x_wconf 88' lang='lat' dir='ltr'><strong>camere</strong></span> <span class='ocrx_word' id='word_1_24' title='bbox 718 785 866 878; x_wconf 88' lang='lat' dir='ltr'><strong>clerico,</strong></span> <span class='ocrx_word' id='word_1_25' title='bbox 883 787 942 883; x_wconf 90' lang='lat' dir='ltr'><strong>qui</strong></span> <span class='ocrx_word' id='word_1_26' title='bbox 962 811 1024 861; x_wconf 90' lang='lat' dir='ltr'><strong>eas</strong></span> <span class='ocrx_word' id='word_1_27' title='bbox 1049 787 1158 862; x_wconf 92' lang='lat' dir='ltr'><strong>modo</strong></span> <span class='ocrx_word' id='word_1_28' title='bbox 1175 786 1381 884; x_wconf 90' lang='lat' dir='ltr'><strong>supradicto</strong></span> 
     </span>
     <span class='ocr_line' id='line_1_4' title="bbox 55 913 250 988; baseline 0.021 -4"><span class='ocrx_word' id='word_1_29' title='bbox 55 913 250 988; x_wconf 88' lang='lat' dir='ltr'><strong>distribuet.</strong></span> 
     </span>
     <span class='ocr_line' id='line_1_5' title="bbox 97 1037 1381 1114; baseline -0.002 -2"><span class='ocrx_word' id='word_1_30' title='bbox 97 1039 181 1114; x_wconf 85' lang='lat' dir='ltr'>Dedi</span> <span class='ocrx_word' id='word_1_31' title='bbox 195 1039 328 1113; x_wconf 87' lang='lat' dir='ltr'><strong>deinde</strong></span> <span class='ocrx_word' id='word_1_32' title='bbox 350 1039 505 1113; x_wconf 88' lang='lat' dir='ltr'><strong>etaliam</strong></span> <span class='ocrx_word' id='word_1_33' title='bbox 519 1037 730 1112; x_wconf 82' lang='lat' dir='ltr'><strong>schedulam</strong></span> <span class='ocrx_word' id='word_1_34' title='bbox 754 1037 898 1111; x_wconf 86' lang='lat' dir='ltr'><strong>RRmis.</strong></span> <span class='ocrx_word' id='word_1_35' title='bbox 923 1037 967 1113; x_wconf 93' lang='lat' dir='ltr'><strong>de</strong></span> <span class='ocrx_word' id='word_1_36' title='bbox 990 1037 1142 1112; x_wconf 82' lang='lat' dir='ltr'>Sabellis</span> <span class='ocrx_word' id='word_1_37' title='bbox 1173 1043 1209 1110; x_wconf 89' lang='lat' dir='ltr'><strong>et</strong></span> <span class='ocrx_word' id='word_1_38' title='bbox 1226 1039 1381 1112; x_wconf 81' lang='lat' dir='ltr'><strong>Ascanio</strong></span> 
     </span>
     <span class='ocr_line' id='line_1_6' title="bbox 54 1161 1377 1262; baseline 0.001 -27"><span class='ocrx_word' id='word_1_39' title='bbox 54 1163 303 1257; x_wconf 79' lang='lat' dir='ltr'><strong>cardinalibus,</strong></span> <span class='ocrx_word' id='word_1_40' title='bbox 326 1169 429 1237; x_wconf 79' lang='lat' dir='ltr'><strong>ltmo.</strong></span> <span class='ocrx_word' id='word_1_41' title='bbox 456 1167 501 1236; x_wconf 90' lang='lat' dir='ltr'><strong>D.</strong></span> <span class='ocrx_word' id='word_1_42' title='bbox 526 1163 570 1238; x_wconf 91' lang='lat' dir='ltr'><strong>de</strong></span> <span class='ocrx_word' id='word_1_43' title='bbox 587 1163 740 1238; x_wconf 82' lang='lat' dir='ltr'><strong>Sabellis</strong></span> <span class='ocrx_word' id='word_1_44' title='bbox 761 1163 973 1262; x_wconf 78' lang='lat' dir='ltr'><strong>recipiente,</strong></span> <span class='ocrx_word' id='word_1_45' title='bbox 992 1161 1202 1260; x_wconf 89' lang='lat' dir='ltr'><strong>hujusmodi</strong></span> <span class='ocrx_word' id='word_1_46' title='bbox 1218 1161 1377 1236; x_wconf 88' lang='lat' dir='ltr'><strong>tenoris:</strong></span> 
     </span>
     <span class='ocr_line' id='line_1_7' title="bbox 93 1285 1381 1387; baseline -0.001 -27"><span class='ocrx_word' id='word_1_47' title='bbox 93 1288 324 1387; x_wconf 87' lang='lat' dir='ltr'><strong>lnlrascripte</strong></span> <span class='ocrx_word' id='word_1_48' title='bbox 357 1288 535 1364; x_wconf 84' lang='lat' dir='ltr'><strong>debentur</strong></span> <span class='ocrx_word' id='word_1_49' title='bbox 562 1287 718 1384; x_wconf 84' lang='lat' dir='ltr'><strong>pecunie</strong></span> <span class='ocrx_word' id='word_1_50' title='bbox 748 1287 888 1360; x_wconf 89' lang='lat' dir='ltr'><strong>ratione</strong></span> <span class='ocrx_word' id='word_1_51' title='bbox 916 1285 1150 1382; x_wconf 78' lang='lat' dir='ltr'><strong>exequiarum</strong></span> <span class='ocrx_word' id='word_1_52' title='bbox 1180 1286 1276 1359; x_wconf 90' lang='lat' dir='ltr'><strong>bone</strong></span> <span class='ocrx_word' id='word_1_53' title='bbox 1303 1309 1381 1359; x_wconf 90' lang='lat' dir='ltr'><strong>me-</strong></span> 
     </span>
     <span class='ocr_line' id='line_1_8' title="bbox 52 1409 1378 1488; baseline -0.003 -2"><span class='ocrx_word' id='word_1_54' title='bbox 52 1412 156 1486; x_wconf 87' lang='lat' dir='ltr'><strong>morie</strong></span> <span class='ocrx_word' id='word_1_55' title='bbox 172 1413 370 1488; x_wconf 87' lang='lat' dir='ltr'><strong>cardinalis</strong></span> <span class='ocrx_word' id='word_1_56' title='bbox 384 1411 665 1488; x_wconf 87' lang='lat' dir='ltr'><strong>Mediolanensis</strong></span> <span class='ocrx_word' id='word_1_57' title='bbox 688 1435 733 1485; x_wconf 85' lang='lat' dir='ltr'><strong>ex</strong></span> <span class='ocrx_word' id='word_1_58' title='bbox 752 1411 922 1486; x_wconf 79' lang='lat' dir='ltr'><strong>laudabili</strong></span> <span class='ocrx_word' id='word_1_59' title='bbox 948 1409 1180 1484; x_wconf 88' lang='lat' dir='ltr'><strong>observantia</strong></span> <span class='ocrx_word' id='word_1_60' title='bbox 1200 1409 1378 1484; x_wconf 89' lang='lat' dir='ltr'><strong>hactenus</strong></span> 
     </span>
     <span class='ocr_line' id='line_1_9' title="bbox 53 1537 283 1612; baseline 0.013 -4"><span class='ocrx_word' id='word_1_61' title='bbox 53 1537 283 1612; x_wconf 88' lang='lat' dir='ltr'><strong>introducta:</strong></span> 
     </span>
     <span class='ocr_line' id='line_1_10' title="bbox 94 1641 1378 1760; baseline -0.002 -27"><span class='ocrx_word' id='word_1_62' title='bbox 94 1661 276 1758; x_wconf 82' lang='lat' dir='ltr'><strong>lllagistris</strong></span> <span class='ocrx_word' id='word_1_63' title='bbox 314 1661 603 1737; x_wconf 87' lang='lat' dir='ltr'><strong>ceremoniarum</strong></span> <span class='ocrx_word' id='word_1_64' title='bbox 644 1661 783 1760; x_wconf 91' lang='lat' dir='ltr'><strong>capelle</strong></span> <span class='ocrx_word' id='word_1_65' title='bbox 813 1641 879 1735; x_wconf 83' lang='lat' dir='ltr'><strong>SS.</strong></span> <span class='ocrx_word' id='word_1_66' title='bbox 912 1665 958 1733; x_wconf 91' lang='lat' dir='ltr'><strong>D.</strong></span> <span class='ocrx_word' id='word_1_67' title='bbox 993 1665 1038 1734; x_wconf 92' lang='lat' dir='ltr'><strong>N.</strong></span> <span class='ocrx_word' id='word_1_68' title='bbox 1069 1684 1161 1757; x_wconf 89' lang='lat' dir='ltr'><strong>pape</strong></span> <span class='ocrx_word' id='word_1_69' title='bbox 1191 1658 1310 1733; x_wconf 90' lang='lat' dir='ltr'><strong>ducati</strong></span> <span class='ocrx_word' id='word_1_70' title='bbox 1343 1657 1378 1730; x_wconf 91' lang='lat' dir='ltr'><strong>in</strong></span> 
     </span>
     <span class='ocr_line' id='line_1_11' title="bbox 52 1777 1380 1860; baseline 0 -4"><span class='ocrx_word' id='word_1_71' title='bbox 52 1777 1094 1860; x_wconf 85' lang='lat' dir='ltr'><strong>aurodecamera...&#39;.................</strong></span> <span class='ocrx_word' id='word_1_72' title='bbox 1310 1808 1380 1856; x_wconf 82' lang='lat' dir='ltr'><strong>xxv</strong></span> 
     </span>
     <span class='ocr_line' id='line_1_12' title="bbox 90 1909 1378 2010; baseline 0 -28"><span class='ocrx_word' id='word_1_73' title='bbox 90 1909 252 1986; x_wconf 89' lang='lat' dir='ltr'><strong>Diacono</strong></span> <span class='ocrx_word' id='word_1_74' title='bbox 267 1919 305 1985; x_wconf 88' lang='lat' dir='ltr'><strong>et</strong></span> <span class='ocrx_word' id='word_1_75' title='bbox 320 1911 541 1986; x_wconf 90' lang='lat' dir='ltr'><strong>subdiacono</strong></span> <span class='ocrx_word' id='word_1_76' title='bbox 557 1913 652 1988; x_wconf 87' lang='lat' dir='ltr'><strong>dicte</strong></span> <span class='ocrx_word' id='word_1_77' title='bbox 669 1911 820 2010; x_wconf 91' lang='lat' dir='ltr'><strong>capelle,</strong></span> <span class='ocrx_word' id='word_1_78' title='bbox 839 1911 975 1986; x_wconf 88' lang='lat' dir='ltr'><strong>similes</strong></span> <span class='ocrx_word' id='word_1_79' title='bbox 991 1911 1110 1985; x_wconf 89' lang='lat' dir='ltr'><strong>ducati</strong></span> <span class='ocrx_word' id='word_1_80' title='bbox 1138 1961 1147 1980; x_wconf 88' lang='lat'><strong>.</strong></span> <span class='ocrx_word' id='word_1_81' title='bbox 1174 1966 1181 1981; x_wconf 93' lang='lat'><strong>.</strong></span> <span class='ocrx_word' id='word_1_82' title='bbox 1211 1967 1219 1983; x_wconf 94' lang='lat'><strong>.</strong></span> <span class='ocrx_word' id='word_1_83' title='bbox 1245 1967 1252 1981; x_wconf 95' lang='lat'><strong>.</strong></span> <span class='ocrx_word' id='word_1_84' title='bbox 1353 1933 1378 1982; x_wconf 91' lang='lat' dir='ltr'><strong>n</strong></span> 
     </span>
     <span class='ocr_line' id='line_1_13' title="bbox 90 2036 1379 2136; baseline 0 -27"><span class='ocrx_word' id='word_1_85' title='bbox 90 2038 304 2112; x_wconf 71' lang='lat' dir='ltr'><strong>cantoribus</strong></span> <span class='ocrx_word' id='word_1_86' title='bbox 320 2038 484 2135; x_wconf 90' lang='lat' dir='ltr'><strong>ejusdem</strong></span> <span class='ocrx_word' id='word_1_87' title='bbox 502 2037 653 2136; x_wconf 90' lang='lat' dir='ltr'><strong>capelle,</strong></span> <span class='ocrx_word' id='word_1_88' title='bbox 670 2036 804 2110; x_wconf 89' lang='lat' dir='ltr'><strong>similes</strong></span> <span class='ocrx_word' id='word_1_89' title='bbox 821 2037 938 2110; x_wconf 88' lang='lat' dir='ltr'><strong>ducati</strong></span> <span class='ocrx_word' id='word_1_90' title='bbox 946 2091 1252 2110; x_wconf 91' lang='grc'><strong>.........</strong></span> <span class='ocrx_word' id='word_1_91' title='bbox 1356 2061 1379 2109; x_wconf 86' lang='lat' dir='ltr'>x</span> 
     </span>
     <span class='ocr_line' id='line_1_14' title="bbox 92 2163 1378 2241; baseline 0 -4"><span class='ocrx_word' id='word_1_92' title='bbox 92 2164 304 2238; x_wconf 85' lang='lat' dir='ltr'><strong>Cursoribus</strong></span> <span class='ocrx_word' id='word_1_93' title='bbox 321 2169 384 2240; x_wconf 90' lang='lat' dir='ltr'><strong>SS.</strong></span> <span class='ocrx_word' id='word_1_94' title='bbox 404 2171 446 2241; x_wconf 90' lang='lat' dir='ltr'><strong>D.</strong></span> <span class='ocrx_word' id='word_1_95' title='bbox 467 2168 510 2240; x_wconf 90' lang='lat' dir='ltr'><strong>N.</strong></span> <span class='ocrx_word' id='word_1_96' title='bbox 528 2165 717 2240; x_wconf 92' lang='lat' dir='ltr'><strong>P.similes</strong></span> <span class='ocrx_word' id='word_1_97' title='bbox 733 2163 876 2236; x_wconf 88' lang='lat' dir='ltr'><strong>ducati.</strong></span> <span class='ocrx_word' id='word_1_98' title='bbox 910 2219 914 2234; x_wconf 93' lang='lat'><strong>.</strong></span> <span class='ocrx_word' id='word_1_99' title='bbox 943 2219 951 2232; x_wconf 90' lang='lat'><strong>.</strong></span> <span class='ocrx_word' id='word_1_100' title='bbox 986 2219 1027 2234; x_wconf 86' lang='lat'><strong>..</strong></span> <span class='ocrx_word' id='word_1_101' title='bbox 1056 2218 1063 2232; x_wconf 90' lang='lat'><strong>.</strong></span> <span class='ocrx_word' id='word_1_102' title='bbox 1091 2217 1098 2231; x_wconf 91' lang='lat'><strong>.</strong></span> <span class='ocrx_word' id='word_1_103' title='bbox 1130 2217 1137 2232; x_wconf 90' lang='lat'><strong>.</strong></span> <span class='ocrx_word' id='word_1_104' title='bbox 1164 2216 1206 2231; x_wconf 87' lang='lat'><strong>..</strong></span> <span class='ocrx_word' id='word_1_105' title='bbox 1241 2217 1248 2233; x_wconf 91' lang='lat'><strong>.</strong></span> <span class='ocrx_word' id='word_1_106' title='bbox 1355 2185 1378 2232; x_wconf 87' lang='lat' dir='ltr'>x</span> 
     </span>
     <span class='ocr_line' id='line_1_15' title="bbox 95 2289 1446 2389; baseline 0.002 -28"><span class='ocrx_word' id='word_1_107' title='bbox 95 2289 194 2363; x_wconf 82' lang='lat' dir='ltr'><strong>Faria</strong></span> <span class='ocrx_word' id='word_1_108' title='bbox 218 2297 358 2389; x_wconf 89' lang='lat' dir='ltr'><strong>quarta,</strong></span> <span class='ocrx_word' id='word_1_109' title='bbox 384 2296 427 2364; x_wconf 77' lang='lat'><strong>12</strong></span> <span class='ocrx_word' id='word_1_110' title='bbox 451 2293 587 2366; x_wconf 90' lang='lat' dir='ltr'><strong>mensis</strong></span> <span class='ocrx_word' id='word_1_111' title='bbox 619 2292 835 2380; x_wconf 84' lang='lat' dir='ltr'><strong>novembris,</strong></span> <span class='ocrx_word' id='word_1_112' title='bbox 859 2290 894 2363; x_wconf 93' lang='lat' dir='ltr'><strong>in</strong></span> <span class='ocrx_word' id='word_1_113' title='bbox 917 2290 1056 2389; x_wconf 91' lang='lat' dir='ltr'><strong>capella</strong></span> <span class='ocrx_word' id='word_1_114' title='bbox 1077 2289 1180 2363; x_wconf 88' lang='lat' dir='ltr'><strong>beate</strong></span> <span class='ocrx_word' id='word_1_115' title='bbox 1200 2289 1311 2362; x_wconf 86' lang='lat' dir='ltr'><strong>Mario</strong></span> <span class='ocrx_word' id='word_1_116' title='bbox 1332 2289 1377 2364; x_wconf 89' lang='lat' dir='ltr'><strong>de</strong></span> <span class='ocrx_word' id='word_1_117' title='bbox 1444 2307 1446 2312; x_wconf 85' lang='lat'>&#39;</span> 
     </span>
     <span class='ocr_line' id='line_1_16' title="bbox 55 2413 1373 2516; baseline 0.003 -33"><span class='ocrx_word' id='word_1_118' title='bbox 55 2413 218 2490; x_wconf 86' lang='lat' dir='ltr'><strong>Febribus</strong></span> <span class='ocrx_word' id='word_1_119' title='bbox 230 2417 376 2493; x_wconf 85' lang='lat' dir='ltr'><strong>basilice</strong></span> <span class='ocrx_word' id='word_1_120' title='bbox 389 2418 562 2516; x_wconf 90' lang='lat' dir='ltr'><strong>principis</strong></span> <span class='ocrx_word' id='word_1_121' title='bbox 575 2419 823 2516; x_wconf 89' lang='lat' dir='ltr'><strong>apostolorum</strong></span> <span class='ocrx_word' id='word_1_122' title='bbox 837 2419 881 2492; x_wconf 86' lang='lat' dir='ltr'><strong>de</strong></span> <span class='ocrx_word' id='word_1_123' title='bbox 894 2415 1003 2504; x_wconf 87' lang='lat' dir='ltr'><strong>Urbe,</strong></span> <span class='ocrx_word' id='word_1_124' title='bbox 1013 2416 1104 2488; x_wconf 88' lang='lat' dir='ltr'><strong>hora</strong></span> <span class='ocrx_word' id='word_1_125' title='bbox 1119 2437 1179 2486; x_wconf 86' lang='lat' dir='ltr'><strong>xvr</strong></span> <span class='ocrx_word' id='word_1_126' title='bbox 1197 2413 1251 2487; x_wconf 90' lang='lat' dir='ltr'><strong>vel</strong></span> <span class='ocrx_word' id='word_1_127' title='bbox 1264 2413 1373 2502; x_wconf 86' lang='lat' dir='ltr'><strong>circa,</strong></span> 
     </span>
     <span class='ocr_line' id='line_1_17' title="bbox 53 2536 1376 2640; baseline 0.004 -32"><span class='ocrx_word' id='word_1_128' title='bbox 53 2536 162 2613; x_wconf 86' lang='lat' dir='ltr'><strong>habite</strong></span> <span class='ocrx_word' id='word_1_129' title='bbox 191 2548 275 2615; x_wconf 92' lang='lat' dir='ltr'><strong>sunt</strong></span> <span class='ocrx_word' id='word_1_130' title='bbox 309 2543 459 2640; x_wconf 84' lang='lat' dir='ltr'><strong>exequie</strong></span> <span class='ocrx_word' id='word_1_131' title='bbox 494 2543 590 2616; x_wconf 92' lang='lat' dir='ltr'><strong>bone</strong></span> <span class='ocrx_word' id='word_1_132' title='bbox 612 2543 788 2618; x_wconf 90' lang='lat' dir='ltr'><strong>memorie</strong></span> <span class='ocrx_word' id='word_1_133' title='bbox 830 2547 872 2616; x_wconf 93' lang='lat' dir='ltr'><strong>D.</strong></span> <span class='ocrx_word' id='word_1_134' title='bbox 908 2539 1151 2614; x_wconf 87' lang='lat' dir='ltr'><strong>Bartholomei</strong></span> <span class='ocrx_word' id='word_1_135' title='bbox 1187 2539 1376 2613; x_wconf 88' lang='lat' dir='ltr'><strong>Marascbe</strong></span> 
     </span>
     <span class='ocr_line' id='line_1_18' title="bbox 53 2663 1375 2764; baseline 0.004 -33"><span class='ocrx_word' id='word_1_136' title='bbox 53 2665 224 2738; x_wconf 88' lang='lat' dir='ltr'><strong>llantnani</strong></span> <span class='ocrx_word' id='word_1_137' title='bbox 240 2666 550 2742; x_wconf 81' lang='lat' dir='ltr'><strong>Civitatistlastelli</strong></span> <span class='ocrx_word' id='word_1_138' title='bbox 566 2667 727 2764; x_wconf 87' lang='lat' dir='ltr'><strong>episcopi</strong></span> <span class='ocrx_word' id='word_1_139' title='bbox 743 2667 803 2762; x_wconf 93' lang='lat' dir='ltr'><strong>qni</strong></span> <span class='ocrx_word' id='word_1_140' title='bbox 815 2666 852 2738; x_wconf 92' lang='lat' dir='ltr'><strong>in</strong></span> <span class='ocrx_word' id='word_1_141' title='bbox 867 2665 1129 2762; x_wconf 77' lang='lat' dir='ltr'><strong>gubernatione</strong></span> <span class='ocrx_word' id='word_1_142' title='bbox 1146 2663 1375 2761; x_wconf 87' lang='lat' dir='ltr'><strong>episcopatus</strong></span> 
     </span>
     <span class='ocr_line' id='line_1_19' title="bbox 56 2787 1373 2891; baseline 0.003 -35"><span class='ocrx_word' id='word_1_143' title='bbox 56 2787 181 2864; x_wconf 88' lang='lat' dir='ltr'><strong>Perusii</strong></span> <span class='ocrx_word' id='word_1_144' title='bbox 198 2792 295 2867; x_wconf 91' lang='lat' dir='ltr'><strong>diem</strong></span> <span class='ocrx_word' id='word_1_145' title='bbox 311 2793 437 2868; x_wconf 87' lang='lat' dir='ltr'><strong>clausit</strong></span> <span class='ocrx_word' id='word_1_146' title='bbox 453 2803 677 2882; x_wconf 79' lang='lat' dir='ltr'><strong>extremum3</strong></span> <span class='ocrx_word' id='word_1_147' title='bbox 695 2795 797 2891; x_wconf 90' lang='lat' dir='ltr'><strong>cujus</strong></span> <span class='ocrx_word' id='word_1_148' title='bbox 813 2793 966 2868; x_wconf 83' lang='lat' dir='ltr'><strong>cadaver</strong></span> <span class='ocrx_word' id='word_1_149' title='bbox 981 2792 1054 2866; x_wconf 85' lang='lat' dir='ltr'><strong>sive</strong></span> <span class='ocrx_word' id='word_1_150' title='bbox 1071 2815 1154 2866; x_wconf 89' lang='lat' dir='ltr'><strong>ossa</strong></span> <span class='ocrx_word' id='word_1_151' title='bbox 1169 2790 1214 2865; x_wconf 87' lang='grc'><strong>(11</strong></span> <span class='ocrx_word' id='word_1_152' title='bbox 1226 2789 1373 2887; x_wconf 87' lang='lat' dir='ltr'><strong>speciali</strong></span> 
     </span>
     <span class='ocr_line' id='line_1_20' title="bbox 52 2906 1374 3016; baseline 0.004 -36"><span class='ocrx_word' id='word_1_153' title='bbox 52 2906 185 2986; x_wconf 87' lang='lat' dir='ltr'><strong>licentia</strong></span> <span class='ocrx_word' id='word_1_154' title='bbox 202 2919 245 2988; x_wconf 93' lang='lat' dir='ltr'><strong>D.</strong></span> <span class='ocrx_word' id='word_1_155' title='bbox 263 2921 306 2989; x_wconf 94' lang='lat' dir='ltr'><strong>N.</strong></span> <span class='ocrx_word' id='word_1_156' title='bbox 326 2921 421 3014; x_wconf 90' lang='lat' dir='ltr'><strong>Pape</strong></span> <span class='ocrx_word' id='word_1_157' title='bbox 436 2923 554 3014; x_wconf 89' lang='lat' dir='ltr'><strong>perR.</strong></span> <span class='ocrx_word' id='word_1_158' title='bbox 575 2924 611 2994; x_wconf 87' lang='lat' dir='ltr'><strong>P.</strong></span> <span class='ocrx_word' id='word_1_159' title='bbox 629 2924 671 2992; x_wconf 91' lang='lat' dir='ltr'><strong>D.</strong></span> <span class='ocrx_word' id='word_1_160' title='bbox 691 2918 903 3016; x_wconf 89' lang='lat' dir='ltr'><strong>episcopum</strong></span> <span class='ocrx_word' id='word_1_161' title='bbox 924 2907 1148 2990; x_wconf 75' lang='lat' dir='ltr'><strong>Aleriense&#39;m</strong></span> <span class='ocrx_word' id='word_1_162' title='bbox 1167 2938 1295 3011; x_wconf 86' lang='lat' dir='ltr'><strong>nuper,</strong></span> <span class='ocrx_word' id='word_1_163' title='bbox 1315 2937 1374 2986; x_wconf 88' lang='lat' dir='ltr'><strong>me</strong></span> 
     </span>
     <span class='ocr_line' id='line_1_21' title="bbox 55 3035 1375 3136; baseline -0.001 -28"><span class='ocrx_word' id='word_1_164' title='bbox 55 3046 223 3132; x_wconf 88' lang='lat' dir='ltr'><strong>presente,</strong></span> <span class='ocrx_word' id='word_1_165' title='bbox 242 3039 388 3114; x_wconf 87' lang='lat' dir='ltr'><strong>obtenta</strong></span> <span class='ocrx_word' id='word_1_166' title='bbox 405 3043 550 3118; x_wconf 89' lang='lat' dir='ltr'><strong>oraculo</strong></span> <span class='ocrx_word' id='word_1_167' title='bbox 565 3045 641 3120; x_wconf 82' lang='lat' dir='ltr'><strong>rive</strong></span> <span class='ocrx_word' id='word_1_168' title='bbox 656 3045 766 3134; x_wconf 88' lang='lat' dir='ltr'><strong>vocis,</strong></span> <span class='ocrx_word' id='word_1_169' title='bbox 785 3067 867 3117; x_wconf 90' lang='lat' dir='ltr'><strong>oum</strong></span> <span class='ocrx_word' id='word_1_170' title='bbox 883 3043 1019 3136; x_wconf 89' lang='lat' dir='ltr'><strong>absque</strong></span> <span class='ocrx_word' id='word_1_171' title='bbox 1041 3036 1250 3135; x_wconf 87' lang='lat' dir='ltr'><strong>hujusmodi</strong></span> <span class='ocrx_word' id='word_1_172' title='bbox 1264 3035 1375 3110; x_wconf 90' lang='lat' dir='ltr'><strong>licen-</strong></span> 
     </span>
     <span class='ocr_line' id='line_1_22' title="bbox 58 3159 1371 3267; baseline 0.004 -38"><span class='ocrx_word' id='word_1_173' title='bbox 58 3159 273 3264; x_wconf 77' lang='lat' dir='ltr'><strong>[incorpora</strong></span> <span class='ocrx_word' id='word_1_174' title='bbox 303 3175 526 3243; x_wconf 90' lang='lat' dir='ltr'><strong>mortuorum</strong></span> <span class='ocrx_word' id='word_1_175' title='bbox 555 3170 789 3267; x_wconf 91' lang='lat' dir='ltr'><strong>nonpossint</strong></span> <span class='ocrx_word' id='word_1_176' title='bbox 815 3169 859 3242; x_wconf 92' lang='lat' dir='ltr'><strong>de</strong></span> <span class='ocrx_word' id='word_1_177' title='bbox 885 3166 959 3241; x_wconf 92' lang='lat' dir='ltr'><strong>suis</strong></span> <span class='ocrx_word' id='word_1_178' title='bbox 987 3161 1177 3262; x_wconf 89' lang='lat' dir='ltr'><strong>sepulturis</strong></span> <span class='ocrx_word' id='word_1_179' title='bbox 1201 3161 1371 3253; x_wconf 88' lang='lat' dir='ltr'><strong>amoveri,</strong></span> 
     </span>
     <span class='ocr_line' id='line_1_23' title="bbox 55 3269 1374 3394; baseline 0.005 -39"><span class='ocrx_word' id='word_1_180' title='bbox 55 3283 140 3362; x_wconf 92' lang='lat' dir='ltr'><strong>illinc</strong></span> <span class='ocrx_word' id='word_1_181' title='bbox 154 3292 348 3368; x_wconf 90' lang='lat' dir='ltr'><strong>adductum</strong></span> <span class='ocrx_word' id='word_1_182' title='bbox 364 3294 431 3368; x_wconf 86' lang='lat' dir='ltr'><strong>luit</strong></span> <span class='ocrx_word' id='word_1_183' title='bbox 445 3301 480 3369; x_wconf 91' lang='lat' dir='ltr'><strong>et</strong></span> <span class='ocrx_word' id='word_1_184' title='bbox 494 3299 645 3369; x_wconf 90' lang='lat' dir='ltr'><strong>Romam</strong></span> <span class='ocrx_word' id='word_1_185' title='bbox 661 3295 832 3394; x_wconf 90' lang='lat' dir='ltr'><strong>applicuit</strong></span> <span class='ocrx_word' id='word_1_186' title='bbox 842 3269 911 3392; x_wconf 88' lang='lat' dir='ltr'><strong>p&#39;er</strong></span> <span class='ocrx_word' id='word_1_187' title='bbox 925 3297 1065 3390; x_wconf 91' lang='lat' dir='ltr'><strong>portam</strong></span> <span class='ocrx_word' id='word_1_188' title='bbox 1081 3291 1186 3364; x_wconf 89' lang='lat' dir='ltr'><strong>beate</strong></span> <span class='ocrx_word' id='word_1_189' title='bbox 1202 3286 1312 3362; x_wconf 87' lang='lat' dir='ltr'><strong>llario</strong></span> <span class='ocrx_word' id='word_1_190' title='bbox 1329 3287 1374 3362; x_wconf 93' lang='lat' dir='ltr'><strong>de</strong></span> 
     </span>
     <span class='ocr_line' id='line_1_24' title="bbox 58 3411 1374 3518; baseline 0.001 -34"><span class='ocrx_word' id='word_1_191' title='bbox 58 3411 193 3509; x_wconf 92' lang='lat' dir='ltr'><strong>Populo,</strong></span> <span class='ocrx_word' id='word_1_192' title='bbox 222 3417 279 3492; x_wconf 90' lang='lat' dir='ltr'><strong>die</strong></span> <span class='ocrx_word' id='word_1_193' title='bbox 306 3419 445 3493; x_wconf 87' lang='lat' dir='ltr'><strong>sabbati</strong></span> <span class='ocrx_word' id='word_1_194' title='bbox 478 3421 640 3518; x_wconf 88' lang='lat' dir='ltr'><strong>proxime</strong></span> <span class='ocrx_word' id='word_1_195' title='bbox 674 3419 838 3518; x_wconf 88' lang='lat' dir='ltr'><strong>preteriti</strong></span> <span class='ocrx_word' id='word_1_196' title='bbox 866 3423 888 3493; x_wconf 84' lang='lat'><em>8</em></span> <span class='ocrx_word' id='word_1_197' title='bbox 914 3418 1023 3516; x_wconf 88' lang='lat' dir='ltr'><strong>hujus</strong></span> <span class='ocrx_word' id='word_1_198' title='bbox 1055 3413 1209 3504; x_wconf 89' lang='lat' dir='ltr'><strong>mensis,</strong></span> <span class='ocrx_word' id='word_1_199' title='bbox 1244 3413 1302 3486; x_wconf 92' lang='lat' dir='ltr'><strong>ubi</strong></span> <span class='ocrx_word' id='word_1_200' title='bbox 1337 3413 1374 3486; x_wconf 92' lang='lat' dir='ltr'><strong>in</strong></span> 
     </span>
     <span class='ocr_line' id='line_1_25' title="bbox 57 3537 1373 3644; baseline 0.005 -38"><span class='ocrx_word' id='word_1_201' title='bbox 57 3537 197 3615; x_wconf 87' lang='lat' dir='ltr'><strong>ecelesia</strong></span> <span class='ocrx_word' id='word_1_202' title='bbox 216 3542 321 3617; x_wconf 87' lang='lat' dir='ltr'><strong>beate</strong></span> <span class='ocrx_word' id='word_1_203' title='bbox 337 3543 448 3619; x_wconf 79' lang='lat' dir='ltr'><strong>llario</strong></span> <span class='ocrx_word' id='word_1_204' title='bbox 462 3544 625 3642; x_wconf 84' lang='lat' dir='ltr'><strong>predicta</strong></span> <span class='ocrx_word' id='word_1_205' title='bbox 640 3545 839 3644; x_wconf 87' lang='lat' dir='ltr'><strong>repositum</strong></span> <span class='ocrx_word' id='word_1_206' title='bbox 857 3545 923 3618; x_wconf 92' lang='lat' dir='ltr'><strong>luit</strong></span> <span class='ocrx_word' id='word_1_207' title='bbox 944 3566 1058 3640; x_wconf 86' lang='lat' dir='ltr'><strong>usque</strong></span> <span class='ocrx_word' id='word_1_208' title='bbox 1080 3541 1125 3615; x_wconf 90' lang='lat' dir='ltr'><strong>ad</strong></span> <span class='ocrx_word' id='word_1_209' title='bbox 1138 3545 1283 3614; x_wconf 87' lang='lat' dir='ltr'><strong>noctem</strong></span> <span class='ocrx_word' id='word_1_210' title='bbox 1297 3538 1373 3612; x_wconf 90' lang='lat' dir='ltr'><strong>sine</strong></span> 
     </span>
     <span class='ocr_line' id='line_1_26' title="bbox 58 3659 1460 3768; baseline 0.005 -37"><span class='ocrx_word' id='word_1_211' title='bbox 58 3659 174 3758; x_wconf 88' lang='lat' dir='ltr'><strong>aliquia</strong></span> <span class='ocrx_word' id='word_1_212' title='bbox 186 3690 334 3764; x_wconf 90' lang='lat' dir='ltr'><strong>pompa.</strong></span> <span class='ocrx_word' id='word_1_213' title='bbox 352 3671 390 3740; x_wconf 94' lang='lat' dir='ltr'><strong>ln</strong></span> <span class='ocrx_word' id='word_1_214' title='bbox 407 3692 489 3742; x_wconf 92' lang='lat' dir='ltr'><strong>sero</strong></span> <span class='ocrx_word' id='word_1_215' title='bbox 500 3669 643 3762; x_wconf 89' lang='lat' dir='ltr'><strong>eodem,</strong></span> <span class='ocrx_word' id='word_1_216' title='bbox 658 3669 935 3768; x_wconf 83' lang='lat' dir='ltr'><strong>precedentibus</strong></span> <span class='ocrx_word' id='word_1_217' title='bbox 946 3666 1173 3768; x_wconf 88' lang='lat' dir='ltr'><strong>paucissimis</strong></span> <span class='ocrx_word' id='word_1_218' title='bbox 1186 3665 1374 3740; x_wconf 89' lang='lat' dir='ltr'><strong>intorticiis</strong></span> <span class='ocrx_word' id='word_1_219' title='bbox 1457 3662 1460 3668; x_wconf 77' lang='grc'><strong>’</strong></span> 
     </span>
     <span class='ocr_line' id='line_1_27' title="bbox 59 3788 1374 3893; baseline 0.008 -40"><span class='ocrx_word' id='word_1_220' title='bbox 59 3789 86 3854; x_wconf 89' lang='grc'><strong>11</strong></span> <span class='ocrx_word' id='word_1_221' title='bbox 99 3788 169 3865; x_wconf 89' lang='lat' dir='ltr'><strong>sine</strong></span> <span class='ocrx_word' id='word_1_222' title='bbox 182 3815 315 3890; x_wconf 92' lang='lat' dir='ltr'><strong>pompa</strong></span> <span class='ocrx_word' id='word_1_223' title='bbox 335 3792 399 3866; x_wconf 90' lang='lat' dir='ltr'><strong>luit</strong></span> <span class='ocrx_word' id='word_1_224' title='bbox 417 3799 600 3890; x_wconf 90' lang='lat' dir='ltr'><strong>portatum</strong></span> <span class='ocrx_word' id='word_1_225' title='bbox 621 3795 667 3868; x_wconf 88' lang='lat' dir='ltr'><strong>ad</strong></span> <span class='ocrx_word' id='word_1_226' title='bbox 686 3795 871 3869; x_wconf 89' lang='lat' dir='ltr'><strong>basilicam</strong></span> <span class='ocrx_word' id='word_1_227' title='bbox 891 3795 1091 3893; x_wconf 88' lang='lat' dir='ltr'><strong>predictam</strong></span> <span class='ocrx_word' id='word_1_228' title='bbox 1115 3817 1144 3865; x_wconf 89' lang='lat' dir='ltr'><strong>s.</strong></span> <span class='ocrx_word' id='word_1_229' title='bbox 1168 3791 1263 3866; x_wconf 92' lang='lat' dir='ltr'><strong>Petri</strong></span> <span class='ocrx_word' id='word_1_230' title='bbox 1287 3798 1322 3866; x_wconf 91' lang='lat' dir='ltr'><strong>et</strong></span> <span class='ocrx_word' id='word_1_231' title='bbox 1338 3791 1374 3864; x_wconf 91' lang='lat' dir='ltr'><strong>in</strong></span> 
     </span>
     <span class='ocr_line' id='line_1_28' title="bbox 59 3914 1370 4018; baseline 0 -31"><span class='ocrx_word' id='word_1_232' title='bbox 59 3914 179 4007; x_wconf 79' lang='lat' dir='ltr'><strong>capella</strong></span> <span class='ocrx_word' id='word_1_233' title='bbox 193 3916 298 3991; x_wconf 86' lang='lat' dir='ltr'><strong>beata</strong></span> <span class='ocrx_word' id='word_1_234' title='bbox 317 3918 429 3991; x_wconf 85' lang='lat' dir='ltr'><strong>llario</strong></span> <span class='ocrx_word' id='word_1_235' title='bbox 451 3919 615 4016; x_wconf 87' lang='lat' dir='ltr'><strong>predicta</strong></span> <span class='ocrx_word' id='word_1_236' title='bbox 636 3920 815 4017; x_wconf 87' lang='lat' dir='ltr'><strong>sepultum</strong></span> <span class='ocrx_word' id='word_1_237' title='bbox 837 3920 897 3993; x_wconf 93' lang='lat' dir='ltr'><strong>ubi</strong></span> <span class='ocrx_word' id='word_1_238' title='bbox 918 3921 998 4018; x_wconf 89' lang='lat' dir='ltr'><strong>ejus</strong></span> <span class='ocrx_word' id='word_1_239' title='bbox 1022 3915 1198 3993; x_wconf 89' lang='lat' dir='ltr'><strong>memoria</strong></span> <span class='ocrx_word' id='word_1_240' title='bbox 1216 3915 1370 3990; x_wconf 77' lang='lat' dir='ltr'><strong>ridetur.</strong></span> 
     </span>
     <span class='ocr_line' id='line_1_29' title="bbox 60 4023 1370 4142; baseline 0.009 -41"><span class='ocrx_word' id='word_1_241' title='bbox 60 4033 188 4113; x_wconf 86' lang='lat' dir='ltr'><strong>llissam</strong></span> <span class='ocrx_word' id='word_1_242' title='bbox 212 4040 404 4116; x_wconf 77' lang='lat' dir='ltr'><strong>celebravit</strong></span> <span class='ocrx_word' id='word_1_243' title='bbox 431 4047 473 4116; x_wconf 86' lang='lat' dir='ltr'><strong>R.</strong></span> <span class='ocrx_word' id='word_1_244' title='bbox 497 4047 536 4116; x_wconf 90' lang='lat' dir='ltr'><strong>P.</strong></span> <span class='ocrx_word' id='word_1_245' title='bbox 565 4047 608 4118; x_wconf 87' lang='lat' dir='ltr'><strong>D.</strong></span> <span class='ocrx_word' id='word_1_246' title='bbox 635 4047 761 4118; x_wconf 90' lang='lat' dir='ltr'><strong>Petrus</strong></span> <span class='ocrx_word' id='word_1_247' title='bbox 789 4045 920 4119; x_wconf 89' lang='lat' dir='ltr'><strong>Paulus</strong></span> <span class='ocrx_word' id='word_1_248' title='bbox 947 4023 1136 4142; x_wconf 83' lang='lat' dir='ltr'><strong>episcopus</strong></span> <span class='ocrx_word' id='word_1_249' title='bbox 1163 4065 1192 4113; x_wconf 91' lang='lat' dir='ltr'><strong>s.</strong></span> <span class='ocrx_word' id='word_1_250' title='bbox 1216 4039 1370 4138; x_wconf 80' lang='lat' dir='ltr'><strong>Agathe.</strong></span> 
     </span>
     <span class='ocr_line' id='line_1_30' title="bbox 61 4149 1467 4264; baseline 0.001 -30"><span class='ocrx_word' id='word_1_251' title='bbox 61 4157 286 4239; x_wconf 85' lang='lat' dir='ltr'><strong>luterluerunt</strong></span> <span class='ocrx_word' id='word_1_252' title='bbox 300 4149 522 4264; x_wconf 83' lang='lat' dir='ltr'><strong>gubernator</strong></span> <span class='ocrx_word' id='word_1_253' title='bbox 537 4169 656 4260; x_wconf 92' lang='lat' dir='ltr'><strong>Urbis,</strong></span> <span class='ocrx_word' id='word_1_254' title='bbox 670 4169 881 4260; x_wconf 86' lang='lat' dir='ltr'><strong>Aleriensis,</strong></span> <span class='ocrx_word' id='word_1_255' title='bbox 899 4167 1152 4256; x_wconf 87' lang='lat' dir='ltr'><strong>Tornacensis,</strong></span> <span class='ocrx_word' id='word_1_256' title='bbox 1169 4165 1373 4238; x_wconf 88' lang='lat' dir='ltr'><strong>Mellitanus</strong></span> <span class='ocrx_word' id='word_1_257' title='bbox 1465 4163 1467 4168; x_wconf 74' lang='grc'><em>’</em></span> 
     </span>
     <span class='ocr_line' id='line_1_31' title="bbox 63 4287 1374 4390; baseline 0.005 -35"><span class='ocrx_word' id='word_1_258' title='bbox 63 4289 91 4355; x_wconf 87' lang='grc'><strong>11</strong></span> <span class='ocrx_word' id='word_1_259' title='bbox 106 4287 219 4383; x_wconf 90' lang='lat' dir='ltr'><strong>plures</strong></span> <span class='ocrx_word' id='word_1_260' title='bbox 238 4291 299 4364; x_wconf 91' lang='lat' dir='ltr'><strong>alii</strong></span> <span class='ocrx_word' id='word_1_261' title='bbox 319 4291 480 4390; x_wconf 91' lang='lat' dir='ltr'><strong>episcopi</strong></span> <span class='ocrx_word' id='word_1_262' title='bbox 500 4293 666 4390; x_wconf 90' lang='lat' dir='ltr'><strong>palatini,</strong></span> <span class='ocrx_word' id='word_1_263' title='bbox 690 4295 900 4370; x_wconf 88' lang='lat' dir='ltr'><strong>cubicularii</strong></span> <span class='ocrx_word' id='word_1_264' title='bbox 918 4301 953 4370; x_wconf 91' lang='lat' dir='ltr'><strong>et</strong></span> <span class='ocrx_word' id='word_1_265' title='bbox 974 4291 1133 4369; x_wconf 90' lang='lat' dir='ltr'><strong>scutileri</strong></span> <span class='ocrx_word' id='word_1_266' title='bbox 1155 4295 1264 4388; x_wconf 86' lang='lat' dir='ltr'><strong>Papo,</strong></span> <span class='ocrx_word' id='word_1_267' title='bbox 1291 4313 1374 4364; x_wconf 89' lang='lat' dir='ltr'><strong>oan-</strong></span> 
     </span>
     <span class='ocr_line' id='line_1_32' title="bbox 65 4410 1374 4514; baseline 0.009 -38"><span class='ocrx_word' id='word_1_268' title='bbox 65 4410 144 4485; x_wconf 84' lang='lat' dir='ltr'><strong>tores</strong></span> <span class='ocrx_word' id='word_1_269' title='bbox 167 4415 303 4514; x_wconf 88' lang='lat' dir='ltr'><strong>capella</strong></span> <span class='ocrx_word' id='word_1_270' title='bbox 334 4423 456 4492; x_wconf 87' lang='lat' dir='ltr'><strong>nostre</strong></span> <span class='ocrx_word' id='word_1_271' title='bbox 483 4441 526 4492; x_wconf 88' lang='lat' dir='ltr'><strong>ac</strong></span> <span class='ocrx_word' id='word_1_272' title='bbox 555 4418 697 4494; x_wconf 91' lang='lat' dir='ltr'><strong>diaconi</strong></span> <span class='ocrx_word' id='word_1_273' title='bbox 724 4428 760 4495; x_wconf 87' lang='lat' dir='ltr'><strong>et</strong></span> <span class='ocrx_word' id='word_1_274' title='bbox 787 4420 1009 4495; x_wconf 89' lang='lat' dir='ltr'><strong>subdiaconi.</strong></span> <span class='ocrx_word' id='word_1_275' title='bbox 1045 4421 1259 4492; x_wconf 88' lang='lat' dir='ltr'><strong>Sermonem</strong></span> <span class='ocrx_word' id='word_1_276' title='bbox 1292 4421 1374 4514; x_wconf 88' lang='lat' dir='ltr'><strong>post</strong></span> 
     </span>
     <span class='ocr_line' id='line_1_33' title="bbox 63 4534 1373 4640; baseline 0.003 -30"><span class='ocrx_word' id='word_1_277' title='bbox 63 4534 191 4615; x_wconf 78' lang='lat' dir='ltr'><strong>missam</strong></span> <span class='ocrx_word' id='word_1_278' title='bbox 204 4541 289 4616; x_wconf 88' lang='lat' dir='ltr'><strong>lecit</strong></span> <span class='ocrx_word' id='word_1_279' title='bbox 302 4545 438 4640; x_wconf 88' lang='lat' dir='ltr'><strong>Gaspar</strong></span> <span class='ocrx_word' id='word_1_280' title='bbox 443 4599 534 4634; x_wconf 93' lang='lat'><strong>......</strong></span> <span class='ocrx_word' id='word_1_281' title='bbox 551 4568 623 4640; x_wconf 88' lang='lat' dir='ltr'><strong>quo</strong></span> <span class='ocrx_word' id='word_1_282' title='bbox 643 4545 757 4636; x_wconf 89' lang='lat' dir='ltr'><strong>linito,</strong></span> <span class='ocrx_word' id='word_1_283' title='bbox 781 4547 970 4622; x_wconf 88' lang='lat' dir='ltr'><strong>celebrans</strong></span> <span class='ocrx_word' id='word_1_284' title='bbox 993 4541 1143 4622; x_wconf 87' lang='lat' dir='ltr'><strong>absolvit</strong></span> <span class='ocrx_word' id='word_1_285' title='bbox 1158 4541 1256 4614; x_wconf 91' lang='lat' dir='ltr'><strong>solus</strong></span> <span class='ocrx_word' id='word_1_286' title='bbox 1271 4563 1373 4616; x_wconf 90' lang='lat' dir='ltr'><strong>more</strong></span> 
     </span>
     <span class='ocr_line' id='line_1_34' title="bbox 64 4657 1373 4767; baseline 0.008 -37"><span class='ocrx_word' id='word_1_287' title='bbox 64 4657 163 4736; x_wconf 79' lang='lat' dir='ltr'><strong>solito.</strong></span> <span class='ocrx_word' id='word_1_288' title='bbox 188 4667 305 4762; x_wconf 89' lang='lat' dir='ltr'><strong>Supra</strong></span> <span class='ocrx_word' id='word_1_289' title='bbox 323 4665 545 4763; x_wconf 88' lang='lat' dir='ltr'><strong>sepulturam</strong></span> <span class='ocrx_word' id='word_1_290' title='bbox 564 4667 681 4765; x_wconf 88' lang='lat' dir='ltr'><strong>posita</strong></span> <span class='ocrx_word' id='word_1_291' title='bbox 703 4669 770 4742; x_wconf 90' lang='lat' dir='ltr'><strong>luit</strong></span> <span class='ocrx_word' id='word_1_292' title='bbox 792 4693 901 4766; x_wconf 87' lang='lat' dir='ltr'><strong>capsa</strong></span> <span class='ocrx_word' id='word_1_293' title='bbox 920 4693 1051 4767; x_wconf 88' lang='lat' dir='ltr'><strong>magna</strong></span> <span class='ocrx_word' id='word_1_294' title='bbox 1072 4669 1143 4744; x_wconf 90' lang='lat' dir='ltr'><strong>alta</strong></span> <span class='ocrx_word' id='word_1_295' title='bbox 1167 4693 1249 4746; x_wconf 89' lang='lat' dir='ltr'><strong>cum</strong></span> <span class='ocrx_word' id='word_1_296' title='bbox 1265 4667 1373 4766; x_wconf 89' lang='lat' dir='ltr'><strong>pallio</strong></span> 
     </span>
     <span class='ocr_line' id='line_1_35' title="bbox 63 4785 1374 4882; baseline 0.008 -28"><span class='ocrx_word' id='word_1_297' title='bbox 63 4785 232 4862; x_wconf 83' lang='lat' dir='ltr'><strong>cardinalis</strong></span> <span class='ocrx_word' id='word_1_298' title='bbox 264 4791 567 4882; x_wconf 68' lang='lat' dir='ltr'><strong>Constantianam,</strong></span> <span class='ocrx_word' id='word_1_299' title='bbox 600 4800 637 4867; x_wconf 92' lang='lat' dir='ltr'><strong>et</strong></span> <span class='ocrx_word' id='word_1_300' title='bbox 657 4795 742 4868; x_wconf 91' lang='lat' dir='ltr'><strong>hinc</strong></span> <span class='ocrx_word' id='word_1_301' title='bbox 773 4795 855 4868; x_wconf 90' lang='lat' dir='ltr'><strong>inde</strong></span> <span class='ocrx_word' id='word_1_302' title='bbox 884 4793 1046 4868; x_wconf 88' lang='lat' dir='ltr'><strong>cavelleti</strong></span> <span class='ocrx_word' id='word_1_303' title='bbox 1075 4819 1159 4869; x_wconf 91' lang='lat' dir='ltr'><strong>cnm</strong></span> <span class='ocrx_word' id='word_1_304' title='bbox 1184 4793 1374 4869; x_wconf 87' lang='lat' dir='ltr'><strong>intorticiis</strong></span> 
     </span>
     <span class='ocr_line' id='line_1_36' title="bbox 64 4913 1374 5018; baseline 0.01 -40"><span class='ocrx_word' id='word_1_305' title='bbox 64 4913 328 4997; x_wconf 87' lang='lat' dir='ltr'><strong>quatuordecim.</strong></span> <span class='ocrx_word' id='word_1_306' title='bbox 356 4917 388 4988; x_wconf 86' lang='grc' dir='ltr'>Α</span> <span class='ocrx_word' id='word_1_307' title='bbox 411 4916 530 5014; x_wconf 88' lang='lat' dir='ltr'><strong>capite</strong></span> <span class='ocrx_word' id='word_1_308' title='bbox 549 4917 594 4990; x_wconf 92' lang='lat' dir='ltr'><strong>ad</strong></span> <span class='ocrx_word' id='word_1_309' title='bbox 618 4920 729 5016; x_wconf 89' lang='lat' dir='ltr'><strong>pedes</strong></span> <span class='ocrx_word' id='word_1_310' title='bbox 762 4920 900 4993; x_wconf 92' lang='lat' dir='ltr'><strong>nullum</strong></span> <span class='ocrx_word' id='word_1_311' title='bbox 927 4921 1084 5018; x_wconf 92' lang='lat' dir='ltr'><strong>positum</strong></span> <span class='ocrx_word' id='word_1_312' title='bbox 1107 4921 1173 4994; x_wconf 90' lang='lat' dir='ltr'><strong>luit</strong></span> <span class='ocrx_word' id='word_1_313' title='bbox 1187 4919 1281 5018; x_wconf 79' lang='lat' dir='ltr'><strong>quia</strong></span> <span class='ocrx_word' id='word_1_314' title='bbox 1301 4942 1374 4992; x_wconf 93' lang='lat' dir='ltr'><strong>non</strong></span> 
     </span>
     <span class='ocr_line' id='line_1_37' title="bbox 64 5041 1375 5140; baseline 0.007 -34"><span class='ocrx_word' id='word_1_315' title='bbox 64 5043 145 5108; x_wconf 80' lang='lat' dir='ltr'><strong>sunt</strong></span> <span class='ocrx_word' id='word_1_316' title='bbox 166 5041 382 5116; x_wconf 90' lang='lat' dir='ltr'><strong>candelabra</strong></span> <span class='ocrx_word' id='word_1_317' title='bbox 412 5067 532 5140; x_wconf 92' lang='lat' dir='ltr'><strong>neque</strong></span> <span class='ocrx_word' id='word_1_318' title='bbox 559 5043 662 5118; x_wconf 91' lang='lat' dir='ltr'><strong>locus</strong></span> <span class='ocrx_word' id='word_1_319' title='bbox 692 5044 889 5118; x_wconf 87' lang='lat' dir='ltr'><strong>ordinatus.</strong></span> <span class='ocrx_word' id='word_1_320' title='bbox 918 5045 1075 5117; x_wconf 87' lang='lat' dir='ltr'><strong>Fuerunt</strong></span> <span class='ocrx_word' id='word_1_321' title='bbox 1104 5044 1285 5119; x_wconf 89' lang='lat' dir='ltr'><strong>intorticia</strong></span> <span class='ocrx_word' id='word_1_322' title='bbox 1308 5067 1375 5115; x_wconf 90' lang='lat' dir='ltr'><strong>no-</strong></span> 
     </span>
     <span class='ocr_line' id='line_1_38' title="bbox 63 5161 1374 5265; baseline 0.005 -34"><span class='ocrx_word' id='word_1_323' title='bbox 63 5161 240 5239; x_wconf 71' lang='lat' dir='ltr'><strong>vemdecim</strong></span> <span class='ocrx_word' id='word_1_324' title='bbox 262 5189 327 5264; x_wconf 95' lang='lat' dir='ltr'><strong>pro</strong></span> <span class='ocrx_word' id='word_1_325' title='bbox 348 5167 543 5265; x_wconf 89' lang='lat' dir='ltr'><strong>sepultura,</strong></span> <span class='ocrx_word' id='word_1_326' title='bbox 567 5167 668 5242; x_wconf 88' lang='lat' dir='ltr'><strong>altari</strong></span> <span class='ocrx_word' id='word_1_327' title='bbox 695 5175 730 5243; x_wconf 90' lang='grc'><strong>11</strong></span> <span class='ocrx_word' id='word_1_328' title='bbox 755 5167 975 5259; x_wconf 89' lang='lat' dir='ltr'><strong>celebrante,</strong></span> <span class='ocrx_word' id='word_1_329' title='bbox 1011 5167 1128 5242; x_wconf 87' lang='lat' dir='ltr'><strong>laculo</strong></span> <span class='ocrx_word' id='word_1_330' title='bbox 1153 5167 1255 5242; x_wconf 89' lang='lat' dir='ltr'><strong>unius</strong></span> <span class='ocrx_word' id='word_1_331' title='bbox 1282 5165 1374 5239; x_wconf 87' lang='lat' dir='ltr'><strong>libre</strong></span> 
     </span>
    </p>
   </div>
   <div class='ocr_carea' id='block_1_3' title="bbox 0 0 1728 6038">
    <p class='ocr_par' dir='ltr' id='par_1_3' title="bbox 0 0 1728 6038">
     <span class='ocr_line' id='line_1_39' title="bbox 0 0 1728 6038; baseline 0 0"><span class='ocrx_word' id='word_1_332' title='bbox 0 0 1728 6038; x_wconf 95' lang='lat' dir='ltr'><strong> </strong></span> 
     </span>
    </p>
   </div>
  </div>
 </body>
</html>
