3496 6056
377 426 428 490 1611
458 443 462 450 ·
829 421 1004 478 JOHANNlS
1029 418 1251 488 BURCHARDI,
1458 420 1609 484 [Novembre
1622 425 1675 486 ttttj

423 579 665 654 Provideatur.
678 579 723 652 de
747 553 867 675 aliquo
886 578 992 652 docto
1013 577 1074 674 qui
1098 575 1215 674 prima
1237 549 1295 646 die
1315 571 1549 668 exequiarum
1569 575 1678 648 oratio·

375 729 460 781 nem
473 705 579 780 faciat
602 713 637 779 et
661 705 706 779 de
721 705 866 802 prelatis
883 705 943 801 qui
958 701 1107 798 singulis
1122 708 1261 798 septem
1279 698 1405 772 diebus
1423 697 1520 772 iutra
1532 722 1678 772 novenam

375 830 524 902 missam
536 829 719 926 publicam
734 829 868 922 dicant,

426 959 612 1051 Rogentur
636 954 708 1028 duo
730 954 930 1028 cardinales
952 977 1104 1049 quorum
1124 977 1216 1026 uuus
1236 951 1366 1048 prima,
1385 949 1478 1023 alter
1504 949 1621 1022 ultima
1638 951 1680 1022 die

377 1079 610 1175 exequiarum
635 1079 842 1177 hujusmodi
867 1081 1015 1153 missam
1042 1078 1243 1152 solemnem
1272 1075 1473 1164 eelebrent,
1500 1079 1536 1146 et
1558 1081 1681 1168 quatuor

377 1202 435 1298 qui
449 1203 565 1300 prima
581 1209 617 1276 et
633 1205 783 1278 totidem
799 1205 1001 1280 cardinales
1017 1205 1078 1300 qui
1100 1203 1226 1277 ultima
1247 1202 1305 1276 die
1327 1201 1494 1298 ejusdem
1514 1222 1591 1272 cum
1609 1198 1681 1272 celo-

377 1328 504 1420 brante
521 1329 721 1418 absolvant,

426 1457 599 1528 (lautores
615 1454 751 1560 capelle
776 1457 839 1528 SS.
860 1457 902 1526 D.
925 1457 972 1526 N.
1001 1477 1093 1550 pape
1113 1458 1289 1525 vocentur
1315 1471 1381 1546 pro
1401 1448 1520 1545 prima
1539 1452 1573 1518 et
1586 1445 1683 1517 ultima

378 1579 436 1654 die
453 1573 708 1676 hujusmodi'in
724 1579 852 1674 quibus
865 1587 1012 1677 paretur
1023 1585 1060 1652 et
1074 1578 1264 1676 prandium
1279 1600 1344 1674 pro
1357 1575 1511 1664 eisdem,

430 1705 662 1778 Provideatur
687 1706 732 1779 de
755 1705 908 1780 diacono
926 1710 962 1778 et
984 1704 1206 1790 subdiacono
1227 1703 1288 1798 qui
1309 1707 1450 1798 septem
1473 1701 1598 1775 diebus
1616 1701 1685 1774 intra

380 1853 559 1908 novenam
572 1832 711 1929 prelato
726 1831 920 1905 celebranti
937 1830 1154 1918 ministrent,

431 1956 711 2062 Conseribantur
743 1955 942 2055 presbyteri
974 1979 1040 2052 pro
1073 1977 1225 2027 numero
1262 1953 1455 2026 missarum
1490 1956 1551 2051 qui
1584 1955 1685 2028 missas

383 2082 508 2158 bassas
538 2083 724 2168 celebrent
751 2081 917 2156 videlicet
943 2079 1143 2178 primodie
1174 2078 1305 2151 missas
1329 2086 1476 2154 centum
1505 2088 1541 2154 et
1567 2080 1685 2154 totidem

382 2208 521 2300 ultima,
540 2233 582 2282 ac
602 2207 751 2305 singulis
767 2207 895 2281 diebus
910 2211 1061 2303 septem,
1083 2205 1177 2278 infra
1194 2228 1370 2276 novenam
1391 2205 1523 2280 missas
1543 2205 1687 2302 quinqua·

382 2333 492 2431 ginta,

432 2463 658 2557 Deputeutur
681 2481 773 2534 unus
797 2457 852 2532 vel
874 2461 945 2533 duo
966 2459 1024 2557 qui
1045 2459 1271 2533 celebrantes
1292 2465 1420 2533 notent
1439 2466 1477 2532 et
1503 2463 1686 2555 computum

384 2591 530 2660 teneant
545 2609 587 2660 ac
602 2584 688 2684 ipsis
708 2586 977 2687 eleemosynam
993 2583 1222 2672 distribuant,

433 2714 616 2784 Ponuntur
631 2711 749 2786 tabule
765 2735 874 2810 super
887 2711 1050 2785 banchus
1069 2708 1230 2804 lapideos
1246 2731 1355 2805 super
1369 2711 1500 2807 quibus
1517 2706 1688 2786 cardinales

383 2835 560 2910 sedebunt
574 2837 638 2911 sub
652 2839 794 2914 tribuno
811 2839 927 2930 chori,

433 2963 651 3038 Ordinantur
671 2965 751 3039 loca
776 2989 841 3063 pro
859 2965 1006 3064 prelatis
1029 2973 1062 3040 el
1083 2965 1286 3040 oratoribus
1306 2988 1349 3038 ae
1369 2964 1428 3038 ubi
1451 2964 1625 3063 pulpitum
1641 2979 1688 3057 pro

382 3096 529 3164 oraturo
542 3079 658 3188 prima
672 3091 729 3164 die
746 3091 790 3164 sit
805 3091 1026 3189 ponendum,
1119 3097 1121 3101 ’

433 3216 625 3292 Credentia
636 3239 702 3315 pro
717 3217 923 3293 celebrante
940 3241 1022 3291 cum
1039 3216 1253 3308 necessariis
1268 3239 1333 3313 pro
1350 3216 1480 3290 eodem
1493 3215 1634 3290 etlouus
1645 3209 1688 3283 ubi

384 3341 576 3416 commode
591 3341 676 3439 poni
692 3341 819 3438 possit,

435 3465 590 3552 Quilibet
611 3466 830 3563 prelatorum
855 3463 1082 3539 funestorum
1101 3464 1249 3538 habebit
1269 3473 1352 3564 post
1376 3489 1415 3541 se
1438 3489 1553 3539 unum
1572 3462 1691 3538 servito

384 3617 462 3668 rem
478 3617 584 3668 suum
597 3593 749 3668 funerali
766 3594 874 3668 etiam
894 3596 990 3665 veste
1010 3590 1176 3663 indutum
1197 3591 1258 3686 qui
1281 3589 1441 3664 fimbrias
1461 3591 1572 3666 vestis
1586 3583 1701 3687 prelati-

385 3720 490 3793 simul
503 3720 672 3795 collectas
687 3729 768 3818 post
783 3719 970 3795 dominum
984 3740 1090 3790 suum
1105 3715 1272 3812 portabit,

436 3846 566 3920 Prolati
581 3847 776 3945 precedant
790 3847 929 3940 tratres,
955 3855 1106 3945 nepotes
1126 3873 1169 3923 ac
1189 3849 1279 3922 alios
1294 3847 1587 3946 consanguineos
1601 3839 1690 3919 cardi-

384 3973 474 4049 nalis
488 3972 660 4065 defuncti,
679 3997 752 4048 non
767 3975 936 4072 prelatos.
957 3975 993 4048 Si
1008 3998 1092 4049 vero
1107 3975 1235 4050 fratres
1250 3973 1305 4048 vel
1319 3981 1473 4071 nepotes
1488 3975 1545 4049 vel
1560 3993 1689 4048 consan-

383 4098 504 4197 guinei
519 4099 680 4174 defuncti
698 4100 806 4174 etiam
827 4100 898 4174 sint
917 4099 1057 4199 prelati,
1075 4100 1178 4174 ibunt
1192 4099 1286 4173 inter
1309 4099 1397 4175 alios
1415 4099 1574 4198 prelatos
1592 4098 1688 4170 lunes-

382 4233 452 4318 100,
467 4227 572 4323 juxta
585 4225 748 4300 ordinem
764 4249 890 4302 eorum
906 4224 1156 4324 promotionis,

431 4353 647 4432 Paramenta
662 4373 706 4424 ex
719 4350 857 4448 capella
875 4353 940 4426 SS.
957 4354 1000 4424 D.
1018 4355 1060 4426 Ν.
1079 4377 1171 4450 pape
1187 4353 1233 4428 ad
1248 4351 1438 4428 ecclesiam
1453 4375 1480 4424 s.
1497 4351 1623 4426 Sabine
1636 4366 1685 4442 pro

381 4473 498 4574 prima
512 4482 548 4551 et
562 4475 687 4550 ultima
698 4476 754 4550 die
766 4475 998 4572 exequiarum
1013 4477 1224 4574 hujusmodi
1240 4477 1413 4552 mittenda
1429 4505 1436 4548 :

431 4605 645 4676 Paramenta
657 4601 779 4676 omnia
793 4602 897 4698 nigra
911 4603 1130 4698 pontificalia
1146 4628 1211 4703 pro
1225 4605 1444 4696 celebrante,
1717 4703 1718 4706 Ἴ

431 4727 676 4804 Dalmaticaet
696 4727 865 4802 tunicella
886 4751 927 4802 ao
947 4729 1069 4806 omnia
1083 4739 1294 4828 paramenta
1315 4753 1381 4828 pro
1402 4730 1555 4804 diacono
1573 4735 1606 4802 ct
1623 4720 1685 4796 snb·

382 4839 547 4944 diacono,

430 4977 593 5076 Quinque
608 4979 774 5077 pluvialia
796 4979 910 5078 nigra,
933 5002 1017 5053 cum
1036 4986 1090 5055 tot
1110 4980 1249 5056 amictis
1268 4989 1305 5056 et
1325 4981 1425 5056 stolis
1442 5005 1509 5078 pro
1530 4977 1685 5054 absolven·

382 5099 476 5177 tibus
489 5111 571 5202 post
585 5105 732 5181 missam
746 5117 781 5182 et
792 5106 1005 5200 orationem,
