3600 6094
349 479 384 534 64
809 475 985 532 JOHANNIS
1009 475 1231 550 auscultant,
1517 485 1597 551 [loct
1612 485 1680 551 trttt]

350 628 510 725 ipsorum
540 627 654 701 libere
683 626 818 724 absque
848 627 967 724 aliqua
1000 629 1180 704 solutione
1211 655 1276 707 seu
1304 636 1568 732 compositione
1598 665 1681 714 cum

352 753 488 828 datario
513 753 828 851 supplicationum,
853 779 919 852 per
941 779 1022 846 nos,
1048 780 1112 832 seu
1134 757 1179 831 de
1201 761 1370 834 mandato
1396 768 1534 855 nostro,
1564 773 1624 840 aut
1646 768 1682 840 in
1789 753 1790 796 l

350 880 531 978 presentia
553 886 678 954 nostra
698 877 863 978 signand,
880 903 981 954 arum
997 886 1058 954 aut
1079 905 1306 981 quocumque
1322 885 1404 959 alio
1431 887 1600 962 socienda
1619 913 1685 987 per

349 1029 416 1077 nos
433 1005 666 1079 conferenda.

399 1133 503 1220 ltem,
535 1129 673 1204 eisdem
698 1127 865 1203 omnibus
901 1137 937 1204 et
961 1130 1111 1229 singulis
1138 1134 1349 1232 ampliorem
1381 1137 1534 1235 gratiam
1560 1139 1682 1215 facere

350 1256 525 1348 volenteS,
555 1261 657 1328 motu
680 1254 802 1350 simili,
824 1281 950 1348 unum,
972 1259 1042 1331 duo
1062 1259 1118 1332 vel
1144 1261 1214 1334 tria
1233 1261 1451 1337 beneficium
1479 1288 1545 1338 seu
1569 1267 1681 1341 bene-

349 1380 432 1454 ficia
457 1379 742 1455 ecclesiasticum
767 1405 830 1456 seu
859 1381 1117 1474 ecclesiastica,
1143 1385 1251 1458 etiam
1276 1385 1305 1459 si
1331 1388 1400 1461 duo
1423 1413 1467 1462 ex
1489 1389 1578 1486 ipsis
1598 1414 1683 1464 cnm

349 1529 446 1597 cura,
479 1510 539 1576 aut
564 1503 756 1601 dignitates
782 1505 837 1580 vel
861 1512 1075 1606 personatus
1100 1515 1161 1582 aut
1187 1511 1321 1603 omnia,
1348 1513 1680 1590 administrationes

346 1631 402 1705 vel
432 1629 565 1722 officia,
588 1633 820 1708 canonicatus
849 1639 885 1708 et
911 1633 1132 1729 prebendas,
1159 1638 1395 1734 prestimonia
1424 1647 1459 1714 et
1484 1641 1680 1738 prestimo-

347 1760 461 1834 nieles
494 1762 699 1859 portioneS,
740 1761 919 1838 beneficia
957 1763 1161 1856 servitoris,
1203 1773 1396 1863 perpetuas
1432 1768 1605 1860 vicarias,
1642 1771 1679 1842 in

348 1886 615 1961 cathedralibus
635 1887 744 1960 etiam
764 1891 1051 1988 metropolitanis
1065 1890 1122 1963 vel
1137 1889 1336 1987 collegiatis
1352 1892 1517 1966 ecclesiis
1533 1894 1677 1984 fuerint,

348 2019 384 2085 et
410 2013 455 2118 ad
484 2013 690 2112 dignitates,
714 2022 940 2112 personatus,
974 2015 1302 2090 administrationes
1328 2017 1384 2090 vel
1413 2017 1534 2093 officia
1556 2021 1681 2118 hujus-

347 2138 445 2214 modi
469 2141 723 2216 consueverint
751 2141 862 2238 aliqui
897 2166 963 2239 per
998 2141 1214 2216 electionem
1244 2143 1399 2234 assumi,
1432 2143 1555 2240 eisque
1592 2168 1678 2219 cura

346 2264 552 2341 immineret
596 2267 796 2341 animarum
842 2267 888 2340 ad
935 2267 1165 2341 collationem
1212 2292 1524 2366 quorumcumque
1566 2270 1679 2344 colla-

348 2396 465 2466 torum
499 2418 564 2468 seu
598 2393 820 2468 collatricum
859 2393 897 2466 in
928 2393 1155 2468 confectione
1187 2393 1371 2495 literarum
1412 2395 1677 2492 eligendorum,

347 2517 455 2591 etiam
481 2519 620 2593 rationo
650 2519 876 2616 dignitatum,
909 2519 1062 2592 comiter
1083 2519 1140 2594 vel
1162 2518 1302 2592 divisim
1325 2525 1528 2618 spectantes
1559 2544 1679 2595 reser-

345 2667 494 2733 vamus,
539 2643 745 2718 inhibentes
801 2667 844 2718 ac
882 2644 1135 2718 decernentes.
1181 2648 1223 2718 Et
1259 2651 1298 2719 ut
1336 2645 1549 2720 celeriorem
1594 2670 1677 2744 gra-

344 2769 475 2843 tiarum
512 2769 721 2868 hujusmodi
751 2777 1020 2867 consequantur
1054 2769 1241 2860 effectum,
1271 2771 1409 2845 eisdem
1436 2778 1535 2846 motu
1567 2771 1675 2844 simili

345 2895 600 2986 concedimus,
637 2896 868 2994 indulgemus
897 2919 940 2969 ac
977 2895 1140 2969 volumus
1176 2900 1210 2969 et
1239 2896 1468 2970 decernimus
1501 2897 1598 2993 quod
1638 2897 1675 2969 in

343 3020 553 3119 hujusmodi
578 3021 839 3096 beneficiorum
869 3021 1141 3110 assicuretione,
1167 3021 1335 3095 omnibus
1361 3026 1397 3096 et
1421 3021 1570 3119 singulis
1593 3047 1676 3120 per-

343 3147 457 3239 sonis,
483 3147 591 3222 etiam
612 3147 768 3245 antiquis
792 3147 1026 3221 familiaribus
1050 3146 1184 3220 nostris
1205 3146 1411 3244 descriptis,
1435 3171 1500 3222 seu
1520 3172 1585 3246 per
1605 3173 1675 3222 nos

250 3365 256 3370 ι
343 3279 404 3345 aut
432 3273 476 3346 de
507 3274 677 3346 mandato
712 3280 837 3348 nostro
871 3270 1141 3362 describendis,
1176 3273 1435 3369 cujuscumque
1468 3271 1671 3369 dignitatis,

343 3403 478 3490 status,
520 3397 669 3496 gradus,
712 3398 847 3472 ordinis
883 3421 947 3470 seu
982 3396 1199 3470 conditionis
1233 3397 1390 3489 fuerint,
1425 3397 1533 3471 etiam
1570 3397 1673 3470 siin

345 3519 541 3592 canonicos
575 3520 685 3594 creati
717 3527 754 3595 et
782 3503 1014 3620 processibus
1046 3521 1293 3619 diligentiores
1322 3520 1393 3595 sint
1420 3522 1567 3594 omnino
1592 3545 1675 3619 pre·

342 3643 430 3718 ferri
453 3645 607 3720 debeant
625 3651 661 3720 et
683 3644 879 3738 anteferri;
906 3645 1226 3720 nonobstantibus
1256 3645 1559 3741 quibuscumque,
1585 3651 1672 3720 ante

341 3769 533 3860 lationem,
570 3772 829 3870 prerogativis,
869 3755 1193 3859 declarationibus,
1226 3769 1440 3867 privilegiis,
1480 3771 1603 3868 gratiis
1634 3777 1673 3844 et

343 3894 490 3968 indultis
515 3919 557 3969 ao
581 3897 788 3989 unionibuS,
817 3895 1027 3968 nominandi
1054 3902 1115 3970 aut
1138 3894 1351 3970 conferendi
1371 3895 1600 3969 facultatibus
1627 3919 1671 3969 ac

343 4021 557 4120 specialibus
573 4022 628 4096 vel
648 4023 879 4120 generalibus
898 4021 1201 4096 reservationibus
1222 4027 1258 4096 et
1272 4019 1452 4118 primariis
1467 4022 1673 4118 precibusa

340 4145 573 4221 familiaribus
593 4149 727 4222 nostris
753 4148 942 4247 descriptis
965 4172 1028 4222 seu
1053 4147 1299 4222 describendis
1321 4171 1364 4221 ac
1386 4147 1569 4244 quibusvis
1591 4147 1671 4221 aliis

339 4297 405 4370 per
424 4298 491 4347 nos
507 4273 615 4349 otiam
630 4281 730 4348 motu
746 4275 851 4348 simili
873 4283 969 4348 etex
984 4281 1083 4349 certa
1098 4273 1250 4347 seientia
1264 4296 1347 4348 cum
1362 4271 1544 4368 quibusvis
1560 4273 1671 4346 etiam

339 4375 628 4496 derogativarum
646 4398 895 4495 derogatoriis,
914 4406 949 4473 et
964 4399 1042 4472 aliis
1058 4398 1265 4472 fortioribus
1288 4404 1324 4472 et
1343 4397 1610 4472 efficacioribus
1626 4421 1670 4471 ac

338 4521 491 4597 insolitis
507 4523 688 4624 clausulis,
717 4523 825 4597 etiam
849 4531 949 4598 motu
969 4530 1005 4598 et
1027 4523 1178 4598 scicntia
1207 4523 1394 4615 similibus,
1426 4547 1491 4597 seu
1511 4521 1559 4596 ad
1580 4545 1671 4618 quo

337 4671 574 4746 rumoumque
587 4649 861 4747 imperatorum,
882 4673 1023 4748 regum,
1045 4649 1194 4740 ducum,
1215 4647 1418 4746 principum
1433 4652 1495 4720 aut
1508 4645 1670 4744 prelato-

338 4796 419 4846 rum
447 4796 511 4846 seu
539 4774 695 4872 cujusvis
722 4763 868 4851 alterius
902 4777 1071 4851 instantia
1097 4775 1283 4852 concessis
1310 4799 1375 4850 seu
1404 4773 1667 4849 concedendis.

338 4901 414 4984 Quo
444 4899 566 4974 omnia
593 4907 629 4975 et
657 4902 811 5000 singula,
844 4903 963 4999 quoad
994 4903 1202 5000 hujusmodi
1237 4899 1416 4975 beneficia
1451 4923 1519 4997 per
1549 4899 1668 4975 dictos

336 5025 572 5099 conclavistas
601 5027 850 5125 infrascriptos
875 5029 1096 5126 acceptanda
1122 5034 1159 5102 et
1182 5027 1226 5100 de
1255 5027 1384 5124 quibus
1411 5024 1462 5098 eis
1484 5024 1669 5122 provideri

335 5150 543 5248 contigerit,
557 5151 722 5228 volumus
737 5177 811 5228 non
826 5153 984 5244 extendi,
997 5153 1144 5230 etiamsi
1159 5152 1204 5228 de
1213 5150 1443 5251 presentibus
1457 5173 1670 5249 expressam
