3600 6094
226 437 314 506 [Aout
328 455 396 519 lttt]
563 450 691 509 RERUM
715 449 945 509 UHBANARUM
971 451 1232 513 COMMENTARII.
1536 466 1573 523 37

225 610 268 682 in
284 608 440 700 titulum,
456 607 512 680 vel
525 611 563 680 ut
577 606 676 680 unita
692 605 769 680 aliis
784 606 972 682 beneficiis
989 609 1241 696 ecclesiasticis
1255 637 1322 710 per
1336 639 1399 690 eos
1415 618 1570 694 obtentis

228 737 280 812 ad
303 759 427 809 eorum
455 733 563 808 vitam
588 732 843 822 obtinuissent;
871 739 907 808 et
930 733 990 806 illa
1013 736 1216 810 obtinentes
1246 743 1442 836 apostolice
1474 747 1569 818 sedis

229 861 379 952 notarii,
411 858 601 956 capellani,
642 856 864 948 cubicularii,
903 861 1037 950 nuncii,
1073 861 1257 936 literarum
1292 869 1571 963 apostolicarum

229 985 521 1074 abbreviaturas,
546 982 760 1082 scriptores,
785 1007 849 1056 seu
877 985 964 1059 alias
992 987 1155 1083 ejusdem
1177 990 1272 1062 sedis
1296 992 1485 1084 officiales
1511 1003 1571 1070 aut

231 1111 357 1209 quavis
377 1110 448 1184 alia
471 1109 642 1206 qualitate
663 1109 820 1204 aliquam
842 1110 947 1183 aliam
970 1114 1251 1189 reservationem
1273 1121 1481 1214 generalem
1506 1147 1570 1196 seu

233 1236 431 1336 specialem
450 1235 506 1309 vel
521 1235 752 1310 affectionem
772 1234 965 1310 inducente
984 1237 1178 1333 qualificati
1202 1247 1249 1330 et,
1268 1243 1338 1314 rnei
1361 1251 1421 1319 aut
1439 1249 1571 1343 prede-

232 1385 422 1437 cessorum
452 1385 618 1436 meorum
656 1385 889 1437 romanorum
922 1361 1136 1459 pontificum
1165 1363 1379 1458 familiares,
1409 1370 1569 1444 continui

231 1487 499 1563 commensales
523 1493 631 1562 antea
653 1489 807 1566 luissent
833 1491 926 1564 etin
948 1499 1136 1589 posterum
1161 1499 1286 1584 erunt,
1314 1495 1358 1566 da
1389 1519 1571 1570 consensu

231 1611 425 1686 cardinalis
448 1633 587 1698 eorum,
610 1611 648 1685 in
668 1611 854 1688 literarum
870 1615 1030 1713 desuper
1050 1619 1291 1716 expeditione,
1317 1629 1353 1694 et
1374 1647 1448 1696 non
1468 1625 1572 1699 aliter

231 1738 433 1830 conteram,
452 1743 513 1810 aut
526 1737 715 1834 disponam
730 1739 774 1813 de
792 1739 942 1832 eisdem,
960 1741 1023 1833 ita,
1041 1749 1079 1816 ut
1095 1744 1123 1816 si
1140 1767 1246 1819 secus
1262 1769 1386 1843 egero,
1404 1749 1440 1821 id
1456 1755 1569 1824 totum

229 1863 366 1938 nullius
389 1863 434 1937 sit
453 1863 594 1937 roboris
616 1865 672 1939 vel
696 1865 892 1958 momentu
918 1871 954 1941 ot
977 1867 1006 1940 si
1033 1868 1251 1943 beneficium
1275 1871 1420 1968 aliquod
1443 1897 1569 1950 vacare
1602 1957 1608 1964 ,

230 1990 574 2088 quomodocumque
585 1990 791 2088 contigerit,
809 1993 887 2088 ejus
903 1991 1047 2067 collatio
1058 1995 1141 2092 jure
1157 1996 1338 2070 ordinario
1353 1999 1398 2072 ad
1414 2000 1569 2096 aliquem

228 2139 279 2190 ex
312 2113 468 2190 dominis
500 2113 742 2190 cardinalibus
776 2115 990 2212 spectaverit
1023 2125 1060 2194 at
1089 2122 1322 2217 pertinuerit,
1360 2125 1441 2200 volo
1472 2131 1570 2224 quod

229 2240 326 2314 illius
348 2239 491 2314 collatio
514 2244 551 2314 et
570 2239 727 2337 provisio
748 2263 814 2337 per
838 2241 955 2338 ipsum
971 2243 1158 2318 dominum
1180 2249 1399 2324 cardinalem
1421 2253 1570 2328 collato-

229 2388 311 2440 rem
333 2364 408 2455 liat,
434 2364 543 2438 etiam
565 2364 596 2437 si
617 2363 705 2438 illud
727 2365 893 2440 obtinens
911 2369 1057 2442 alterius
1080 2371 1270 2446 cardinalis
1286 2375 1471 2450 familiaris
1487 2402 1572 2452 con-

230 2491 354 2566 tinuus
368 2489 623 2564 commensalis
641 2491 768 2583 luerit;
793 2493 837 2566 de
859 2493 987 2588 quihus
1003 2495 1066 2570 fiet
1088 2498 1255 2594 specialis
1271 2503 1396 2600 regula
1411 2503 1447 2576 in
1463 2505 1571 2600 plena

229 2616 352 2690 lomna
378 2620 415 2690 et
435 2619 592 2713 ponetur
618 2615 656 2688 in
681 2615 774 2689 libro
796 2619 1010 2694 cancellarie
1036 2627 1073 2696 et
1094 2623 1334 2720 publicabitur
1359 2628 1396 2701 in
1424 2631 1567 2722 eodem,

230 2743 321 2815 dum
340 2745 376 2815 et
390 2741 532 2838 quoties
552 2725 689 2816 eisdem
712 2743 952 2818 cardinalibus
972 2746 1151 2822 videbitur
1167 2755 1203 2824 et
1224 2752 1400 2849 placebit;
1426 2760 1461 2828 et
1477 2756 1571 2830 ultra

231 2869 368 2942 dictam
383 2866 545 2964 regulam
560 2867 798 2965 expedientur
808 2870 904 2944 bulle
916 2871 1055 2969 singule
1065 2897 1131 2971 pro
1143 2877 1304 2971 quolibet
1319 2879 1566 2954 cardinalium.

231 2999 441 3070 Teneantur
461 3000 584 3068 tamen
604 2995 669 3085 illi,
694 2996 825 3091 quibus
846 3019 913 3093 per
934 2998 1135 3072 cardinales
1163 3003 1345 3098 predictos
1376 3007 1570 3103 contigerit

230 3145 300 3222 pro
316 3129 480 3221 tempore
502 3121 682 3220 provideri
701 3121 745 3195 de
768 3121 955 3196 beneficiis
976 3124 1229 3198 ecclesiasticis
1252 3128 1471 3225 hujusmodi,
1496 3131 1569 3203 dis-

230 3249 404 3350 positioni
423 3247 621 3346 apostolice
636 3248 855 3344 generaliter
873 3249 1064 3324 reservatis
1079 3251 1135 3323 vel
1150 3251 1288 3326 affectis
1307 3260 1343 3327 et
1362 3255 1569 3351 inquorum

231 3375 392 3448 levorem
407 3373 496 3446 alias
511 3373 739 3469 contingeret
759 3397 827 3471 per
847 3372 945 3472 ipsos
963 3375 1164 3449 cardinales
1183 3377 1324 3476 disponi
1347 3379 1392 3454 de
1415 3381 1566 3476 eisdem,

233 3500 266 3573 si
287 3499 429 3572 illorum
451 3499 606 3588 fructuS,
630 3498 790 3572 redditus
811 3506 847 3573 et
867 3508 1061 3598 proventus
1082 3527 1240 3578 annuum
1265 3505 1423 3581 valorem
1445 3495 1569 3607 viginti

231 3631 388 3722 quatuor
402 3625 624 3700 florenorum
641 3624 719 3698 auri
741 3624 785 3698 de
806 3649 952 3700 camera
973 3627 1174 3701 secundum
1197 3652 1427 3705 communem
1450 3633 1570 3707 existi-

231 3752 432 3826 mationem
469 3751 706 3842 excederent,
743 3750 900 3848 desuper
935 3775 1065 3826 novam
1097 3735 1340 3849 provisionem
1373 3755 1429 3828 vel
1462 3756 1569 3831 aliam

231 3877 507 3980 dispositionem
522 3901 544 3950 a
563 3877 649 3949 sede
665 3877 805 3974 prelata
818 3874 912 3946 inira
927 3879 1010 3947 octo
1032 3874 1062 3947 si
1078 3874 1171 3947 ultra
1188 3882 1224 3948 et
1239 3881 1393 3971 quatuor
1407 3901 1567 3970 menses,

233 4003 263 4074 si
288 4002 379 4076 citra
400 4007 542 4076 montes
568 4001 823 4096 consisterent,
844 4001 1023 4075 beneficia
1044 4003 1121 4100 ipsa
1143 4026 1165 4074 a
1186 4002 1244 4076 die
1266 4002 1388 4076 habite
1415 4003 1568 4101 pacifice

231 4125 480 4226 possessionis
495 4126 719 4216 eorumdem,
743 4127 920 4218 obtinere,
945 4133 981 4200 et
1003 4151 1047 4200 ex
1069 4131 1159 4216 toto,
1177 4125 1284 4198 etiam
1308 4126 1425 4221 quoad
1448 4150 1569 4200 came-

231 4277 309 4328 ram
325 4253 574 4352 apostolioam‚
597 4254 679 4351 jura
699 4255 845 4352 propria
865 4255 915 4328 illi
937 4255 1058 4328 debita
1077 4255 1260 4343 solvendo,
1284 4253 1407 4328 literas
1423 4259 1569 4349 aposto-⁴

231 4381 320 4456 lices
345 4379 502 4477 desuper
527 4379 710 4476 expedire.
737 4378 906 4475 Alioquin
932 4379 1112 4452 beneficia
1135 4378 1226 4476 ipsa,
1255 4377 1359 4450 dictis
1381 4378 1568 4451 mensibus

233 4503 405 4594 recursis,
420 4526 549 4578 vacare
565 4508 782 4578 censeantur
803 4526 846 4577 eo
869 4503 961 4601 ipso,
983 4502 1052 4576 nisi
1072 4501 1234 4600 legitimo
1258 4501 1415 4597 desuper
1436 4499 1570 4575 luerint

232 4629 493 4728 impedimento
515 4629 651 4702 detenti
670 4629 727 4702 vel
745 4628 833 4726 ipsis
852 4628 1056 4726 petentibus
1077 4625 1285 4724 hujusmodi
1305 4649 1433 4698 novam
1452 4627 1569 4723 provif

233 4755 375 4831 sionem
398 4761 435 4830 et
454 4755 751 4854 protestantibus,
773 4755 868 4851 quod
890 4778 955 4852 per
976 4779 1039 4828 eos
1061 4778 1134 4827 non
1157 4759 1240 4845 stat,
1265 4751 1457 4849 contigerit
1472 4753 1568 4848 illam

233 4884 420 4982 denegari.
439 4886 518 4972 Quo
533 4907 619 4958 casu
636 4883 683 4956 ob
701 4907 775 4956 non
792 4881 980 4954 'obtentam
1002 4903 1132 4954 novam
1154 4878 1397 4978 provisionem
1418 4879 1455 4952 in
1470 4875 1567 4950 nullo

234 5009 287 5086 eis
301 5009 516 5108 prejudicat.

284 5139 388 5228 ltem,
410 5135 507 5234 quod
531 5157 657 5211 omnes
683 5141 719 5211 et
740 5135 869 5234 singuli
893 5133 1093 5209 cardinales
1118 5133 1154 5208 in
1177 5133 1355 5210 electione
1379 5154 1462 5206 mea
1482 5153 1567 5227 pre-
