3422 6034
110 465 318 533 [Drtohretttt]
446 465 573 522 RERUM
596 463 823 522 URBANARUM
848 464 1109 524 COMMENTARII.
1391 471 1443 525 423

107 621 208 695 dicto
242 620 280 692 in
302 643 431 692 novem
461 620 550 696 locis
580 618 728 716 singulis
758 619 917 716 singulos
947 621 1238 716 consanguineos
1267 621 1389 718 sponsi
1421 645 1443 695 a

106 747 266 820 sinistris
280 745 470 836 habentes
488 745 533 818 ad
548 743 798 818 honorandam
815 768 984 840 sponsam
1000 746 1218 842 equitarunt.

154 871 264 944 Feria
278 871 450 958 secunda,
471 875 515 944 to
529 871 701 960 octobris,
720 874 843 942 Rmus.
861 875 904 944 D.
915 869 1090 965 Georgius
1106 876 1192 943 tunc
1208 870 1301 943 tituli
1317 879 1440 944 sancte

105 997 221 1070 llarie
248 995 285 1068 in
299 994 556 1068 ‘transtiberim
576 995 764 1092 presbyter
784 994 988 1080 cardinalis,
1011 994 1305 1092 presbyterorum
1328 995 1444 1068 cardi-

105 1121 245 1194 nalium
268 1121 379 1217 prior,
404 1120 584 1216 prefectus
606 1127 661 1193 est
683 1120 837 1193 ecclesie
859 1119 1054 1192 albanensi
1077 1143 1142 1215 per·
1165 1119 1439 1194 translationem

107 1246 204 1318 limi.
234 1249 277 1318 D.
307 1245 547 1318 cardinalias.
570 1244 697 1339 Angeli
728 1243 772 1316 de
792 1243 853 1316 illa
881 1243 924 1315 ad
944 1241 1199 1318 'Prenestinam
1219 1267 1284 1340 pet·
1303 1245 1439 1318 obitum

105 1370 202 1444 bone
225 1371 403 1446 memorie
425 1369 695 1466 studegavensis
717 1377 861 1466 pastore
884 1376 1082 1458 carentem,
1107 1368 1215 1442 hodie
1240 1370 1275 1442 in
1299 1377 1440 1443 secreto

103 1497 325 1571 consistorio
353 1497 484 1570 tactam
514 1503 550 1571 at
579 1497 630 1568 sic
660 1496 776 1570 lactus
807 1495 998 1592 episcopus
1029 1493 1244 1584 cardinalis3
1275 1502 1310 1568 et
1335 1495 1435 1568 finito

104 1622 326 1695 consistorio
341 1621 387 1694 ab
407 1620 574 1696 omnibus
595 1620 837 1694 cardinalibus
859 1619 904 1693 ad
925 1619 1097 1715 palatium
1120 1617 1353 1692 habitationis
1376 1644 1439 1692 sue

99 1749 208 1844 juxta
223 1747 417 1822 ecclesiam
434 1773 463 1818 s.
482 1745 664 1820 Laurentii
680 1747 717 1818 in
733 1745 868 1818 Lucina
882 1746 1131 1835 constitutum,
1151 1745 1244 1818 inter
1259 1746 1440 1842 predictos

104 1872 278 1946 dominos
300 1871 472 1946 diaconos
496 1871 696 1945 cardinales
725 1869 761 1942 in
791 1869 917 1944 ultimo
948 1869 1029 1942 loco
1059 1871 1264 1966 equitantes
1286 1870 1437 1966 positus,

103 2023 212 2074 more
228 1999 334 2072 solito
349 1998 548 2072 associatus
563 2003 638 2084 est;
660 1995 734 2086 ubi,
757 1996 826 2068 illis
846 2021 890 2068 ex
906 2021 1007 2070 more
1023 1998 1147 2092 gratiis
1168 1997 1441 2072 actisrecessis-

104 2149 192 2223 que,
216 2124 366 2198 domum
389 2122 543 2197 intravit.
569 2121 776 2196 Cardinales
798 2122 859 2218 qui
881 2122 999 2217 ipsum
1022 2123 1246 2197 associarunt
1268 2123 1437 2196 luerunt:

104 2248 440 2337 vicecancellarius,
472 2247 745 2345 Neapolitanum
777 2271 806 2320 s,
838 2249 934 2320 Petri
964 2247 1010 2319 ad
1037 2247 1201 2336 Vincula,
1234 2273 1262 2319 s.
1295 2249 1437 2344 Angeli,

104 2375 292 2473 episcopi;
323 2373 531 2464 lanuensiS,
565 2376 616 2446 De
645 2373 861 2461 ComitibuS,
894 2374 1115 2460 Parmensis,
1148 2349 1437 2458 Beneventanus,

106 2499 322 2586 Alerieusis,
348 2523 376 2570 s.
401 2497 604 2586 Anastasie,
629 2495 850 2594 presbyteri;
876 2495 1039 2586 Ursinus,
1064 2495 1252 2584 Columna,
1277 2494 1439 2568 Sabellus

106 2631 143 2698 et
161 2650 192 2696 a.
211 2623 369 2720 Georgii,
388 2621 530 2696 diaconi
546 2621 758 2696 cardinales.

158 2749 332 2836 Sabbata,
355 2753 397 2822 15
418 2748 554 2821 mensis
569 2748 741 2838 octobris,
764 2748 800 2820 in
822 2747 977 2821 ecclesia
997 2745 1185 2842 hospitalis
1206 2746 1440 2842 anglicorum

109 2873 295 2948 celebrate
325 2879 408 2946 sunt
427 2872 579 2969 exequie
600 2871 780 2969 quondam
807 2876 849 2944 D.
873 2871 1017 2944 Davidis
1041 2868 1172 2944 Villani
1195 2867 1439 2940 archidiaconi

107 2998 321 3088 dianiensis,
340 2999 452 3072 lllust.
477 3002 518 3071 D.
543 2997 688 3072 llenrici
709 2995 908 3093 Anglorum
935 2995 1031 3092 regis
1046 2994 1141 3091 apud
1157 2996 1220 3068 SS.
1239 2996 1282 3066 D.
1301 2997 1343 3064 N.
1362 3015 1440 3065 ora-

108 3123 199 3196 toris
229 3123 288 3218 qui
318 3145 433 3218 nuper
461 3122 498 3195 in
528 3145 678 3195 romana
713 3122 812 3194 curia
840 3120 938 3192 diem
967 3119 1094 3192 clausit
1129 3123 1331 3190 extremum
1364 3141 1371 3188 :
1404 3117 1440 3188 in

108 3243 267 3320 ecclesia
287 3269 316 3318 s.
347 3245 535 3342 Crisogoni
563 3245 600 3318 in
622 3246 891 3345 Transtyberim
919 3245 1080 3342 sepultus
1108 3243 1174 3316 luit
1198 3249 1233 3316 et
1254 3243 1437 3314 humatus.

106 3371 258 3443 Missam
273 3369 454 3467 publicam
474 3369 668 3445 celebravit
688 3377 729 3445 R.
753 3376 793 3446 P.
817 3377 859 3446 D.
884 3369 1026 3444 Gabriel
1049 3368 1239 3464 episcopus
1260 3365 1440 3462 Adjecer-

107 3495 159 3566 sis
182 3519 190 3566 :
214 3497 415 3572 orationem
436 3519 500 3568 seu
519 3519 725 3572 sermonem
745 3505 826 3594 post
846 3497 995 3568 missam
1015 3494 1099 3568 lecit
1120 3491 1294 3566 Pindarus
1310 3495 1440 3563 Roma-

106 3645 176 3692 nus
199 3621 236 3693 in
259 3645 386 3720 cappa,
405 3623 510 3720 juxta
531 3623 696 3698 ordinem
719 3621 855 3718 capelle
878 3626 1017 3693 nostre.
1035 3621 1193 3691 Fuerunt
1215 3616 1438 3688 funestorum

107 3769 262 3820 numero
277 3771 421 3838 novem,
440 3747 620 3822 intorticia
639 3750 735 3822 circa
754 3746 969 3820 catalectum
991 3745 1134 3817 luerunt
1149 3741 1355 3828 duodecim,
1373 3765 1438 3836 pro

106 3869 309 3966 elevatione
339 3875 555 3948 sacramenti
585 3879 750 3969 quatuor,
769 3877 805 3944 et
821 3869 893 3943 duo
908 3891 974 3966 pro
997 3866 1204 3940 celebrante
1227 3873 1262 3936 et
1285 3863 1439 3936 iaciente

107 3998 325 4072 orationem.
355 3997 524 4094 Exequiis
551 3996 758 4094 hujusmodi
782 3994 941 4069 interluit
969 3992 1105 4066 iamilia
1133 3994 1229 4086 Pape
1258 4011 1328 4084 que
1357 3993 1439 4084 post

107 4123 221 4195 finem
251 4123 361 4196 misse
390 4123 504 4212 venit,
530 4123 720 4218 episcopus
745 4118 1043 4207 Constantianam,
1071 4121 1193 4188 orator
1221 4111 1435 4208 imperialis;

109 4248 302 4344 episcopus
312 4247 559 4340 TrecorensiS,
572 4252 692 4320 orator
703 4245 804 4318 ducis
816 4243 1017 4330 Britannie;
1031 4247 1074 4316 D.
1087 4239 1270 4312 lohannes
1282 4239 1436 4323 Gerena,

111 4371 264 4446 clericus
281 4395 442 4466 camere;
462 4377 504 4448 D.
524 4378 723 4450 Coronatus
739 4370 783 4445 de
798 4370 931 4444 Planca
945 4374 981 4442 et
996 4363 1208 4440 Franciscus
1225 4361 1270 4436 de
1284 4359 1435 4449 Anania,

112 4495 275 4570 advocati
291 4497 574 4572 consistoriales.
593 4497 743 4570 Prelatis
763 4503 799 4570 et
818 4494 969 4568 tunestis
989 4492 1071 4565 date
1092 4495 1174 4562 sunt
1194 4485 1310 4560 tacule
1333 4484 1438 4556 unius

111 4621 214 4712 libre,
233 4621 312 4694 aliis
327 4621 447 4696 medie
462 4623 553 4698 libre
569 4629 605 4697 et
620 4623 727 4698 trium
743 4621 945 4694 unciamm.

153 4750 260 4824 Feria
274 4749 393 4840 tertia,
408 4755 450 4823 18
467 4750 602 4824 mensis
614 4749 788 4836 octobris,
803 4745 1022 4820 antehoram
1035 4739 1189 4838 prandii,
1200 4736 1296 4810 circa
1310 4733 1439 4807 horam

113 4874 271 4964 tertiam,
288 4895 353 4970 per
366 4879 507 4972 portam
518 4897 547 4946 s.
564 4873 676 4945 Mario
692 4870 737 4944 de
747 4868 883 4966 Populo
899 4869 1081 4964 portatum
1097 4862 1163 4935 luit
1178 4859 1331 4932 cadaver
1345 4856 1439 4928 bone

114 4997 290 5070 memorie
304 4995 478 5069 lobannis
494 4995 654 5092 episcopi
671 4989 959 5066 Prenestinensis
976 4984 1166 5058 cardinalis
1179 4980 1338 5054 marchia
1367 4981 1440 5050 An-

115 5123 283 5198 conitane
299 5122 345 5197 ab
360 5121 439 5196 aliis
459 5120 534 5194 suis
555 5120 732 5194 soutileris
748 5123 784 5191 et
799 5114 994 5215 capellanis
1013 5110 1164 5212 pedibus
1178 5109 1252 5182 suis
1269 5104 1440 5180 inceden-
