3436 6038
95 517 145 586 {lint
160 517 223 580 usu
413 510 539 571 RERUM
563 509 791 569 URBaNnnnu
815 509 1077 568 conmendanti.
1360 514 1412 568 199

95 683 162 772 post
179 694 216 745 se
232 671 339 761 ostio,
358 667 524 742 omnibus
549 666 720 764 expulsis,
744 671 915 740 executus
935 673 1076 764 estque
1098 665 1164 738 sibi
1188 671 1254 763 pe'r
1273 667 1337 738 SS.
1365 669 1408 741 l).

92 803 127 872 N.
143 805 177 871 ut
191 797 383 894 prefertur,
401 799 483 867 sant
502 792 709 866 commissa.

131 925 164 995 ln
180 920 289 994 missa
304 917 589 994 consecrationis
609 918 784 992 hodierne
806 941 877 1010 non
900 916 1045 991 lueront
1064 918 1250 992 incensato
1275 919 1407 1008 oblata,

89 1069 192 1143 neque
213 1047 324 1120 altare
347 1069 464 1142 neque
490 1050 758 1117 sacramentum
777 1071 784 1116 :
802 1044 838 1115 in
864 1067 1007 1116 summa
1027 1043 1104 1116 sine
1129 1043 1277 1116 incenso
1298 1045 1410 1118 missa

89 1172 255 1269 completa
285 1169 365 1260 luit,
391 1169 475 1266 qnia
497 1169 532 1241 in
559 1168 768 1266 missisque
793 1169 965 1266 leguntur
993 1195 1054 1246 seu
1086 1173 1162 1246 sine
1192 1173 1286 1247 notis
1311 1173 1408 1246 cele-

88 1299 223 1371 branton
237 1297 388 1370 incenso
408 1317 482 1368 non
496 1295 641 1367 utimur.
1204 1301 1207 1306 '

130 1428 163 1498 ln
179 1423 234 1496 die
248 1447 277 1496 s.
286 1423 397 1496 Marci
409 1421 628 1518 evangeliste
642 1421 706 1494 init
721 1423 831 1495 missa
843 1423 1014 1496 solemnis
1030 1423 1065 1497 in
1078 1425 1232 1499 ecelesia
1243 1427 1406 1522 ejusvlem

86 1549 189 1624 sancti
206 1549 250 1623 de
276 1549 386 1638 Urbe,
417 1569 523 1644 (paam
544 1545 738 1620 celebravit
758 1545 905 1644 quidam
928 1550 1133 1646 episcopus.
1157 1551 1252 1624 Dixit
1266 1557 1405 1626 tantum

85 1697 182 1748 unam
211 1675 427 1762 orationem,
462 1673 574 1746 Credo
608 1679 642 1746 et
675 1673 913 1770 prelationem
945 1675 988 1749 de
1018 1675 1204 1773 apostolis.
1245 1679 1406 1752 interluit

85 1805 197 1875 limus.
217 1805 259 1876 ll.
279 1827 308 1874 s.
328 1801 440 1875 ltlarci
456 1801 621 1899 etplores
638 1801 696 1874 alii
712 1801 912 1875 cardinales
929 1807 964 1875 et
976 1799 1133 1900 religiosi
1147 1827 1154 1890 ;
1168 1803 1331 1877 et'clerus
1345 1805 1404 1900 qni

84 1929 121 2000 ad
131 1928 398 2026 processionem
421 1929 582 2016 venerat,
599 1924 799 2022 expectavit
818 1949 884 2022 per
902 1923 1096 2002 ecclesiam
1116 1931 1151 1997 et
1168 1931 1266 2000 extra
1289 1932 1403 2023 usqne

85 2061 155 2150 post
169 2053 407 2128 elevationem
423 2045 652 2123 sacramenti.
672 2047 832 2122 Primum
847 2049 1062 2145 inceperunt
1084 2048 1275 2123 incircnire
1291 2050 1403 2124 altaro

84 2182 189 2278 majus
203 2176 524 2278 processionaliter
539 2197 603 2248 suo
614 2173 754 2248 ordine.
767 2173 847 2247 Alia
859 2174 980 2247 omnia
995 2173 1183 2248 observata
1199 2183 1282 2248 sunt
1297 2183 1404 2272 prout

85 2301 114 2377 in
142 2303 214 2377 aliis
243 2301 363 2375 missis
392 2300 578 2398 papalibus
599 2305 654 2373 est
680 2304 892 2373 consuetum
913 2299 1107 2391 observari,
1131 2307 1282 2398 excepto
1307 2301 1402 2396 quod

85 2433 196 2500 limus.
214 2431 254 2501 D.
273 2423 465 2500 cardinalis
482 2447 511 2496 s.
529 2423 640 2497 Marci
654 2423 751 2496 stetit
768 2421 803 2494 in
818 2421 944 2498 ultimo
961 2425 1043 2498 loco
1056 2432 1137 2522 post
1150 2447 1277 2499 omnes
1293 2427 1401 2499 etiam

86 2554 245 2628 diaconos
271 2551 486 2640 cardinales,
503 2549 588 2622 licet
607 2548 684 2646 ipse
701 2549 746 2622 sit
761 2549 952 2647 episcopus
973 2551 1162 2624 cardinalis
1181 2574 1188 2640 ;
1209 2559 1244 2624 et
1261 2551 1402 2647 accepit

85 2703 200 2776 pacem
220 2679 366 2752 ultimus
391 2701 412 2750 a
433 2675 620 2773 capellano
645 2673 834 2748 assistente
860 2681 895 2749 et
923 2677 1071 2774 singulis
1093 2677 1334 2750 cardinalibus
1356 2679 1400 2750 ad

80 2803 258 2878 ecclesiam
274 2803 476 2902 predictam
490 2801 730 2884 venientibus,
750 2801 905 2876 accessit
921 2801 1061 2876 obviam
1077 2802 1252 2898 usquead
1267 2802 1399 2875 ostium
1453 2803 1460 2814 '

80 2929 219 3004 ecclesie
235 2929 295 3004 nbi
313 2927 472 3026 singulos
485 2927 625 3024 accepit
645 2933 681 3003 et
701 2951 817 3026 usque
833 2930 971 3003 adloca
990 2951 1055 3002 sua
1070 2928 1106 3000 in
1124 2927 1277 3001 chorum
1297 2951 1398 3002 asso-

78 3054 181 3128 ciavit.
1372 3057 1376 3064 ’

121 3180 217 3254 Faria
227 3185 370 3277 quarta,
388 3184 408 3254 3
425 3177 561 3253 mensis
577 3177 674 3270 maii,
695 3180 813 3276 vigilia
839 3179 1062 3268 ascensionis
1078 3183 1121 3252 D.
1141 3183 1183 3252 N.
1200 3181 1230 3252 J.
1250 3179 1396 3262 Christi,

80 3305 210 3380 inerunt
223 3330 373 3405 vespere
389 3305 535 3404 papales
548 3305 585 3378 in
601 3305 740 3402 capella
754 3307 892 3402 majore
913 3305 1047 3404 palatii,
1069 3307 1166 3402 Papa
1178 3312 1214 3379 et
1232 3304 1397 3379 cardina·-

79 3429 160 3502 libas
182 3430 421 3528 presentibus.
446 3433 542 3526 Papa
565 3427 699 3525 incepit
721 3451 903 3524 vesperae,
930 3435 966 3502 et
983 3429 1053 3502 alia
1076 3453 1179 3505 more
1194 3427 1300 3504 solito
1314 3435 1397 3503 sont

76 3553 258 3630 observata.
445 3630 447 3635 .

118 3683 152 3752 ln
169 3681 237 3770 die,
255 3685 379 3754 Rmus.
399 3683 441 3753 o.
465 3679 654 3754 cardinalis
671 3678 855 3774 agriensis
870 3680 907 3753 in
928 3679 1077 3754 basilica
1091 3680 1264 3778 principis
1279 3683 1395 3778 Apos-

80 3803 220 3879 tolorum
235 3807 280 3880 de
307 3807 402 3879 Urbe
426 3805 510 3880 lecit
532 3804 652 3879 oliicia
668 3804 703 3878 in
719 3803 939 3902 paramentis
965 3803 1067 3894 albis,
1088 3809 1184 3902 Papa
1209 3815 1391 3903 presente.

76 3931 276 4005 Sermonem
291 3931 534 4026 lecitqnidam
556 3931 864 4028 lraterpmlessus
879 3931 1015 4004 ordinis
1037 3955 1067 4003 s.
1090 3932 1292 4028 Augustini.
1316 3935 1393 4018 Quo

75 4053 177 4150 linito,
193 4057 288 4130 dicta
308 4055 375 4129 init
396 4079 462 4154 per
475 4056 666 4139 diaconum
686 4056 823 4153 capelle
844 4053 1040 4148 confessio,
1059 4063 1095 4129 et
1109 4079 1175 4154 per
1195 4059 1259 4130 SS.
1284 4061 1326 4130 D.
1348 4061 1389 4129 N.

73 4178 155 4254 tacta
166 4181 357 4271 absolutio,
377 4182 441 4254 sed
450 4205 516 4278 per
526 4180 832 4254 sermocinantem
847 4203 920 4254 non
932 4181 1182 4279 pronunciata,
1196 4205 1314 4278 neque
1327 4205 1394 4279 por

71 4303 190 4400 ipsum;
208 4305 466 4405 posthabitam
483 4331 505 4380 a
524 4305 620 4403 Papa
634 4305 940 4396 benedictionem,
958 4313 1041 4380 ante
1058 4329 1265 4380 sermonem
1281 4306 1393 4404 petita

72 4429 124 4504 luit
138 4431 473 4529 indulgentia,cum
490 4434 554 4505 SS.
574 4435 617 4503 D.
642 4433 684 4504 N.
708 4431 906 4526 plenariam
922 4431 959 4505 in
973 4432 1118 4530 publico
1137 4431 1220 4506 loco
1236 4431 1279 4504 sit
1293 4431 1392 4506 detu-

73 4579 132 4630 rus.
152 4561 261 4632 Facta
284 4557 320 4629 in
346 4555 457 4631 missa
481 4557 682 4630 elevatione
714 4559 944 4648 sacramenti,
977 4564 1144 4630 ostensus
1169 4557 1235 4632 init
1258 4557 1390 4654 populo

70 4681 171 4756 vultus
186 4683 259 4756 sive
275 4683 386 4758 iacies
403 4681 596 4756 Salvatoris
611 4682 738 4774 nostri,
757 4688 807 4772 nt,
825 4707 869 4756 eo
885 4683 973 4774 viso,
998 4683 1066 4757 iret
1081 4683 1127 4756 ad
1140 4683 1262 4756 locum
1282 4683 1391 4756 bene-

72 4803 222 4881 dictionis
251 4811 297 4884 ad
321 4809 525 4885 evitandum
553 4811 759 4884 tumultum.
786 4809 901 4884 Finita
930 4809 1052 4900 missa,
1085 4814 1181 4908 Papa
1207 4809 1300 4882 venit
1326 4833 1391 4907 per

74 4931 224 5010 nltimam
242 4959 374 5011 navem
389 4935 536 5011 basilice
562 4943 597 5010 et
614 4937 745 5012 iterum
769 4941 915 5011 ostensa
938 4935 1004 5008 luit
1020 4935 1116 5009 dicta
1133 4935 1243 5010 iacies
1259 4935 1388 5010 deinde

75 5055 129 5131 luit
144 5061 187 5134 ad
200 5061 321 5137 locum
336 5059 598 5137 benedictionis
616 5069 844 5152 consuetum,
862 5061 1103 5135 cardinalibus
1126 5069 1161 5135 et
1185 5063 1331 5159 prelatis
1347 5085 1388 5134 ac

79 5181 146 5258 aliis
159 5185 194 5259 in
211 5189 285 5264 suis
296 5188 420 5286 cappis
439 5188 717 5288 precedentibus
736 5189 811 5262 sine
823 5189 1057 5286 processione
1072 5187 1201 5261 inloco
1214 5187 1387 5284 predicto.
