3600 6094
111 459 258 523 mmtnm]
435 459 562 517 RERUM
586 460 814 518 URBANARUM
838 456 1100 517 COMMENTARH.
1397 455 1433 509 47

148 616 218 710 Ego
234 613 442 712 Stephanus
458 615 651 690 cardinalis
668 613 994 688 Mediolanensis...

151 743 221 836 Ego
237 741 421 815 lohannes
439 741 631 815 cardinalis
647 739 938 828 NovariensiS,...

150 869 222 962 Ego
237 868 421 942 lohannes
437 861 803 964 Baptista'cardinalis
818 862 1092 953 Maddensis...

154 997 226 1090 Ego
250 993 467 1067 Philibertus
491 994 583 1067 tituli
613 999 821 1068 sanctorum
851 989 1024 1064 iohannis
1054 994 1090 1061 et
1114 985 1213 1060 Pauli
1240 983 1432 1080 presbyter

112 1117 652 1209 cardinalisblatisconensis,...
781 1193 786 1204 ,

155 1247 228 1340 Ego
243 1245 426 1318 lohannes
443 1245 635 1319 cardinalis
652 1271 680 1318 s.
699 1245 890 1343 Angeli,...

154 1373 226 1466 Ego
242 1371 419 1468 Georgius
436 1371 628 1446 cardinalis
645 1371 960 1460 UlixbonensiS,...

155 1497 229 1592 Ego
246 1497 457 1570 Dominicus
472 1498 664 1572 cardinalis
680 1524 709 1571 s.
724 1497 947 1585 clementis,
958 1550 980 1566 ..

154 1625 225 1718 Ego
241 1623 426 1698 lohannes
441 1623 633 1697 cardinalis
648 1625 693 1697 de
708 1623 949 1720 aragonia...

153 1751 226 1844 Ego
243 1749 427 1822 lohannes
443 1749 634 1822 cardinalis
650 1750 694 1823 de
711 1748 973 1838 Comitibus,...

150 1877 224 1969 Ego
238 1874 424 1948 Johannes
439 1875 630 1948 cardinalis
646 1874 955 1965 Gerundonsis,...

149 2003 222 2096 Ego
239 1999 423 2073 lohannes
438 2001 595 2074 lacobus
612 1999 803 2073 cardinalis
820 1996 1090 2086 Parmensis,...

150 2127 223 2221 Ego
240 2123 455 2198 Franciscus
470 2123 662 2197 cardinalis
679 2125 914 2216 Senensis...

152 2253 225 2346 Ego
242 2249 403 2346 Rapbael
419 2249 609 2322 cardinalis
626 2273 655 2322 s.
674 2251 833 2348 Georgii,
853 2247 1135 2338 camerarius...

153 2377 226 2471 Ego
242 2375 427 2447 iohannes
443 2373 602 2471 Baptista
617 2374 808 2448 cardinalis
823 2375 868 2447 de
885 2372 1098 2462 Sabellis,...

151 2503 225 2596 Ego
241 2503 260 2572 J
265 2500 426 2574 ohannes
442 2499 633 2574 cardinalis
648 2500 693 2572 de
710 2499 946 2590 Columna...

152 2629 227 2723 Ego
242 2625 429 2700 lohannes
444 2625 604 2723 Baptista
618 2626 810 2700 cardinalis
821 2626 865 2698 de
883 2624 1083 2716 Ursinis...

153 2754 227 2848 Ego
242 2749 420 2822 Ascanius
433 2749 559 2839 llario,
578 2749 768 2823 cardinalis
785 2751 928 2840 Slortia,
945 2751 1212 2838 vicecomes...

152 2881 224 2950 Nos
240 2899 368 2949 omnes
389 2879 425 2948 et
445 2873 574 2970 singuli
591 2898 620 2946 s.
645 2899 675 2946 r.
698 2878 738 2946 E.
762 2875 962 2947 cardinales
985 2873 1221 2970 infrascripti,
1246 2899 1312 2970 pro
1339 2874 1435 2946 bono

106 3009 139 3076 ct
153 3002 250 3076 lelici
267 2998 442 3098 regimine
458 3004 564 3095 atque
585 3000 858 3074 conservatione
874 2998 921 3096 (t)
942 3005 1054 3072 status
1076 3001 1284 3074 universalis
1308 2999 1437 3072 Eccle-

107 3127 155 3200 sie
175 3127 343 3224 juramus
364 3131 400 3198 et
420 3147 590 3198 vovemus
611 3127 686 3198 Deo
709 3123 961 3220 omnipotenti,
980 3124 1113 3196 sanctis
1133 3124 1304 3220 apostolis
1326 3129 1432 3198 Petro

108 3256 141 3322 et
159 3250 274 3324 Paulo
294 3256 400 3345 atque
426 3249 594 3323 omnibus
610 3249 742 3322 sanctis
762 3247 924 3322 Ecclesia
940 3269 1004 3320 sne
1025 3252 1148 3320 sancte
1168 3247 1429 3345 promittimus,

108 3374 200 3471 quod
224 3374 256 3446 si
280 3374 410 3470 aliquis
431 3398 475 3448 ex
494 3374 599 3447 nobis
619 3375 754 3450 electus
774 3373 882 3448 luerit
901 3374 938 3447 in
957 3397 1099 3472 papam,
1118 3382 1199 3472 post
1219 3375 1435 3451 electionem

109 3500 150 3572 de
174 3524 213 3574 se
239 3499 478 3588 celebratam,
505 3501 625 3573 statim
645 3501 782 3598 jurabit
803 3506 839 3573 et
866 3499 1007 3573 vovebit
1034 3525 1141 3597 pure,
1169 3499 1382 3597 simpliciter
1402 3505 1439 3572 ct

108 3623 296 3698 bonafide
326 3647 468 3698 servare
498 3630 535 3697 et
564 3648 705 3698 servare
734 3625 870 3714 lacere,
901 3630 937 3697 et
966 3647 1050 3697 cum
1079 3624 1210 3698 effectu
1240 3625 1438 3722 adimplere

108 3749 227 3823 omnia
243 3755 279 3823 et
294 3749 435 3847 singula
450 3749 604 3847 capitula
618 3751 859 3849 infrascripta,
881 3774 950 3824 nec
969 3773 1042 3822 non
1063 3749 1154 3824 inlra
1173 3757 1247 3825 tres
1267 3752 1345 3824 dies
1360 3757 1441 3849 post

109 3873 381 3948 coronationem
405 3899 508 3950 suam
533 3877 618 3950 dare
647 3882 721 3950 tres
745 3878 860 3950 bullas
888 3880 1050 3976 ejusdem
1077 3877 1213 3951 tenoris
1242 3879 1441 3952 secundum

107 3999 262 4096 capitula
285 3999 513 4098 infrascripta
536 4002 581 4076 ad
605 4008 817 4101 perpetuam
840 4004 893 4077 rei
920 4003 1146 4093 memoriam,
1172 4001 1348 4075 babentes
1372 4000 1443 4073 vim

109 4123 301 4198 decretalis
317 4129 354 4198 et
368 4126 636 4202 constitutionis
655 4135 830 4227 perpetue
851 4129 1102 4204 inviolabiliter
1120 4127 1343 4201 observande
1359 4149 1442 4200 cum

112 4248 259 4324 decreto
280 4249 450 4342 irritanti,
474 4252 504 4325 si
529 4253 726 4350 quidquam
750 4279 854 4330 secus
876 4255 1011 4330 lactum
1032 4254 1157 4344 luerit,
1183 4253 1239 4327 vel
1261 4253 1298 4325 in
1322 4252 1443 4348 aliquo
1480 4237 1482 4241 ’

114 4373 363 4448 contravenire
387 4375 443 4450 rel
467 4377 690 4476 dispensare,
711 4380 781 4454 nisi
800 4385 908 4479 prout
928 4379 1021 4454 intra
1040 4379 1077 4453 in
1097 4379 1247 4476 singulis
1267 4377 1444 4475 capitibus

115 4499 350 4596 exprimetur,
373 4505 410 4573 ct
428 4500 499 4574 boc
519 4523 604 4574 cum
624 4501 774 4576 consilio
795 4509 832 4577 et
850 4527 1001 4578 assensu
1024 4500 1171 4599 majoris
1189 4499 1301 4598 partis
1326 4497 1443 4573 domi-

114 4645 245 4698 norum
265 4625 515 4715 cardinalium,
537 4625 597 4722 qui
618 4625 656 4699 in
671 4627 831 4724 quolibet
855 4627 1011 4726 capitulo
1030 4625 1286 4718 declarabitur,
1308 4626 1353 4700 de
1374 4648 1445 4722 quo

115 4749 262 4844 quidem
278 4773 458 4825 consensu
473 4757 615 4826 constet
629 4776 695 4850 per
714 4753 1016 4852 subscriptionem
1035 4749 1264 4826 dominorum
1280 4750 1446 4826 cardina-

113 4873 199 4951 lium
223 4877 289 4978 (2);
317 4900 449 4974 easque
478 4875 592 4952 bullas
620 4879 800 4976 predictas
826 4885 951 4954 tenere
977 4884 1014 4954 et
1041 4899 1256 4953 conservare
1285 4876 1381 4976 apud
1407 4899 1445 4950 se

145 5061 767 5137 ldmmmmmafflmffld

142 5151 1236 5228 zwmmmmbmwmwmmm-mfflwmffim
