3600 6094
314 467 332 520 c
766 465 941 523 Jonnuurs
966 463 1187 537 eraculani,
1478 469 1556 532 [uss
1572 470 1644 534 usn

365 619 533 694 Secunda
554 619 736 696 dominica
759 618 1048 720 quadragesime,
1069 619 1137 694 luit
1160 619 1271 694 missa
1287 619 1425 718 papalis
1446 619 1484 693 in
1505 619 1649 719 capella

314 744 476 842 predicta
497 751 533 818 et
550 767 683 830 sermo,
703 749 742 816 ut
757 742 867 816 moris
883 749 951 816 est.

364 869 483 942 Tertia
515 869 696 942 dominica
725 868 1020 966 quadragesime,
1051 869 1119 942 luit
1142 869 1253 944 missa
1280 869 1418 966 papalis
1450 869 1487 942 in
1515 869 1644 944 eadem

313 994 452 1093 capella
467 1001 503 1070 et
516 1018 649 1086 sermo,
667 1017 769 1069 more
785 1004 972 1070 consueto.

361 1119 465 1194 Feria
485 1119 601 1210 tertia,
624 1126 666 1194 16
687 1119 819 1210 martii,
843 1121 879 1194 iu
899 1121 1039 1218 capella
1057 1123 1195 1218 maiore
1215 1121 1352 1218 palatii,
1375 1126 1416 1196 R.
1441 1119 1479 1193 in
1499 1120 1643 1195 Christo

313 1246 351 1316 P.
367 1246 408 1315 Ι).
424 1241 609 1340 Philippus
634 1244 826 1340 episcopus
845 1245 1006 1318 Ariensis
1022 1244 1070 1340 (l)
1086 1245 1278 1320 celebrarit
1294 1231 1441 1320 missam
1459 1245 1642 1342 publicam

176 1367 180 1377 '
311 1368 563 1442 defunctorum
603 1391 703 1442 more
743 1369 880 1465 capelle
912 1379 1035 1446 nostre
1071 1393 1137 1467 pro
1175 1371 1294 1444 anima
1335 1371 1430 1444 boue
1464 1371 1641 1444 memorie

310 1493 484 1566 lobannis
507 1493 598 1566 tituli
621 1519 650 1566 s.
677 1494 851 1590 Stephani
877 1496 914 1568 in
944 1495 1041 1571 Celio
1068 1499 1190 1571 Monte
1219 1497 1420 1595 presbyteri
1449 1496 1641 1572 cardinalis

310 1619 500 1707 Eduensis,
529 1621 589 1717 qui
612 1621 827 1718 jamdudum
852 1627 955 1695 extra
981 1645 1168 1696 romanam
1193 1623 1381 1696 curiamet
1405 1623 1638 1721 inpartibus,

310 1743 406 1818 diem
422 1745 550 1819 clausit
563 1754 765 1820 extremum
783 1774 790 1819 :
810 1748 1013 1844 requiescat
1027 1748 1064 1820 in
1079 1770 1181 1844 pace.
1201 1751 1286 1821 Post
1299 1748 1461 1840 missam,
1475 1747 1638 1839 absolvit,

310 1879 349 1944 ut
372 1873 482 1947 moris
512 1879 583 1964 est,
611 1877 708 1970 Papa
735 1871 885 1947 absente
906 1881 942 1946 et
968 1873 1092 1971 paucis
1124 1873 1364 1948 cardinalibus
1393 1874 1636 1971 presentibus.

359 1998 463 2071 Feria
477 2004 617 2093 quarta,
639 2004 680 2070 17
695 1997 831 2071 mensis
847 1997 977 2090 martii,
992 1998 1028 2072 iu
1044 2005 1185 2074 secreto
1201 1998 1430 2090 consistorio,
1452 2002 1515 2074 SS.
1535 2003 1577 2072 Ι).
1594 2002 1636 2073 N.

310 2122 429 2198 Sixtus
442 2145 537 2221 papa
547 2126 623 2212 llll,
637 2127 778 2198 Rmum.
794 2125 829 2197 in
842 2125 981 2200 Christo
991 2127 1030 2198 Ρ.
1045 2129 1087 2199 Ι).
1101 2124 1295 2200 Ascanium
1306 2125 1456 2199 Mariam
1468 2125 1638 2200 Slortiom

307 2247 557 2322 vicecomitem
586 2247 681 2322 sedis
704 2249 901 2346 apostolice
920 2249 1209 2347 protonotarium
1235 2259 1465 2326 sacrosancte
1488 2274 1636 2325 romane

307 2375 466 2450 Ecclesie
489 2375 682 2450 diaconum
700 2375 919 2450 cardinalem
941 2375 1146 2474 publicavit,
1162 2383 1199 2451 et
1217 2376 1450 2474 postmodum
1468 2375 1502 2451 ei
1517 2375 1637 2474 capel-

305 2498 382 2576 lum
400 2499 498 2574 misit
513 2506 549 2575 el
563 2500 757 2574 eeclesiam
773 2527 802 2574 s.
821 2501 892 2576 Viti
907 2501 942 2574 in
958 2501 1110 2577 blacello
1126 2501 1331 2598 assignavit.

357 2626 462 2701 Feria
475 2633 588 2715 sexta,
611 2631 652 2700 19
669 2626 805 2701 mensis
819 2627 950 2718 martii,
966 2628 1139 2705 Rmns.in
1150 2627 1291 2703 Christo
1304 2633 1342 2702 P.
1357 2630 1447 2702 etl).
1462 2627 1637 2727 Georgius

286 2747 289 2754 ’
307 2751 399 2826 tituli
420 2757 629 2826 sanctornm
653 2752 750 2828 Petri
770 2760 806 2827 et
825 2752 1022 2826 Marcellini
1045 2752 1246 2852 presbyter,
1276 2753 1467 2828 cardinalis
1490 2753 1637 2828 Ulixbo-

306 2877 429 2952 nensis
444 2876 890 2976 vulgariternuneupatus,
912 2877 1052 2975 legatus
1078 2878 1123 2953 de
1140 2878 1253 2953 latere
1271 2885 1414 2953 creatus
1434 2884 1502 2970 est,
1521 2883 1638 2955 Vene-

305 3002 372 3076 tias
385 3025 449 3100 pro
465 3025 553 3101 pace
568 3004 754 3078 tractanda
768 3005 896 3096 iturus,
916 3013 953 3080 et
971 3028 1016 3079 ex
1033 3005 1247 3080 consistorio
1265 3029 1331 3104 per
1349 3003 1542 3101 collegium
1562 3027 1632 3078 car·

305 3125 479 3202 dinaliunr
494 3127 541 3202 ad
555 3127 704 3203 domum
719 3151 823 3204 suam
837 3129 1036 3204 associatus
1050 3135 1118 3204 est.

354 3256 545 3331 [lominica
573 3263 700 3352 quarta
731 3255 1006 3354 quadragesime
1037 3255 1104 3330 luit
1129 3255 1240 3330 missa
1267 3255 1405 3353 papalis
1431 3254 1468 3328 in
1497 3254 1635 3352 capella

305 3379 444 3474 majore
459 3377 593 3474 palatii,
611 3380 658 3452 ad
674 3401 783 3474 quam
807 3381 904 3474 Papa
925 3377 1032 3468 venit,
1058 3399 1178 3450 rosam
1200 3399 1309 3451 manu
1329 3385 1476 3475 portans
1499 3386 1534 3455 et
1553 3403 1633 3455 eam

305 3507 508 3598 reportans,
533 3501 617 3599 quia
641 3499 777 3576 nemini
797 3521 862 3598 pro
884 3505 968 3575 tuno
989 3521 1070 3574 eam
1090 3499 1201 3591 dedit,
1227 3505 1262 3576 et
1284 3500 1350 3574 luit
1373 3524 1506 3594 sermo,
1531 3523 1633 3578 more

303 3635 491 3702 consueto.
697 3634 699 3638 '
835 3725 837 3730 Ι
1351 3649 1353 3656 ⁴

347 3752 451 3828 Feria
463 3750 581 3842 tertia,
598 3757 642 3827 23
661 3752 796 3826 mensis
819 3751 951 3844 martii,
969 3751 1006 3825 in
1023 3750 1162 3849 capella
1178 3749 1354 3848 predicta,
1372 3752 1413 3822 R.
1438 3748 1474 3823 in
1491 3750 1633 3825 Christo

305 3883 344 3954 P.
375 3882 417 3954 Ι).
445 3882 572 3953 Petrus
596 3876 788 3974 episcopus
814 3873 1021 3948 Narniensis
1054 3873 1246 3948 celebravit
1278 3872 1426 3945 missam
1451 3871 1632 3970 publicam

304 4003 560 4080 defunctorum
575 4003 678 4100 juxta
693 3999 993 4077 consuetudinem
1017 3998 1154 4097 capello
1172 4006 1294 4072 nostre
1313 4021 1378 4095 pro
1396 3997 1518 4070 anima
1537 3995 1632 4072 bone

303 4128 478 4204 memorie
511 4128 692 4203 Francisci
721 4153 750 4200 s.
782 4125 894 4200 llarie
928 4147 1017 4199 novo
1048 4124 1189 4198 diaconi
1224 4121 1414 4198 cardinalis
1445 4122 1630 4195 Mantuani

302 4256 494 4354 vulgariter
511 4252 725 4350 nuncupati,
751 4257 888 4348 etpost
909 4248 1057 4322 missam
1080 4248 1241 4338 absolvit,
1264 4271 1366 4322 more
1389 4245 1509 4337 solito,
1535 4249 1632 4346 Papa

302 4383 466 4470 absente,
481 4378 659 4478 aliquibus
675 4385 795 4470 temen
812 4375 935 4474 paucis
953 4374 1192 4450 cardinalibus
1212 4374 1455 4473 presentibus.

350 4505 540 4582 Dominica
562 4504 687 4602 quinta
715 4501 1009 4599 quadragesime,
1035 4500 1101 4574 luit
1122 4501 1233 4573 missa
1263 4499 1401 4597 papalis
1429 4499 1466 4571 iu
1490 4496 1630 4598 capella

302 4631 461 4729 predicta
483 4638 519 4705 et
534 4651 667 4722 sermo,
687 4653 789 4706 more
806 4629 925 4702 solito.

351 4755 456 4831 Paria
470 4757 641 4847 secunda,
659 4762 703 4830 29
722 4756 856 4830 mensis
879 4754 1008 4844 martii,
1025 4757 1150 4825 llmus.
1170 4749 1207 4824 in
1228 4749 1368 4825 Christo
1387 4752 1425 4823 Ρ.
1450 4753 1493 4823 l).
1516 4751 1627 4823 Geor-

303 4881 382 4982 gius
397 4880 489 4956 tituli
512 4889 718 4956 sanctorum
740 4879 834 4953 Petri
855 4886 891 4952 et
911 4877 1106 4952 Marcellini
1122 4875 1311 4975 presbyter
1328 4876 1518 4950 cardinalis
1536 4875 1629 4949 Ulix-

338 5073 364 5126 1.
385 5069 501 5126 Suivanl
515 5065 624 5140 Ughelli
637 5068 667 5140 (t.
680 5069 715 5136 ΙΙ,
727 5065 778 5125 col.
794 5067 870 5139 401),
886 5084 916 5122 ee
931 5065 1014 5123 serait
1030 5064 1130 5124 ldartin
1147 5063 1195 5140 qui
1209 5064 1275 5122 etnit
1287 5068 1389 5138 ireque
1405 5061 1516 5118 d'rldria
1530 5061 1628 5136 depuis

301 5158 326 5216 le
341 5159 411 5216 mois
425 5157 564 5216 d'oclobre
579 5159 657 5214 1172.
674 5156 695 5212 ll
711 5162 820 5212 mourut
833 5174 868 5212 en
884 5157 962 5214 1481.
