3424 6038
314 509 367 565 324
770 498 946 555 lOHANNlS
972 497 1193 568 ouacflnflol,
1403 495 1562 561 [Nouembre
1576 497 1635 564 titt}

315 659 352 731 in
365 629 472 731 nocte
486 653 557 728 diei
568 651 708 726 veneris
721 657 765 725 28
781 653 1002 742 novembris,
1022 653 1146 726 RRmi.
1165 655 1241 726 ΠΙ).
1259 677 1289 725 s.
1309 648 1404 724 Petri
1419 651 1467 723 ad
1481 649 1634 728 Vincula.

316 784 361 858 de
378 781 529 857 Sabellis
553 785 589 852 et
612 777 789 852 Ascanius
814 778 1030 868 cardinales,
1059 778 1156 852 circa
1179 777 1341 851 medium
1365 776 1500 866 noctis,
1526 799 1637 850 conre-

316 914 447 981 nerunt
462 931 545 982 cum
561 909 603 978 D.
620 904 663 979 de
684 904 859 978 Columna
880 903 1061 978 cardinale
1083 904 1120 976 in
1143 903 1251 977 domo
1272 927 1349 992 sua,
1370 907 1524 1000 propter
1536 927 1637 976 runo

316 1057 408 1122 rem,
428 1032 489 1129 qni
510 1031 554 1106 de
573 1009 757 1128 pontilicis
776 1028 938 1126 periculo
955 1037 1045 1118 erat,
1063 1035 1168 1126 prout
1189 1035 1335 1127 postera
1347 1028 1404 1103 die
1426 1027 1569 1126 publice
1585 1051 1639 1124 por

316 1159 449 1233 Urbem
465 1157 662 1254 apluribus
678 1155 878 1246 dicebatur,
898 1159 1107 1261 tractantes.

320 1321 324 1330 ·
364 1284 470 1358 Feria
498 1281 669 1370 secunda,
704 1283 750 1351 tl
774 1277 994 1382 novembris,
1026 1279 1091 1351 SS.
1120 1279 1162 1350 D.
1185 1279 1227 1351 N.
1256 1277 1441 1352 commisit
1473 1283 1515 1352 lt.
1545 1283 1581 1352 P.
1605 1283 1638 1352 l).

316 1409 485 1484 Ardicino
506 1408 677 1505 episcopo
695 1403 872 1478 Alerieusi
894 1403 1142 1512 referendario
1159 1426 1224 1478 suo
1244 1413 1401 1494 secreto,
1423 1411 1463 1478 ut
1484 1405 1641 1478 commis-

317 1535 437 1610 siones
453 1541 488 1608 et
511 1530 791 1630 supplicationes
815 1530 1069 1627 proponendas
1094 1530 1267 1628 signaret,
1290 1529 1503 1628 infirmitate
1522 1531 1643 1603 Sancti-

318 1662 399 1736 tatis
415 1685 479 1734 sue
493 1659 659 1748 durante,
678 1663 713 1731 et
735 1656 863 1731 eadem
880 1656 936 1730 die
953 1657 1050 1730 idem
1070 1657 1261 1754 episcopus
1275 1657 1409 1754 incepit
1426 1657 1571 1754 signare
1586 1681 1642 1752 qur

318 1785 601 1882 scorpaena.
871 1759 873 1766 ’

368 1910 558 1984 Dominica
584 1914 629 1984 30
660 1914 695 1984 et
725 1909 850 1983 ultima
875 1901 1011 2010 mensis
1039 1907 1258 1996 novembris,
1290 1905 1422 1980 festum
1450 1931 1483 1980 s.
1517 1905 1645 1981 Andree

320 2033 487 2132 apostoli,
515 2032 582 2105 luit
606 2032 724 2128 prima
755 2031 939 2105 dominica
962 2015 1158 2124 laventus,
1193 2037 1235 2105 ll.
1264 2035 1303 2105 P.
1332 2035 1374 2104 D.
1401 2031 1588 2105 lohannes
1607 2031 1642 2102 dc

321 2157 490 2234 Nicolinis
525 2157 819 2255 archiepiscopus
853 2157 1084 2230 Atheniensis
1114 2165 1150 2231 et
1181 2157 1373 2254 episcopus
1405 2155 1642 2232 Verdunensis

321 2283 520 2359 celebravit
539 2283 689 2356 missam
714 2259 915 2357 solemnem
935 2283 980 2356 de
1003 2282 1186 2356 dominica
1204 2283 1283 2380 ipsa
1301 2283 1339 2354 in
1359 2282 1500 2380 capella
1522 2283 1645 2377 majore

324 2409 446 2507 palatii
469 2407 671 2506 apostolici,
695 2408 955 2505 septemdecim
987 2409 1227 2483 cardinalibus
1259 2408 1511 2506 presentibus3
1538 2407 1644 2504 plures

182 2537 186 2542 ’
323 2558 397 2607 non
413 2540 515 2608 erant
528 2534 563 2606 in
584 2533 679 2608 Urbe
710 2541 746 2609 et
771 2537 867 2631 Papa
889 2534 1051 2608 absente.
1078 2535 1172 2607 Dixit
1195 2539 1335 2607 tantum
1352 2542 1425 2608 tres
1442 2532 1643 2606 orationes:
1703 2519 1704 2524 ἵ

324 2659 481 2756 primam
506 2657 721 2733 ordinariam
751 2659 794 2731 de
818 2659 1013 2750 dominica,
1036 2658 1166 2732 deinde
1192 2659 1299 2734 aliam
1317 2658 1361 2732 de
1378 2659 1487 2754 beata
1503 2657 1644 2754 virgine;

322 2786 467 2860 tertiam
480 2809 546 2884 pro
564 2789 672 2882 Papa,
691 2784 826 2856 omissa
841 2783 1002 2856 oratione
1026 2791 1152 2858 contra
1174 2807 1336 2882 paganos
1354 2807 1420 2881 per
1433 2805 1593 2857 errorem
1608 2783 1641 2852 lt.

323 2911 461 2986 Thome
478 2909 619 2984 diaconi
636 2907 773 3005 capelle
795 2915 831 2981 et
849 2908 1023 2982 lobannis
1044 2908 1155 2983 Maria
1170 2908 1230 3005 qui
1251 2908 1303 2982 sic
1319 2908 1583 2996 ordinaverant,
1598 2925 1645 2977 me

324 3036 493 3126 absente;
513 3059 610 3122 nam,
629 3034 726 3108 lacta
741 3033 969 3108 consessione
984 3057 1051 3131 per
1065 3013 1324 3123 celebrantem,
1342 3032 1387 3106 iri
1402 3017 1644 3131 adpetendam

324 3161 623 3258 indulgentiama
649 3163 712 3234 SS.
741 3163 783 3231 D.
810 3167 934 3232 nostro
957 3182 1024 3257 pro
1045 3159 1344 3234 interessentibus
1365 3159 1475 3234 misse
1496 3157 1643 3257 predicte
1702 3227 1703 3246 ,

324 3309 389 3384 per
410 3287 571 3360 medium
591 3284 803 3358 Bernardini
824 3283 1033 3358 cubicularii
1056 3285 1185 3359 secreti
1209 3309 1317 3381 quem
1338 3284 1375 3356 in
1397 3283 1503 3357 horto
1520 3287 1644 3358 secreto
1702 3263 1703 3308 l

325 3413 443 3509 reperi
459 3412 519 3508 qui
531 3411 619 3484 mihi
640 3409 824 3508 respondit
842 3411 1102 3508 indulgentiam
1125 3418 1352 3499 consuetam,
1376 3409 1542 3484 videlicet
1560 3405 1645 3504 quin-

325 3559 395 3633 que
412 3560 590 3611 annorum
606 3542 642 3610 et
662 3536 813 3608 totidem
835 3537 1150 3633 quadragenarum
1176 3537 1240 3610 SS.
1264 3539 1308 3609 D.
1329 3542 1496 3610 nostrum
1510 3555 1644 3612 conres-

326 3662 430 3736 sisse.
448 3662 594 3736 lnterim
610 3661 704 3735 dicte
731 3643 877 3735 luerunt
893 3661 1076 3735 orationes
1095 3639 1316 3760 supradicte.
1345 3663 1561 3736 Sermonem
1575 3651 1643 3730 lecit

324 3787 468 3882 quidam
494 3785 604 3860 trater
630 3785 765 3859 ordinis
800 3786 1092 3883 predicatorum;
1119 3783 1190 3860 alia
1216 3784 1338 3859 omnia
1362 3783 1552 3886 observata
1578 3779 1643 3852 sunl

327 3935 427 3987 more
444 3911 562 3986 solito.
588 3913 737 4010 lncepto
762 3935 946 4003 sermone,
970 3917 1147 3987 venerunt
1167 3911 1213 3985 ad
1233 3909 1410 4006 capellam
1435 3908 1559 3981 RRmi.
1580 3905 1640 3978 bl).

326 4037 525 4113 cardinales
548 4036 755 4110 Parmensis
781 4045 817 4110 et
836 4036 1027 4129 Ascanius,
1050 4037 1180 4133 quibus
1202 4035 1431 4126 intrantibus
1457 4049 1640 4108 sermonen

327 4163 462 4237 faciens
488 4147 619 4258 quievit
640 4143 826 4258 quousque
848 4162 897 4234 illi
923 4162 1124 4236 orationem
1149 4169 1359 4236 consuetam
1379 4159 1552 4236 iecissent
1570 4161 1600 4231 et
1615 4151 1640 4223 iu

325 4287 414 4362 locis
431 4287 505 4360 suis
522 4287 699 4361 sedissent
718 4309 725 4359 :
747 4293 831 4360 tunc
848 4289 1071 4362 continuarit
1086 4310 1292 4362 sermonem
1309 4307 1428 4361 suum.

379 4419 417 4486 ln
438 4413 587 4488 basilica
602 4413 747 4486 s.·Petri
766 4413 861 4487 dicta
877 4421 932 4488 est
946 4414 1055 4487 missa
1073 4413 1246 4487 solemnis
1263 4412 1299 4485 in
1313 4411 1454 4510 capella
1466 4437 1497 4486 s,
1520 4407 1638 4485 lludrce

330 4536 493 4630 delesto,
518 4543 553 4612 et
573 4539 643 4612 alia
667 4539 779 4613 missa
803 4539 976 4613 solemnis
1002 4539 1046 4612 de
1068 4539 1250 4614 dominica
1271 4537 1308 4610 in
1330 4539 1443 4612 choro
1466 4541 1639 4612 consueto:
1701 4559 1702 4570 ¹

329 4673 412 4760 post
427 4662 588 4752 missam,
604 4669 643 4736 ut
658 4664 769 4738 moris
785 4669 853 4754 est,
880 4671 1067 4738 ostensum
1087 4668 1142 4738 est
1160 4669 1266 4761 caput
1286 4687 1316 4736 s.
1333 4663 1478 4738 Andree
1498 4655 1638 4761 apostoli.

377 4788 512 4864 Eodem
540 4809 659 4878 mane,
686 4773 898 4864 Franciscus
927 4789 1013 4863 Cibo
1038 4790 1102 4863 SS.
1121 4791 1165 4862 D.
1186 4793 1227 4863 N.
1246 4789 1355 4877 filius,
1383 4785 1561 4860 mandarit
1579 4805 1640 4854 rus·

333 4910 473 4983 todibus
488 4911 533 4984 ad
553 4911 684 4984 ostium
709 4913 837 4986 secreti
854 4913 963 4998 horti,
992 4911 1089 5007 quod
1119 4910 1290 5009 deinceps
1322 4911 1525 4986 nullatenus
1550 4911 1639 4981 intro·

332 5035 517 5112 mitterent
533 5043 573 5110 R.
594 5041 632 5110 P.
649 5041 692 5109 D.
712 5041 749 5111 L.
774 5037 984 5136 episcopum
1005 5040 1320 5134 Caputuquensem
1345 5037 1526 5112 medicum
1550 5038 1637 5126 rape.

333 5163 390 5236 cui
406 5163 469 5236 luit
496 5163 603 5236 etiarn
627 5163 692 5234 sub
717 5164 814 5258 graui
839 5187 934 5260 pena
953 5161 1164 5238 mandatum
1191 5185 1236 5236 nc
1263 5161 1438 5259 palatium
1463 5158 1639 5259 predictum
