3496 6056
358 479 394 536 92
675 505 679 514 ·
815 467 991 528 iuuentus
1015 467 1237 541 abacelam,
1439 471 1600 540 [Septembre
1613 477 1667 544 1484Ι

407 630 524 708 Finito
548 629 701 729 psalmo,
727 626 845 715 Onam
872 624 1009 714 dilecta,
1039 647 1121 698 cum
1143 623 1216 699 suis
1241 619 1479 723 responsoriis
1499 633 1538 703 et
1560 631 1670 706 oratio

359 757 477 848 nibus,
505 755 630 831 nami.
658 751 792 828 domini
822 750 994 826 Senensis
1018 756 1054 826 ct
1075 752 1190 826 sancti
1212 752 1356 850 Georgii
1385 755 1445 850 qui
1474 755 1669 834 assistebant

359 881 536 981 pontifici,
561 886 597 956 et
617 881 661 956 de
685 877 851 968 Sabellis,
876 877 998 952 senior
1017 882 1099 975 post
1121 901 1183 952 cos
1209 877 1396 971 diaconus,
1423 892 1670 959 recesserunta

359 1008 532 1107 pontifice
546 1013 582 1083 et
597 1011 694 1082 retro
710 1007 821 1082 altare
835 1003 970 1078 ibidem
987 1009 1204 1101 acceperunt
1224 1009 1437 1101 paramenta
1454 1006 1526 1080 albi
1542 1008 1669 1098 coloris,

359 1133 523 1209 videlicet
538 1133 710 1208 amictum
728 1137 766 1206 et
784 1129 1030 1222 dalmaticam3
1055 1128 1243 1225 ultraque
1271 1133 1394 1204 Rmus.
1421 1133 1466 1204 Ι).
1498 1131 1671 1206 cardinalis

361 1259 547 1349 Senensis,
565 1258 649 1354 qnia
666 1257 825 1331 dicturus
847 1263 925 1332 erat
948 1254 1187 1353 evangelium,
1212 1257 1352 1354 accepit
1370 1257 1488 1332 albam
1505 1257 1671 1356 singulum

361 1391 397 1460 et
422 1385 569 1478 stolam3
601 1390 684 1460 ante
720 1408 873 1480 quorum
901 1384 1144 1459 discessuma
1170 1381 1357 1480 pontifice,
1386 1387 1672 1460 accesseruntad

361 1515 601 1588 assistendum
627 1517 740 1590 RRm.
757 1516 832 1588 DI).
865 1513 909 1586 de
930 1507 1104 1586 columne
1125 1512 1161 1581 et
1190 1505 1235 1579 de
1267 1504 1423 1596 Ursinis,
1456 1513 1542 1604 pest
1560 1507 1672 1596 dictos,

361 1639 523 1714 seniores
538 1639 680 1714 diaconi
696 1637 912 1740 cardinales,
938 1641 987 1724 ct,
1008 1633 1065 1708 his
1082 1632 1196 1708 tribus
1213 1630 1359 1728 paratiS,
1384 1631 1434 1706 illi
1452 1632 1528 1706 duo
1544 1633 1589 1708 ad
1609 1633 1675 1708 loca

358 1791 423 1840 sua
437 1765 634 1857 redierunt,
652 1771 689 1841 et
702 1765 740 1840 bi
755 1763 945 1840 astiterunt
959 1783 1061 1836 more
1077 1757 1194 1834 solito.

400 1890 548 1965 lnterim
570 1897 737 1965 cantores
757 1890 919 1989 cappella
942 1891 1066 1961 nostre
1086 1885 1122 1958 in
1146 1885 1278 1982 angulo
1298 1885 1401 1982 juxta
1420 1907 1572 1958 murum
1592 1891 1676 1960 extra

359 2017 492 2092 dictam
515 2017 715 2116 cappellam
735 2022 884 2108 stantes,
908 2011 1090 2113 prosecuti
1113 2017 1197 2085 sunt
1217 2010 1360 2086 tertiam
1384 2033 1499 2107 usqne
1527 2011 1574 2086 ad
1592 2010 1675 2108 capi-

358 2141 490 2233 tulum3
513 2166 583 2239 quo
602 2167 668 2240 per
688 2166 800 2217 unum
825 2166 869 2216 ex
893 2139 979 2238 ipsis
1001 2138 1159 2235 incepta,
1187 2139 1283 2234 Papa
1302 2135 1455 2210 surrexit
1478 2151 1565 2210 cum
1586 2135 1676 2208 mitra

358 2291 442 2341 cum
459 2267 641 2344 diceretur
657 2267 871 2358 versiculns3
896 2270 978 2363 post
994 2263 1101 2338 breve
1121 2261 1393 2360 responsorium
1412 2268 1594 2338 venerunt
1607 2267 1675 2336 ante

357 2393 567 2490 pontificem
597 2394 669 2467 duo
699 2393 828 2491 acolyti
855 2389 1062 2467 ceroferarii
1092 2413 1175 2464 curn
1202 2388 1301 2462 socio
1329 2411 1431 2479 meo,
1467 2387 1676 2486 competenti

358 2517 491 2614 spatio;
509 2517 610 2591 linito
624 2517 662 2610 ri.
686 2519 731 2592 ad
744 2517 976 2607 versiculum,
987 2519 1084 2613 Papa
1098 2514 1260 2614 deposita
1276 2513 1343 2588 sibi
1358 2513 1465 2588 mitra
1479 2513 1572 2586 dixit
1588 2537 1597 2588 :
1611 2512 1676 2586 De

358 2643 477 2716 minus
501 2643 691 2733 vobiscum,
715 2649 751 2716 et
774 2643 973 2716 orationem
998 2665 1043 2717 ex
1065 2641 1157 2715 libro
1182 2663 1295 2746 quam·
1314 2639 1483 2737 subprior
1500 2639 1677 2737 presbyte-

357 2791 480 2842 rorum
495 2767 742 2858 cardinalium,
759 2767 925 2842 videlicet
944 2773 1070 2841 Rmus.
1096 2771 1140 2840 Ι).
1160 2766 1351 2842 cardinalis
1366 2765 1597 2840 Novariensis
1612 2788 1677 2840 scr-

358 2893 476 2984 vabat,
493 2892 639 2968 domiuo
648 2893 920 2992 archiepiscopo
935 2893 1136 2968 Arelatensi
1153 2893 1269 2990 ipsum
1289 2893 1480 2991 adjuvante
1494 2898 1534 2967 et
1556 2891 1679 2968 archia

355 3019 504 3118 piscopo
527 3023 793 3110 Beneventano,
812 3019 999 3094 candelam
1013 3024 1174 3110 tenente,
1192 3017 1454 3108 assistentibus,
1479 3041 1554 3116 qua
1575 3016 1676 3104 finite,

355 3147 452 3243 Papa
475 3145 619 3242 repetiit
647 3174 654 3219 :
683 3145 855 3220 Dominus
878 3145 1064 3232 nobiscnm,
1088 3150 1124 3221 et
1143 3151 1323 3235 cantores,
1347 3142 1606 3220 Benedicamas
1618 3143 1678 3219 llo·

353 3270 461 3358 mino,
479 3282 542 3344 etc.
558 3271 705 3346 Interim
721 3269 929 3346 ceroferarii
948 3270 1134 3345 redierunt
1148 3270 1195 3344 ad
1214 3269 1339 3345 altare.

401 3397 605 3493 Antequam
620 3399 717 3494 Papa
734 3397 934 3472 orationem
952 3417 1018 3494 pro
1033 3394 1148 3469 tertiis
1167 3393 1317 3485 diceret,
1338 3390 1520 3468 mandavit
1538 3393 1627 3466 mihi
1640 3391 1677 3466 ad

354 3518 561 3595 instantiam
575 3521 668 3596 Rmi.
687 3525 730 3595 Ι).
749 3521 941 3596 cardinalis
954 3519 1197 3595 Gerundensis
1213 3518 1273 3615 qui
1285 3520 1355 3594 hoc
1370 3542 1392 3592 a
1406 3519 1607 3594 Sanctitate
1621 3539 1677 3591 sua

353 3645 558 3720 obtinuerat
579 3651 619 3721 ut
644 3647 765 3721 locum
789 3647 912 3722 darem
938 3647 1034 3720 inter
1058 3645 1214 3742 prelatos
1245 3643 1470 3742 supradictos
1498 3643 1676 3718 Sanctitati

355 3793 418 3844 sue
437 3771 647 3846 assistentes
669 3777 712 3847 R.
737 3772 775 3846 in
797 3773 937 3846 Christo
956 3770 1050 3845 Patri
1074 3773 1119 3845 Ι).
1144 3769 1294 3844 Alsonso
1316 3768 1486 3866 episcopo
1507 3769 1677 3867 Pampilo·

353 3895 457 3969 nensi
484 3919 592 3992 quem
620 3897 796 3984 Sanctitas
822 3920 886 3971 sua
907 3897 944 3968 iu
964 3895 1175 3994 episcopum
1208 3893 1438 3969 assistentem
1466 3895 1512 3968 ad
1533 3893 1675 3993 predicti

354 4021 545 4094 cardinalis
559 4021 856 4118 supplicationem
873 4027 1076 4119 acceperat,
1094 4019 1192 4116 quod
1206 4019 1253 4094 ad
1267 4019 1386 4094 statim
1401 4018 1484 4096 ieci.

402 4145 519 4220 Finita
536 4147 654 4237 tertia,
685 4149 749 4221 SS.
776 4151 820 4222 Ι).
845 4151 888 4221 N.
916 4147 1007 4221 sedit
1033 4152 1082 4236 et,
1107 4151 1258 4242 accepta
1283 4145 1403 4235 mitra,
1428 4144 1673 4244 lavit-manus,

354 4293 457 4346 more
473 4270 592 4362 solito,
606 4275 710 4346 Rmo.
725 4275 766 4346 Ι).
781 4271 1075 4347 vicecancellario
1091 4269 1158 4344 sibi
1174 4269 1351 4344 serviente
1361 4277 1397 4344 et
1411 4268 1519 4345 dante
1533 4291 1673 4366 aquam;

356 4395 431 4492 qui,
461 4395 544 4469 lotis
573 4402 610 4470 et
636 4395 787 4470 extersis
816 4394 996 4486 manibus,
1027 4393 1191 4491 deposita
1219 4393 1287 4466 sibi
1314 4393 1419 4468 mitra
1439 4397 1611 4486 surrexit,
1645 4403 1676 4468 et

358 4518 507 4594 dimisso
529 4519 672 4615 pluviali
696 4526 732 4594 et
754 4519 846 4594 stola
867 4519 1001 4611 rubeis,
1025 4518 1165 4617 accepit
1183 4525 1433 4617 paramentum
1457 4519 1527 4594 albi
1552 4519 1675 4596 coloris

355 4666 461 4719 more
482 4651 518 4720 et
536 4645 662 4721 ordine
679 4651 868 4737 consueto,
888 4649 992 4721 Rmo.
1014 4644 1162 4720 domino
1182 4645 1363 4720 cardinale
1388 4647 1541 4722 Senensi
1563 4646 1674 4743 ipsum

352 4775 514 4864 parante.

402 4894 564 4984 Interim,
599 4894 684 4968 dnm
726 4894 887 4992 pontifex
920 4903 1132 4994 paramenta
1163 4897 1356 4994 acciperet,
1385 4895 1522 4997 [omnes
1553 4897 1671 4974 RRmi.

353 5018 490 5092 domini
505 5019 717 5112 cardinales,
734 5021 862 5118 prelati
886 5026 922 5096 et
947 5023 1120 5100 officiales
1143 5046 1209 5097 sna
1227 5029 1438 5120 paramenta
1460 5029 1674 5121 acceperunt

353 5143 448 5234 alba,
466 5143 667 5221 cardinales
680 5146 717 5219 in
731 5146 895 5244 cappella
910 5148 1073 5244 predicta
1087 5149 1124 5222 in
1139 5148 1229 5224 locis
1245 5148 1319 5222 suis
1334 5148 1501 5225 videlicet
1520 5145 1673 5248 episcopi
