3496 6056
72 515 216 583 [Septembre
232 511 300 578 etat]
393 508 519 567 RERUM
544 507 773 568 Uussldauum
800 509 1065 570 Commodianus
1348 515 1381 570 al

72 663 299 763 sequentibus
323 662 539 738 officialibus
566 687 710 762 quoque
737 665 901 742 similiter
925 665 961 738 in
987 665 1061 738 suis
1086 665 1212 740 ordine
1239 673 1275 742 et
1301 667 1383 742 loco

73 791 234 878 euntibus
246 795 288 862 ut
302 787 404 879 alias,
421 789 639 885 pervenit-ad
649 790 803 888 primam
818 800 960 890 portam
975 791 1095 890 palatii
1111 792 1147 866 in
1164 794 1249 868 sede
1264 793 1301 866 in
1315 817 1386 890 qua

72 915 275 1015 portabatur,
292 913 460 987 dimissus
479 913 573 989 intra
591 916 724 992 dictam
740 923 881 1016 portam
900 917 1008 1014 palati
1025 917 1169 1010 sedens,
1188 941 1315 993 omnes
1329 941 1386 994 ca-

73 1043 204 1116 nonicos
218 1041 316 1116 dicte
331 1041 479 1116 basilice
494 1043 540 1116 ad
552 1041 654 1141 pedis
668 1043 833 1116 osculum
847 1042 998 1139 recepit.

112 1167 239 1242 Deinde
255 1173 419 1264 portatus
440 1166 546 1240 estin
559 1168 645 1241 sede
663 1167 825 1264 predicta
840 1192 905 1266 per
921 1173 1062 1265 portam
1077 1173 1291 1242 consuetam
1306 1191 1385 1244 me-

72 1295 165 1384 diam,
181 1291 348 1366 ridelicet
361 1292 407 1366 ad
419 1291 604 1366 basilicam
616 1293 815 1390 predictam
830 1316 945 1390 usque
959 1293 1212 1366 adsecundum
1226 1291 1385 1391 lapidem

73 1441 226 1515 maguum
240 1417 477 1516 porphireum
487 1419 525 1491 in
539 1424 636 1492 terra
647 1419 819 1516 positum,
837 1417 897 1491 ubi
907 1418 945 1491 in
959 1425 1085 1514 parato
1100 1417 1168 1490 sibi
1183 1417 1383 1492 faldistorio

72 1567 144 1618 cum
158 1567 219 1617 suo
234 1543 394 1618 scabello
409 1549 445 1618 et
468 1543 621 1618 cussinis
641 1567 684 1616 ac
706 1549 827 1642 tapeto
845 1542 968 1617 subtus
984 1543 1170 1616 interram
1189 1549 1383 1640 prostrato,

72 1669 220 1766 deposita
240 1668 364 1758 mitra,
388 1669 614 1764 genuflexus
636 1669 682 1742 ad
704 1669 816 1741 altare
845 1671 964 1766 majus
987 1668 1117 1759 oravit3
1147 1667 1386 1744 faldistorium

72 1816 144 1866 eum
162 1793 331 1884 scabello,
355 1793 507 1866 cussinis
523 1799 559 1866 et
573 1801 709 1890 tapeto,
723 1793 920 1869 servientes
935 1817 1120 1868 armorum
1134 1793 1220 1870 hinc
1246 1802 1283 1870 et
1302 1795 1385 1870 inde

73 1941 133 2012 quo
145 1895 230 2014 opus
247 1923 339 2008 erat,
361 1923 606 2013 portaverunt.

113 2043 403 2132 lactaoratione,
428 2042 600 2140 imposita
620 2051 675 2118 est
696 2044 804 2118 mitra
826 2044 989 2142 pontifici
1011 2045 1071 2142 qui
1090 2047 1225 2121 resedit
1242 2047 1279 2120 in
1300 2049 1387 2124 sede

73 2169 217 2266 predicta
231 2167 268 2240 in
284 2191 357 2263 qua
372 2173 534 2265 portatus
550 2176 605 2244 est
627 2171 672 2244 ad
687 2167 863 2266 capellam
884 2195 914 2243 a.
934 2170 1113 2267 Gregorii,
1141 2171 1201 2244 ubi
1224 2171 1388 2247 similiter

72 2295 102 2367 in
115 2293 303 2368 faldistorio
317 2293 748 2388 genuflexus,·sinemitra
762 2293 877 2368 oravit
891 2317 993 2368 more
1007 2294 1130 2387 solit03
1146 2295 1387 2371 faldistorium

74 2444 144 2492 cum
162 2419 232 2493 suis
256 2419 457 2494 attinentiis
479 2423 670 2517 portarunt
689 2419 880 2494 servitores
900 2443 1097 2511 armorum,
1122 2428 1162 2494 ut
1181 2421 1295 2496 moris
1316 2429 1385 2497 est.

76 2549 167 2619 Facta
180 2545 357 2634 oratione,
376 2547 471 2642 Papa
486 2551 636 2642 accepta
654 2544 759 2618 mitra
779 2545 871 2618 sedit
883 2545 921 2617 in
937 2547 1023 2620 sede
1039 2544 1235 2643 pontificali
1252 2545 1387 2620 ibidem

75 2671 129 2742 sibi
138 2679 269 2768 parata,
287 2671 350 2744 ubi
362 2669 637 2766 accepitomncs
648 2670 849 2744 cardinales
862 2677 899 2745 et
910 2670 1067 2768 prelatos
1078 2671 1114 2744 in
1126 2694 1251 2745 eorum
1263 2673 1388 2770 cappis

75 2795 111 2866 ad
129 2797 376 2886 reverentiam,
400 2795 517 2892 primo
537 2795 751 2887 cardinales,
773 2796 834 2892 qui
854 2795 1109 2870 osculabantur
1131 2820 1277 2870 manum
1295 2821 1388 2896 papa

75 2920 130 2991 sub
141 2922 321 3020 aurifrigio
336 2921 389 2996 eis
403 2929 620 3018 porrectam.
640 2922 770 2997 Prelati
784 2922 929 3015 deinde,
945 2922 1139 3020 genuflexi,
1153 2923 1285 3020 pedem
1300 2925 1389 2998 dex-

74 3053 175 3120 terum
189 3072 283 3146 pape
299 3047 567 3122 osculabantur.
586 3047 813 3140 Reverentia,
831 3055 871 3121 ut
885 3048 1076 3144 prefertur,
1095 3048 1257 3144 prestita,
1274 3048 1388 3147 depo-

74 3171 131 3244 sita
149 3173 212 3245 sibi
235 3173 357 3265 mitra,
385 3172 551 3262 surrexit,
574 3179 610 3248 et
633 3179 731 3248 stans
753 3173 896 3246 detecto
923 3172 1040 3269 capite
1061 3196 1187 3245 versus
1211 3173 1257 3246 ad
1277 3173 1389 3249 altare

74 3295 153 3371 dicta
167 3299 317 3396 capelle,
338 3297 426 3370 dixit
442 3304 582 3373 secrete
601 3327 608 3372 :
626 3275 738 3373 Peter
756 3308 886 3388 noster,
905 3308 967 3370 etc.
984 3300 1063 3384 Quo
1083 3297 1279 3395 completo,
1301 3321 1389 3374 roca

74 3422 269 3521 intelligibili
285 3424 371 3496 dixit
389 3423 583 3515 cantando,
609 3431 645 3498 et
665 3447 704 3498 se
721 3449 744 3498 a
763 3425 855 3499 facie
872 3423 917 3496 ad
931 3431 1059 3520 pectus
1074 3422 1250 3521 signando
1270 3447 1277 3497 :
1296 3425 1390 3499 Deus

74 3548 104 3618 io
117 3549 329 3645 adjutorium
343 3571 460 3623 meum
474 3549 628 3639 intende,
646 3561 725 3642 etc,
741 3573 807 3647 pro
823 3550 937 3624 tertiis
953 3549 1004 3624 sic
1016 3571 1290 3648 manensusque
1303 3549 1390 3624 dum

74 3669 222 3750 cantores
249 3673 472 3773 incepissent
492 3676 674 3775 psalmum
696 3675 857 3774 :Legem
872 3698 985 3772 ponc.
1011 3678 1091 3760 Quo
1116 3675 1262 3773 incepto
1283 3674 1388 3766 sedit,

75 3797 267 3896 impositum
284 3807 339 3876 est
353 3802 387 3876 ei
404 3801 629 3878 birretumet
641 3803 760 3892 mitra,
781 3806 818 3876 et
835 3806 1002 3876 cantores
1017 3800 1200 3899 prosecuti
1217 3807 1301 3874 sunt
1317 3807 1391 3874 ter·
1453 3806 1454 3810 ’

75 3921 159 3998 tiam.
976 3999 981 4009 .

114 4053 195 4126 Tum
208 4053 450 4128 subdiaconus
466 4053 598 4128 latinus
623 4052 777 4128 accessit
798 4053 845 4126 ad
864 4051 975 4126 altare
998 4050 1058 4125 ubi
1076 4050 1228 4125 sacrista
1251 4051 1389 4149 capelle

74 4181 179 4251 nostre
192 4179 401 4277 mappulam
419 4179 596 4254 sericeam
618 4204 729 4278 super
749 4176 911 4269 brachia,
928 4183 965 4253 et
982 4178 1090 4252 etiam
1105 4177 1239 4275 caligas
1255 4185 1291 4252 et
1306 4201 1390 4250 san-

74 4298 152 4374 dalia
164 4303 199 4376 in
210 4327 341 4378 manus
351 4305 462 4395 dedit,
481 4329 570 4400 quas
582 4305 655 4397 ille,
674 4308 841 4379 manibus
857 4303 1046 4379 adfaciem
1062 4305 1221 4394 elevatis,
1239 4304 1391 4400 portavit

74 4432 142 4501 ante
155 4431 380 4526 pontificem;
404 4431 573 4505 eumdem
592 4430 853 4506 subdiaconum
880 4431 994 4506 secuti
1015 4437 1099 4504 sunt
1115 4429 1268 4529 accolyti
1284 4453 1391 4527 apos-

76 4552 154 4628 tolici
168 4579 294 4632 omnes
313 4555 443 4654 quibus
464 4556 627 4632 fimbrias
653 4561 748 4655 Pape
769 4557 1058 4650 extendentibus,
1079 4556 1390 4652 retinentibusque

75 4677 297 4772 subdiaconis,
322 4681 399 4779 ipse
417 4705 502 4756 cum
520 4705 591 4756 uno
610 4705 654 4756 ex
677 4683 827 4757 secretis
846 4681 1075 4756 cubiculariis
1092 4685 1188 4779 Pape
1204 4681 1392 4756 desubtus

76 4795 199 4878 intravit
227 4813 263 4878 et
289 4806 530 4903 caligamenta
561 4808 769 4882 communia
802 4809 898 4906 Pape
926 4807 1156 4882 extrahentes
1189 4807 1323 4905 caligas
1357 4819 1394 4888 et

76 4929 214 5004 sandalia
229 4932 388 5029 predicta
405 4931 438 5006 ai
453 4933 716 5030 imposuerunt.
736 4934 885 5008 luterim
902 4934 1065 5032 episcopi
1081 4932 1292 5007 assistentes
1305 4933 1392 5007 binc

78 5053 192 5130 atinde
207 5081 287 5132 cum
306 5058 476 5156 pontifice
506 5057 673 5132 dixerunt
703 5083 805 5133 more
829 5059 935 5134 solito
954 5085 962 5152 ;
979 5059 1038 5132 Ne
1059 5051 1309 5152 reminiscaris,
1325 5072 1389 5132 etc.

81 5173 179 5257 duam
193 5181 328 5276 dilecto,
345 5195 427 5276 etc,
444 5206 485 5259 ac
501 5184 583 5275 alia,
601 5191 708 5282 prout
723 5186 759 5260 in
784 5185 913 5260 eodem
934 5185 1027 5259 libro
1046 5183 1244 5261 ordinatur.
