3436 6038
82 454 151 517 [tlurs
166 453 232 514 tlte]
410 450 536 508 RERUM
565 450 792 508 UHBANNRUM
819 451 1081 509 COMMENTARN.
1346 455 1399 510 177

80 629 153 680 nem
167 603 367 702 angelicam
380 625 453 678 non
468 605 634 703 deposuit
647 630 761 703 usque
775 607 820 681 ad
832 605 943 682 finem
953 608 1131 682 sermonis
1146 617 1183 682 et
1194 607 1303 698 male,
1316 629 1399 680 cum

80 729 305 828 indulgentias
320 732 595 828 pronunciaret;
619 733 654 806 iu
671 757 742 830 qua
760 733 1060 832 pronunciatione
1077 734 1207 810 erravit
1221 733 1304 830 quia
1318 745 1400 829 pro-

81 855 245 931 nunciavit
267 855 510 953 indulgentias
531 865 671 958 septem
691 883 870 934 annorum
893 883 976 946 curn
996 863 1092 958 Papa
1111 859 1269 956 quinque
1290 879 1400 930 anno·

81 1005 150 1054 rum
165 987 303 1055 tantum
319 983 574 1074 concessisset.

122 1107 307 1182 [lominica
323 1107 540 1204 palmarum,
561 1114 605 1184 19
620 1109 704 1184 dicti
723 1110 858 1186 mensis
876 1087 1008 1201 martii,
1032 1112 1095 1184 88.
1119 1113 1163 1184 D.
1186 1113 1228 1182 N.
1251 1112 1397 1207 paratus

80 1257 169 1308 more
191 1233 297 1306 solito
323 1231 418 1306 venit
434 1231 480 1306 ad
495 1233 670 1330 capellam
689 1236 878 1332 majorem,
897 1234 971 1322 ubi,
990 1257 1034 1308 ex
1056 1252 1172 1324 more,
1194 1257 1259 1332 per
1282 1233 1399 1307 cardi-

82 1359 170 1432 nales
185 1358 219 1430 in
232 1356 492 1454 eorumcappis
509 1360 825 1453 reverentialacta,
840 1367 875 1438 et
885 1361 1104 1459 paramentis
1120 1383 1185 1458 per
1195 1383 1258 1434 eos
1270 1357 1401 1432 deinde

82 1485 236 1582 receptis,
252 1490 352 1556 stans
364 1483 401 1556 in
416 1483 501 1556 sede
518 1509 595 1576 sua,
613 1485 795 1560 benedixit
809 1487 948 1583 palmas
964 1487 999 1560 in
1016 1485 1146 1582 angulo
1162 1483 1208 1559 ad
1221 1483 1402 1558 sinistram

82 1634 173 1684 suam
186 1609 323 1708 positas
344 1617 381 1684 et
404 1609 486 1686 loco
504 1611 748 1686 assistentium
769 1611 993 1711 prelatorum
1014 1619 1170 1712 paratas,
1198 1609 1400 1706 incipiansz

82 1735 246 1809 Dominus
260 1736 449 1810 vobiscum.
469 1737 618 1811 Oramus
631 1765 644 1810 .·
660 1737 769 1836 dupe
781 1738 889 1834 fidem
905 1739 943 1810 in
961 1737 1008 1812 Te
1022 1737 1252 1836 sperantium,
1270 1747 1350 1824 etc,
1369 1740 1405 1810 et

83 1861 204 1936 omissa
218 1861 436 1960 prelatione,
454 1863 543 1938 dixit
566 1889 573 1938 :
595 1863 743 1938 Oranus
759 1892 771 1936 :
779 1865 949 1962 petinrus,
963 1863 1130 1956 Domine,
1150 1881 1235 1938 cum
1246 1861 1404 1958 quinque

83 1988 319 2083 sequentibus,
338 1987 468 2062 deinde
482 1989 653 2086 imposuit
669 1990 872 2081 incensum,
888 1990 1083 2088 aspersitet
1095 1987 1304 2077 incensavit,
1319 1987 1405 2061 licet

83 2111 292 2186 ordinarium
309 2113 406 2188 dicat
421 2114 520 2212 quod
534 2122 617 2190 aute
631 2115 832 2190 orationem
851 2113 970 2187 :Deus
986 2113 1047 2212 qni
1057 2113 1176 2210 filiurn
1191 2122 1304 2200 tuum,
1320 2121 1400 2200 etc.,

83 2235 224 2310 debeant
234 2237 379 2334 aspergi
391 2243 427 2312 et
437 2237 631 2314 incensari.
646 2239 684 2316 ld
694 2240 762 2314 leci
774 2263 820 2314 ne
833 2247 886 2314 tot
894 2239 1112 2312 mutationes
1124 2237 1264 2324 fierent,
1276 2256 1404 2309 convc-

84 2359 226 2436 uientius
256 2369 378 2436 tamen
404 2363 471 2436 luit
500 2365 703 2439 ordinatum
735 2371 771 2439 ot
790 2364 1043 2464 [observatum.
1077 2359 1403 2439 VicecauceNarius

84 2485 169 2560 dedit
196 2488 337 2584 palmas
365 2489 546 2586 pontilici;
578 2490 708 2565 deinde
733 2489 907 2588 pontifex,
927 2495 1077 2587 accepto
1103 2485 1280 2584 gremiali,
1307 2483 1406 2558 dedit

86 2610 142 2684 sibi
161 2617 195 2686 et
214 2612 295 2686 aliis
313 2636 415 2688 more
436 2621 623 2689 consueto.
643 2615 733 2689 Dedi
758 2625 840 2690 ante
872 2614 1163 2690 benedictionem
1188 2611 1403 2709 palmarum.

86 2735 193 2814 locum
209 2740 263 2814 lll.
283 2743 327 2814 D.
346 2763 478 2837 magno
495 2741 576 2814 duci
592 2741 841 2839 llonopolensi
859 2741 917 2837 qui
933 2763 1050 2839 nuper
1067 2738 1223 2836 quodam
1238 2737 1296 2810 die
1312 2735 1407 2809 inter

88 2861 273 2940 dominicas
287 2864 416 2940 Letoce
431 2869 467 2938 et
486 2864 529 2936 de
549 2865 723 2938 Prasiane
740 2865 786 2938 ad
806 2866 939 2940 Urbem
957 2862 1156 2938 devotionis
1172 2884 1281 2936 causa
1300 2879 1406 2932 vene-

87 2997 142 3080 rat,
158 2989 189 3064 in
206 2991 387 3089 superiori
407 2991 520 3088 gradu
544 2991 622 3064 solii
642 3015 664 3063 a
682 2990 816 3066 dextris
834 2995 943 3088 Papa,
967 2995 1003 3062 et
1023 2993 1066 3062 D.
1091 2985 1297 3062 ltlauritium
1316 2982 1403 3058 Cibo

88 3113 220 3190 tratrem
237 3120 333 3212 Papa
343 3116 388 3189 ad
401 3113 582 3222 sinistram
599 3120 693 3214 Pape
703 3115 738 3188 in
749 3115 878 3190 eodem
889 3113 1003 3212 gradu
1011 3113 1142 3202 locavi;
1161 3111 1291 3208 quibus
1304 3112 1404 3204 Papa
1461 3089 1468 3109 '

87 3235 171 3310 dedit
183 3240 271 3314 duas
289 3263 372 3312 suas
393 3239 531 3338 palmas
547 3263 696 3338 magnas
710 3240 883 3315 tenendas
902 3245 937 3314 et
954 3239 991 3312 in
1006 3235 1241 3336 processione
1259 3236 1404 3332 portan-

88 3359 152 3434 das.
170 3367 252 3438 Post
272 3365 473 3440 cardinales
489 3366 627 3464 accepit
648 3366 805 3464 palmam
824 3365 1020 3463 imperator
1038 3357 1404 3455 constantinopolita·

89 3511 157 3579 nus,
169 3497 202 3566 et
218 3497 301 3588 post
315 3515 399 3566 eum
414 3491 677 3590 duxpredictus
689 3515 772 3566 cum
784 3491 878 3565 dicto
893 3495 936 3564 ll.
955 3484 1311 3563 Mauritioasinistris
1324 3483 1398 3556 suis

91 3613 284 3688 accedente.
303 3616 450 3690 Missam
464 3616 656 3692 celebravit
672 3622 797 3692 Rmus.
814 3621 857 3690 D.
873 3615 1107 3691 cardinalias.
1123 3610 1332 3698 Clementis,
1347 3614 1404 3688 cni

90 3738 199 3810 881).
217 3743 259 3814 N.
284 3740 384 3815 dedit
411 3741 571 3840 palmam
596 3766 706 3818 unam
727 3750 884 3847 tantum3
910 3742 1084 3816 diaconus
1100 3747 1136 3816 ct
1159 3736 1407 3812 subdiaconus

89 3863 222 3960 capelle,
249 3889 295 3940 ex
314 3866 458 3942 levitate
479 3867 617 3942 abbatis
643 3868 790 3942 sacriste
813 3869 938 3960 nostri,
960 3867 1015 3941 usi
1044 3873 1129 3940 sunt
1152 3862 1345 3939 dalmatica
1367 3867 1404 3934 et

92 3987 241 4064 tunicella
252 3992 754 4091 paramentipapeBoniiacii,
766 3993 872 4091 nigri,
886 3992 1035 4067 lloribus
1046 3991 1216 4096 viridibus
1227 3984 1401 4075 contexti,

91 4117 119 4185 ct
131 4122 292 4193 cantores
308 4118 489 4216 passionis
506 4118 595 4193 albis
611 4126 648 4192 et
663 4117 763 4192 stolis
780 4117 913 4207 rubeis,
930 4115 1042 4213 nigris
1058 4121 1093 4190 et
1104 4111 1287 4198 violaceis,
1304 4106 1403 4206 quod

91 4243 262 4340 nonpotui
279 4243 496 4342 intempore
516 4267 700 4342 reparare.
721 4243 801 4318 Alia
816 4242 939 4317 omnia
953 4265 1055 4316 more
1076 4239 1182 4314 solito
1204 4243 1284 4310 acta
1304 4239 1401 4307 sunt.

132 4365 227 4441 Faria
241 4375 369 4464 quarta
380 4370 528 4467 majoris
542 4369 770 4446 hebdomade
787 4393 857 4466 que
873 4368 940 4442 luit
953 4373 998 4440 22
1015 4365 1149 4440 mensis
1165 4361 1296 4450 martii,
1313 4359 1405 4431 hora
1459 4399 1461 4405 ,

92 4484 290 4568 duodecima
319 4495 374 4569 vel
401 4495 510 4586 circa,
543 4495 689 4570 luerunt
717 4501 859 4570 cantate
894 4493 1067 4566 matutine
1107 4488 1339 4564 tenebrarum
1368 4481 1405 4554 iu

93 4603 213 4710 capella
229 4619 368 4716 majore
378 4619 414 4693 iu
425 4619 556 4718 palatio
570 4621 781 4719 apostolico,
798 4624 925 4708 Rome,
943 4617 1037 4714 apud
1052 4643 1080 4688 s.
1099 4620 1258 4702 Petrum,
1276 4609 1406 4706 quibus

93 4733 239 4818 interluit
256 4747 320 4818 88.
339 4749 382 4819 D.
402 4749 443 4820 N.
457 4746 517 4842 qui
532 4747 626 4821 venit
640 4747 684 4820 de
701 4769 847 4821 camera
866 4769 930 4818 sua
949 4745 984 4816 in
1007 4765 1077 4840 qua
1101 4739 1246 4812 indutus
1260 4735 1327 4808 luit
1344 4757 1408 4832 per

93 4857 246 4943 diaconos
263 4871 464 4945 cardinales
477 4872 624 4964 amictu,
642 4873 736 4964 alba,
750 4871 908 4969 cingulo,
927 4865 1189 4942 stolaviolaoea
1203 4870 1240 4937 et
1254 4862 1410 4958 desuper

94 5007 190 5087 tultpa
207 5019 357 5070 rosacea
372 4997 520 5094 subque
536 4999 680 5071 retinuit
698 4999 854 5072 biretum
874 4995 1040 5082 rubeum,
1062 4990 1146 5101 quia
1166 5013 1239 5062 non
1256 4982 1410 5084 portavit

95 5111 235 5210 nitram,
255 5119 321 5195 sed
335 5145 416 5197 curu
433 5145 559 5222 cappa,
578 5128 615 5196 ut
628 5123 819 5198 cardinalis
833 5123 908 5197 sino
923 5119 1042 5210 mitra,
1060 5119 1155 5196 veuit
1173 5116 1218 5192 ad
1232 5111 1407 5212 capellam

217 5280 242 5318 τ.
263 5282 270 5317 v
1231 5261 1264 5315 12
