3600 6094
350 444 386 502 46
806 440 982 497 JOHANNIS
1006 439 1228 511 BURCHARDI,
1518 445 1595 507 [aaut
1610 445 1671 508 rest]

350 597 444 670 laico
463 596 519 669 vel
543 594 714 684 seculari,
736 597 992 692 cujuscumque
1017 593 1233 669 conditionis
1255 599 1316 668 aut
1334 593 1520 691 dignitatis
1539 597 1672 672 existat.

403 719 1678 819 ltem,promitto,voveoetjur0,quodsicontigeritaliquemexpoten·
1725 795 1727 802 ,

352 847 484 921 tatibus
504 853 540 920 et
559 846 781 944 principibus
804 846 1039 938 secularibus
1062 845 1254 920 occasione
1279 845 1440 919 fortassis
1460 846 1677 943 displicentia

352 978 529 1069 concepte
549 996 594 1044 ex
612 978 694 1044 voto
719 971 869 1068 alicujus
890 967 1081 1045 cardinalis
1106 971 1143 1044 in
1162 970 1323 1068 presenti
1349 970 1527 1044 electione
1547 973 1678 1046 romani

351 1096 533 1194 pontificis
553 1097 659 1170 aliter
677 1121 786 1193 quam
804 1097 975 1170 voluisset
995 1097 1092 1188 dato,
1115 1096 1278 1169 redditus
1299 1095 1562 1170 beneficiorum
1577 1099 1680 1196 ipsius

352 1221 545 1294 cardinalis
560 1245 753 1320 occupare,
772 1229 856 1296 tunc
878 1228 913 1296 et
934 1246 977 1296 eo
993 1245 1079 1296 casu
1096 1222 1140 1296 de
1156 1221 1312 1320 propriis
1331 1221 1494 1320 pecuniis
1511 1230 1547 1296 et
1566 1223 1681 1296 introi

352 1347 445 1420 tibus
460 1370 609 1422 romane
625 1347 788 1423 Ecclesia
805 1348 923 1422 cidem
940 1347 1113 1422 cardinali
1129 1353 1268 1422 tantum
1282 1347 1479 1448 providebo
1494 1355 1531 1422 et
1546 1351 1649 1424 satias
1666 1393 1680 1404 -

351 1477 457 1568 ciam,
476 1483 649 1576 quantum
666 1499 709 1548 ex
724 1475 820 1548 dicta
836 1475 1073 1572 occupatione
1089 1475 1135 1550 de
1151 1475 1357 1551 introitibus
1373 1479 1446 1552 suis
1461 1475 1636 1551 amiserit.

400 1608 502 1696 ltem,
535 1602 657 1677 omnia
686 1605 787 1700 gesta
818 1607 855 1676 et
883 1601 978 1674 sacta
1006 1601 1092 1675 sede
1120 1609 1269 1678 vacante
1298 1627 1365 1701 per
1392 1605 1529 1678 obitum
1558 1601 1679 1700 prelati

349 1729 486 1805 domini
502 1729 591 1803 Sinti
610 1753 703 1826 pape
725 1727 843 1824 quarti
861 1727 1134 1824 predecessoris
1154 1729 1227 1802 mei
1245 1753 1313 1828 per
1331 1753 1473 1804 sacrum
1494 1729 1680 1827 collegium

347 1855 403 1929 vel
423 1855 500 1952 ejus
519 1853 659 1952 priores
680 1853 754 1927 sive
779 1853 968 1951 deputatos
991 1853 1036 1926 ab
1058 1854 1188 1928 eodem
1209 1877 1312 1929 sacro
1332 1855 1486 1953 collegio
1510 1855 1682 1953 speciales

349 1979 619 2055 commissarios
640 1985 742 2075 grata
761 1983 797 2052 et
816 1977 921 2051 firma
946 1978 1103 2070 habebo,
1128 1982 1261 2056 tenebo
1284 1989 1320 2054 et
1341 1981 1558 2072 observabo,
1582 1987 1682 2078 prout

348 2128 444 2179 nunc
464 2111 590 2194 tanae,
611 2105 729 2178 habeo
750 2109 786 2177 ct
805 2103 987 2202 approbo,
1007 2127 1090 2178 cum
1112 2105 1208 2180 sacta
1228 2106 1371 2199 luerint,
1391 2111 1542 2204 urgente
1562 2129 1683 2180 neccs-

349 2235 453 2308 sitate
465 2231 642 2306 libertatis
656 2230 857 2304 electionis

397 2365 500 2451 ltem,
527 2359 623 2455 quod
652 2357 856 2454 supradicta
879 2355 1038 2454 capitula
1068 2356 1190 2430 omnia
1221 2365 1256 2430 et
1286 2355 1427 2454 singula
1454 2357 1499 2429 ad
1528 2381 1683 2456 unguem

349 2485 498 2560 servabo
528 2484 594 2556 sub
622 2507 716 2580 pena
744 2481 998 2572 anathematis,
1029 2507 1098 2556 nec
1129 2505 1289 2578 unquam
1320 2484 1387 2555 sub
1417 2483 1555 2557 eisdem
1585 2484 1684 2582 penis

349 2609 530 2706 requiram
553 2607 753 2682 cardinales
769 2613 807 2680 ut
826 2607 863 2678 in
887 2606 1007 2703 aliquo
1024 2607 1297 2680 contravenient
1316 2606 1488 2704 predictis
1505 2609 1681 2705 capitulis.

351 2735 452 2820 Quod
468 2735 497 2806 si
512 2739 689 2831 peterem,
706 2733 787 2806 volo
804 2732 899 2829 quod
915 2732 1014 2806 nullo
1026 2737 1132 2829 pacto
1148 2731 1389 2824 consentiant,
1408 2733 1481 2806 imo
1495 2733 1685 2808 observent

351 2859 473 2932 omnia
507 2859 572 2930 sub
605 2857 710 2932 dictis
743 2857 846 2954 penis
877 2864 913 2930 et
948 2857 1212 2931 maledictionis
1244 2865 1388 2950 eterne,
1423 2865 1459 2933 et
1494 2858 1525 2930 si
1557 2883 1682 2948 secus,

349 2984 465 3082 gratia
479 2983 533 3056 val
554 2981 683 3055 timore
706 2964 871 3072 iecerint,
898 2987 934 3055 et
953 2983 1149 3056 accedente
1172 2983 1389 3057 authoritate
1411 2991 1447 3056 et
1465 2984 1685 3058 determina-

349 3112 447 3186 tione
463 3135 546 3186 mea
561 3109 777 3207 obligentur,
801 3107 967 3182 similiter
985 3106 1154 3202 quicquid
1174 3132 1240 3204 per
1259 3132 1318 3182 me
1344 3115 1471 3182 contra
1489 3109 1545 3182 vel
1564 3116 1686 3206 preter

350 3236 512 3334 predicta
526 3259 752 3332 quacumque
768 3234 906 3307 ratione
924 3237 1064 3329 gestum
1084 3233 1137 3306 vel
1160 3233 1293 3306 sactum
1313 3234 1434 3324 luerit,
1452 3234 1497 3308 sit
1512 3235 1592 3334 ipso
1606 3236 1683 3333 jure

352 3361 490 3434 irritum
520 3367 556 3434 et
584 3361 690 3432 inane
724 3358 929 3452 nulliusque
956 3357 1131 3430 momenti
1161 3363 1197 3430 et
1227 3358 1367 3432 roboris
1393 3367 1429 3434 et
1455 3383 1521 3457 pro
1550 3361 1683 3434 inlecto

351 3487 543 3574 habeatur;
564 3491 601 3557 et
621 3483 853 3558 nihilominus
871 3482 1049 3578 premissa
1072 3482 1193 3555 omnia
1212 3492 1249 3556 et
1264 3484 1448 3579 quodlibet
1467 3485 1631 3580 ipsorum
1651 3483 1684 3556 in

353 3635 417 3685 suo
443 3611 563 3709 rigore
588 3615 623 3682 et
652 3607 879 3682 observantia
907 3606 1013 3679 firma
1045 3614 1294 3704 permaneant.
1324 3612 1364 3680 In
1389 3610 1490 3706 cujus
1513 3609 1626 3682 fidem
1651 3613 1684 3681 et

352 3734 599 3809 testimonium
613 3757 680 3806 nos
696 3755 823 3806 omnes
838 3729 1004 3804 manibus
1018 3730 1172 3829 propriis
1189 3731 1466 3830 subscripsimus
1484 3759 1493 3808 :

402 3865 477 3958 Ego
500 3858 709 3948 Rodericus,
732 3857 924 3954 episcopus
941 3856 1166 3948 Portuensis,
1189 3857 1503 3934 vicecancellarius
1523 3859 1684 3956 prodictu

353 3985 515 4084 promisi,
528 3984 618 4074 vovi,
634 3991 670 4058 et
681 3985 809 4081 juravi,
824 3989 860 4057 et
874 3984 919 4057 ad
931 3984 1041 4058 fidem
1060 4007 1168 4056 manu
1184 3985 1329 4082 propria
1344 4009 1403 4059 me
1420 3984 1635 4084 subscripsi:

402 4114 477 4209 ligo
505 4109 699 4200 Oliverius,
731 4109 923 4207 episcopus
953 4109 1161 4183 Sabinensis
1187 4110 1379 4184 cardinalis
1408 4111 1680 4209 Neapolitanus,

353 4237 516 4337 predicta
538 4235 705 4336 promisi,
734 4234 813 4309 vovi
842 4241 877 4308 et
897 4235 1030 4332 juravi,
1058 4235 1163 4309 etad
1190 4235 1300 4310 fidem
1322 4261 1430 4314 manu
1455 4236 1603 4337 propria
1626 4261 1682 4312 me

355 4365 565 4464 subscripsi.

401 4495 475 4590 Ego
492 4494 647 4581 Marcus,
666 4489 858 4588 episcopus
874 4489 1106 4566 prenestinus
1124 4489 1317 4566 cardinalis
1334 4515 1363 4564 s.
1377 4491 1503 4584 Marci,
1521 4491 1684 4592 predicta

353 4616 517 4715 promisi,
533 4616 610 4692 vovi
626 4622 663 4690 et
673 4614 801 4714 juravi,
817 4623 852 4690 et
867 4616 913 4690 ad
927 4615 1099 4708 fidem,...

398 4745 472 4840 Ego
492 4741 668 4836 Julianus,
688 4742 895 4842 episcopus,
911 4743 1101 4818 cardinalis
1117 4743 1231 4818 sancti
1246 4741 1345 4818 Petri
1359 4743 1404 4818 ad
1416 4744 1582 4841 Vincula,
1599 4773 1682 4848 pre·

321 4901 328 4908 ·
355 4865 676 4964 dictapromisi,...

402 4997 477 5092 Ego
500 4994 673 5092 Baptista,
696 4993 886 5091 episcopus
908 4991 1129 5067 Tusculanus
1153 4993 1342 5071 cardinalis
1365 5005 1489 5074 sancte
1509 5001 1622 5078 Marie
1647 5001 1680 5076 in

355 5120 559 5212 Porticu,...
