3508 6034
315 486 369 540 agr,
770 474 946 530 tottattttts
973 471 1194 538 BURCHAHDI,
1502 473 1563 544 [llai
1580 474 1644 546 lltal

319 636 486 710 Otticium
502 633 586 705 lecit
601 637 724 703 ltmus.
742 633 784 701 l).
804 627 996 702 cardinalis
1010 651 1039 698 s.
1057 626 1267 713 Clementis,
1283 625 1451 700 etomnia
1463 626 1645 702 observata

320 766 403 833 sunt
425 781 526 830 more
552 755 672 830 solito.
703 754 828 826 Finitis
857 752 1028 849 vesperis,
1056 749 1101 824 de
1125 749 1295 824 mandato
1318 751 1380 823 SS.
1406 753 1449 822 D.
1474 754 1519 824 N.
1544 775 1643 848 pape,

320 882 518 982 significavi
541 881 708 954 omnibus
730 879 874 952 RRmis.
896 880 972 950 bu.
999 874 1242 948 cardinalibus
1269 874 1368 970 quod
1391 875 1568 950 sanctitas
1589 901 1648 949 sua

320 1006 529 1080 intendebat
544 1027 624 1078 cras
639 1003 730 1076 hora
743 1027 838 1076 nona
853 1025 933 1077 esse
949 1001 986 1074 iu
1002 1001 1157 1075 eeclesia
1173 1001 1279 1074 beate
1297 999 1409 1074 llario
1431 1000 1477 1075 de
1498 1001 1645 1098 Populo,

308 1115 514 1228 'propterea
534 1134 684 1226 possent
706 1127 773 1224 ipsi
796 1126 901 1199 citius
929 1125 975 1198 ad
1000 1125 1173 1223 palatium
1199 1125 1320 1199 venire
1347 1125 1401 1199 rel
1422 1125 1485 1198 illa
1507 1126 1599 1199 bora
1616 1127 1649 1197 in

321 1256 417 1330 dicta
432 1255 587 1330 ecclesia
602 1276 696 1327 osse.

370 1381 474 1456 Faria
488 1380 624 1476 quinta,
644 1379 684 1448 31
703 1377 802 1464 maii,
818 1377 909 1450 leste
924 1377 1158 1452 ascensionis
1174 1381 1217 1450 D.
1234 1379 1277 1449 N.
1290 1380 1376 1450 Jesu
1393 1376 1542 1464 Christi,
1561 1375 1651 1450 bono

321 1529 442 1594 mane,
461 1505 521 1577 SS.
541 1506 584 1575 b.
608 1503 649 1573 N.
674 1499 818 1573 indutus
835 1501 981 1592 amictu,
999 1502 1093 1590 alba,
1109 1501 1267 1598 cingulo,
1286 1501 1379 1575 stola
1392 1503 1563 1599 preciosa
1574 1501 1651 1576 alba

322 1653 431 1725 supra
463 1626 699 1724 capuccinum
726 1625 864 1717 album,
894 1627 1173 1725 precedentibus
1200 1649 1308 1701 cruce
1335 1635 1371 1700 et
1395 1626 1650 1716 cardinalibus,

321 1756 419 1828 venit
435 1754 480 1828 ad
496 1753 687 1828 ecclesiam
704 1753 810 1826 beate
825 1753 938 1827 Mario
953 1753 998 1827 de
1018 1752 1169 1849 Populo,
1186 1775 1260 1825 non
1282 1775 1348 1850 per
1365 1753 1457 1826 riam
1477 1753 1649 1842 lluminis,

323 1879 387 1954 sed
405 1886 488 1954 aute
508 1879 699 1954 eeclesiam
720 1903 749 1951 s.
775 1877 883 1966 Celsi,
906 1880 1028 1952 Turris
1050 1879 1268 1976 Sanguinee,
1290 1877 1438 1952 domum
1459 1879 1650 1953 cardinalis

324 2007 608 2105 Portugalensis,
633 2007 763 2080 deiude
784 2007 839 2078 ria
866 2012 977 2078 recta.
1003 2009 1112 2078 Facta
1135 2005 1171 2076 in
1194 2003 1288 2077 dicta
1309 2003 1464 2078 ecclesia
1488 2007 1647 2080 oratione

322 2141 405 2209 ante
422 2134 548 2224 altare,
567 2139 728 2206 extracto
740 2131 807 2205 sibi
824 2131 1034 2228 capucciuo,
1054 2137 1195 2203 retenta
1213 2129 1318 2218 stola,
1341 2130 1481 2226 accepit
1496 2131 1651 2226 desuper

323 2259 473 2357 pluviale
495 2259 703 2355 preciosum
725 2264 760 2330 et
780 2257 924 2329 mitram
944 2256 1173 2353 preciosam;
1200 2255 1345 2328 iuterim
1366 2254 1503 2328 ibidem
1528 2278 1648 2328 omnes

323 2383 524 2457 cardinales
551 2390 587 2456 et
610 2381 739 2480 prelati
764 2382 858 2454 intra
882 2389 918 2454 et
945 2388 1047 2454 extra
1074 2378 1267 2452 ecclesiam
1298 2385 1522 2475 acceperunt
1550 2402 1648 2474 para-

324 2517 448 2582 menta
463 2509 530 2581 sibi
547 2509 811 2596 convenientia,
830 2515 865 2579 et
883 2505 1058 2578 officiales
1079 2501 1342 2600 superpellicia.
1361 2505 1451 2575 Tum
1467 2501 1532 2576 SS.
1550 2507 1591 2576 b.
1609 2506 1646 2573 N.

324 2633 641 2730 processionaliter
665 2633 774 2720 venit,
802 2640 923 2704 tamen
948 2633 1025 2704 sine
1048 2628 1265 2704 baldachino
1286 2635 1436 2724 propter
1459 2628 1648 2700 maximam

322 2781 529 2855 pressuram
551 2759 688 2856 populi,
719 2757 997 2855 precedentibus
1033 2754 1261 2843 officialibus
1292 2775 1414 2841 cruce,
1440 2753 1590 2850 prelatis
1619 2761 1650 2826 et

322 2882 563 2957 cardinalibus
574 2906 616 2955 ac
627 2881 815 2954 aliismore
830 2871 935 2954 'solito
948 2888 1049 2954 extra
1061 2885 1203 2976 portam
1221 2879 1265 2953 de
1284 2879 1420 2978 Populo
1436 2880 1483 2953 ad
1498 2881 1648 2978 spatium

322 3007 560 3104 quadraginta
577 3007 634 3082 vel
656 3008 753 3079 circa
765 3005 950 3102 passuum,
969 3003 1029 3076 ubi
1048 3001 1191 3076 stabant
1210 3003 1336 3076 ltltmi.
1355 3007 1430 3077 bu.
1449 3003 1648 3078 cardinales

322 3157 351 3204 s.
380 3133 476 3206 Petri
495 3132 540 3206 ad
552 3132 705 3207 l'incula
727 3139 762 3204 et
782 3129 1033 3203 Ulixboueusis
1048 3127 1084 3200 in
1098 3127 1418 3224 suisparamentis,
1434 3147 1648 3199 cumeorum

323 3256 480 3346 tamiliis,
497 3256 657 3354 pluribus
673 3255 863 3328 intorticiis
889 3255 1110 3329 ardentibus.

369 3383 690 3480 Appropinquante
720 3383 782 3455 SS.
813 3383 855 3452 D.
883 3384 912 3454 N
919 3435 942 3470 .,
964 3387 1222 3478 processerunt
1241 3378 1327 3453 dicti
1352 3379 1427 3454 duo
1452 3379 1646 3455 cardinales

323 3509 444 3604 legati,
467 3507 512 3580 ad
535 3507 705 3580 Narniam
727 3506 795 3579 hac
818 3505 863 3581 de
886 3529 995 3580 causa
1013 3529 1131 3602 nuper
1152 3504 1267 3596 missi,
1295 3504 1341 3580 ad
1366 3508 1403 3579 S.
1428 3508 1470 3578 b.
1495 3509 1549 3594 Ν.;
1569 3511 1642 3579 ets.

324 3632 418 3704 l’etri
443 3632 487 3704 ad
508 3631 662 3706 Vincula
685 3631 821 3705 terram
843 3630 880 3704 in
904 3631 1137 3706 tabernaculo
1157 3630 1368 3721 cristallino,
1398 3633 1497 3728 quod
1520 3633 1558 3706 in
1578 3633 1646 3707 suis

322 3755 487 3828 manibus
510 3755 667 3840 tenebat,
691 3759 752 3830 SS.
780 3761 821 3830 D.
845 3760 874 3830 N
882 3815 905 3836 .,
937 3757 1152 3852 quibusdam
1175 3756 1343 3830 brevibus
1371 3758 1490 3831 rerbis
1513 3759 1558 3832 ad
1584 3759 1645 3831 bor

322 3881 579 3954 rorrvenienter
594 3881 819 3977 compositis,
838 3881 979 3956 obtulit.
998 3885 1060 3957 SS.
1080 3887 1122 3956 D.
1142 3887 1171 3958 N
1176 3941 1200 3970 .,
1225 3882 1391 3980 deposita
1405 3885 1527 3974 mitra,
1545 3885 1645 3960 etiam

323 4006 488 4080 brevibus
503 4005 620 4080 verbis
637 4006 835 4102 respoudit,
852 4008 991 4104 accepit
1005 4007 1277 4083 tabernaculum
1291 4033 1374 4082 cum
1388 4011 1500 4102 terro,
1518 4019 1554 4085 et
1567 4007 1646 4084 illud

321 4131 504 4206 osculatus
520 4138 574 4207 est
591 4137 809 4205 reverenter.
826 4132 912 4206 lude
929 4133 1160 4230 impositaest
1174 4140 1269 4233 Papa
1286 4137 1406 4228 mitra,
1420 4145 1457 4212 et
1467 4136 1643 4234 processio

320 4280 384 4352 per
399 4261 543 4333 Rmum.
563 4259 605 4330 1).
625 4257 865 4330 camerarium
888 4257 1067 4346 ordinata,
1090 4257 1265 4353 adquam
1289 4263 1387 4356 Papa
1409 4285 1483 4333 non
1505 4283 1645 4356 compo·

321 4380 392 4452 suit
414 4380 603 4454 incensum
621 4405 738 4477 neque
763 4379 805 4451 in·
823 4377 977 4452 ecclesia
1002 4379 1047 4453 do
1071 4379 1221 4475 Populo,
1247 4403 1365 4476 neque
1390 4389 1493 4455 extra
1514 4388 1643 4478 portam

322 4510 468 4599 propter
487 4503 681 4577 tumultum
702 4503 789 4576 cleri
813 4503 938 4592 urbis,
961 4527 1043 4577 cum
1072 4505 1322 4596 societatibus,
1351 4507 1425 4580 sire
1450 4503 1644 4580 confratriis

322 4627 534 4716 salvatoris,
562 4627 805 4716 Aunurrciate,
838 4627 1044 4700 Consalouis
1074 4635 1109 4702 et
1133 4628 1296 4725 pluribus
1322 4629 1431 4702 aliis:
1463 4625 1641 4702 hincinde

321 4752 443 4825 omnia
457 4776 522 4849 per
537 4751 729 4826 ecclesiam
746 4759 848 4825 erant
865 4753 1015 4825 intanta
1037 4753 1251 4830 confusione
1265 4753 1363 4850 quod
1379 4755 1570 4851 plusquam
1586 4773 1643 4848 per

321 4877 446 4948 boram
456 4875 728 4974 processionem
745 4877 938 4951 retardavit
953 4886 1279 4977 autequamposset
1294 4903 1359 4978 per
1370 4885 1515 4953 Rmum.
1535 4883 1575 4952 D.
1590 4900 1642 4949 ca-

322 5002 516 5076 merarium
532 5001 690 5076 ordinari
703 5030 710 5091 ;
724 5026 808 5075 nam
820 5003 1013 5076 societates
1026 5003 1197 5077 uolebant
1214 5005 1316 5100 sequi
1330 5005 1484 5094 clerum,
1502 5011 1537 5078 et
1546 5003 1641 5077 etiam

320 5124 416 5201 iuter
431 5152 468 5201 se
492 5152 601 5226 super
624 5128 857 5224 precedentis
873 5127 1163 5216 contendebaut3
1187 5131 1334 5234 taudem
1351 5135 1455 5204 Rmo.
1475 5133 1517 5203 b.
1537 5125 1640 5202 cardi-
