3600 6094
289 355 325 411 aa
740 349 915 408 vounnurs
940 348 1160 418 runcantur,
1452 347 1532 414 [aaut
1548 347 1614 412 vnn

290 503 591 580 monasteriorum
611 523 932 600 quorumcumque,
955 507 991 575 et
1010 500 1088 574 aliis
1110 524 1178 598 que
1203 499 1289 598 ipsis
1315 505 1480 597 tempore
1503 499 1618 597 ponti-

293 633 420 706 ficatus
435 629 548 706 nostri
564 627 834 726 quomodolibet
843 625 1025 700 iaciendas
1040 627 1281 724 expediendas
1297 650 1361 702 sau
1376 625 1622 702 conficiendas

295 759 501 843 occurrant,
531 751 641 850 gratis
673 751 804 848 ubique
844 752 978 848 absque
1013 751 1133 848 aliqua
1165 751 1343 828 solutione
1373 751 1411 824 in
1453 749 1622 824 omnibus

298 880 445 970 officiis,
472 878 580 952 etiam
608 876 915 966 abbreviatarum,
946 875 1137 974 expediant
1164 885 1200 951 et
1228 876 1389 976 expediri
1415 875 1627 975 permittant

296 1011 332 1078 et
354 1001 509 1100 signent,
533 999 715 1098 quibusvis
743 1001 920 1074 mandatis
949 1001 1081 1076 nostris
1104 1001 1141 1075 in
1163 1003 1383 1076 contrarium
1407 1000 1623 1076 iacientibus

297 1151 369 1201 non
385 1127 622 1202 obstantibus.

346 1259 449 1346 Item,
467 1261 566 1329 motu
583 1253 704 1345 simili,
721 1251 862 1328 dilectis
878 1253 960 1329 filiis
976 1252 1070 1330 sacri
1085 1250 1205 1351 palatii
1226 1247 1414 1350 apostolici
1435 1271 1626 1324 causarum

298 1387 334 1454 et
348 1380 426 1454 aliis
448 1380 630 1478 quibusvis
651 1402 799 1454 romane
820 1380 918 1454 curie
939 1379 1087 1453 notariis
1108 1379 1173 1452 sub
1191 1375 1537 1452 excomunicationis
1555 1374 1627 1449 late

298 1504 475 1578 sententie
500 1527 594 1602 pena
626 1503 850 1594 mandamus,
885 1509 1060 1600 quatenus
1094 1527 1220 1578 omnes
1251 1509 1286 1576 et
1310 1501 1468 1600 singulas
1496 1523 1624 1574 causas

295 1629 541 1719 beneficiales,
564 1627 699 1718 civiles,
731 1630 956 1728 prophanas,
981 1629 1186 1704 criminales
1211 1633 1247 1702 et
1274 1627 1404 1700 mixtas
1428 1649 1518 1724 quas
1543 1624 1628 1700 dicti

297 1753 512 1829 conclaviste
543 1760 704 1852 tempore
736 1754 966 1852 pontificatus
993 1755 1106 1828 nostri
1132 1755 1168 1828 in
1197 1776 1348 1829 romana
1376 1751 1476 1826 curia
1505 1773 1629 1826 coram

298 1879 478 1976 quibusvis
495 1879 690 1978 judicibus,
713 1878 983 1971 commissariiS,
1012 1885 1048 1953 et
1067 1879 1153 1952 dicti
1175 1878 1296 1976 palatii
1318 1901 1510 1953 causarum
1534 1876 1632 1952 audi-

298 2003 436 2078 toribus
451 2005 651 2095 habebunt,
668 2030 711 2081 ac
727 2029 816 2103 quas
832 2007 900 2105 ipsi
915 2008 993 2082 aliis
1014 2011 1057 2080 et¹
1068 2005 1127 2080 alii
1138 2005 1225 2104 ipsis
1241 2005 1474 2094 mandabunt,
1494 2001 1633 2078 eisdem

299 2129 524 2205 conclavistis
546 2131 656 2228 gratis
682 2139 717 2206 et
737 2133 1018 2208 extraordinarie
1040 2131 1138 2223 dont,
1162 2137 1198 2206 et
1217 2138 1387 2228 tanquam
1407 2129 1451 2206 de
1473 2136 1633 2205 extraor-

299 2257 445 2331 dinariis
480 2257 617 2350 causis,
660 2264 696 2332 et
731 2281 805 2332 non
846 2260 951 2350 alias,
994 2263 1206 2334 consuetum
1241 2258 1287 2330 ab
1325 2256 1411 2353 ipsis
1451 2255 1632 2353 accipiant

301 2383 604 2474 emolumentum
642 2385 789 2460 notariis
820 2407 961 2484 quoque
991 2407 1139 2458 romane
1173 2383 1271 2457 curie
1299 2381 1406 2456 simili
1429 2381 1537 2456 modo
1565 2381 1633 2472 sub

302 2507 429 2582 eadem
449 2531 543 2605 pena
570 2507 798 2599 mandamus,
820 2517 997 2606 quatenus
1020 2533 1087 2610 pro
1107 2509 1337 2600 citationum,
1361 2513 1633 2604 sequestrorum

301 2637 338 2706 et
366 2632 662 2708 executorialium
691 2633 827 2724 literis,
865 2637 1187 2734 acceptionumque
1230 2641 1266 2709 et
1296 2633 1564 2733 provisionum,
1592 2637 1632 2704 et

302 2757 482 2854 quibusvis
507 2757 585 2830 aliis
613 2757 874 2850 instrumentis,
909 2760 1140 2859 processibus
1167 2767 1203 2834 et
1223 2760 1337 2834 literis
1361 2759 1450 2834 nihil
1477 2755 1630 2855 amplius

303 2881 447 2979 exigant
461 2881 516 2955 vel
532 2882 708 2980 recipiant
725 2911 732 2958 :
752 2908 824 2959 non
843 2885 1065 2958 obstantibus
1086 2885 1145 2958 sel.
1165 2908 1239 2958 rec.
1263 2883 1351 2957 Sixti
1367 2869 1458 2981 pape
1474 2886 1537 2957 llll
1553 2903 1635 2980 pre-

302 3007 505 3081 decessoris
522 3008 635 3082 nostri
651 3008 827 3084 dictorum
843 3009 1047 3084 ciliciorum
1067 3009 1261 3084 erectionis
1281 3014 1317 3082 et
1337 3006 1573 3096 reductionis,
1590 3013 1628 3080 et

304 3131 487 3228 quibusvis
509 3133 622 3207 literis
652 3133 858 3232 apostolicis
883 3133 1086 3230 ceterisque
1116 3131 1304 3206 contrariis
1329 3131 1632 3229 quibuscumque.

304 3257 382 3330 Fiat
397 3257 441 3331 de
461 3259 640 3332 omnibus.
668 3262 765 3331 lllotu
787 3258 933 3356 proprio
958 3283 1023 3356 pro
1048 3259 1228 3332 omnibus.
1252 3259 1436 3332 lohannes
1459 3255 1632 3356 Baptista.

354 3383 397 3452 Et
425 3382 520 3476 quod
549 3405 658 3478 super
685 3382 989 3478 protonotariatu,
1013 3407 1081 3480 pro
1108 3383 1268 3480 quolibet
1296 3382 1541 3482 expediendo,
1567 3405 1636 3480 pro

307 3507 568 3604 compositione
605 3531 668 3581 seu
702 3505 788 3580 alias
823 3507 914 3580 nihil
950 3507 1112 3605 exigatur
1147 3509 1201 3582 vel
1232 3505 1445 3606 recipiatur;
1480 3514 1517 3581 et
1548 3529 1634 3582 cum

308 3631 548 3705 reservatione
577 3632 730 3705 duorum
755 3631 958 3706 officiorum
981 3633 1209 3731 scriptorum,
1240 3640 1278 3707 ut
1299 3635 1500 3732 prefertur;
1530 3631 1638 3706 etde

308 3757 528 3854 expectativa
542 3758 588 3830 ad
603 3763 675 3831 tres
696 3757 907 3830 collationes
925 3765 959 3832 et
980 3759 1129 3834 totidem
1149 3759 1346 3850 beneficia;
1367 3765 1410 3832 et
1426 3759 1472 3833 ad
1493 3757 1643 3832 canoni·

310 3885 410 3952 catus
426 3885 462 3953 et
476 3881 677 3977 prebendas
693 3883 730 3955 in
745 3882 1010 3958 cathedralibus
1027 3885 1135 3958 etiam
1148 3884 1436 3981 metropolitanis
1448 3883 1613 3958 ecclesiis
1629 3909 1638 3974 ;

310 4009 347 4077 et
370 4004 415 4076 ad
439 4006 633 4079 secundam
660 4013 696 4081 et
724 4008 867 4082 tertiam
895 4009 1117 4107 prebendam
1143 4009 1183 4083 in
1209 4011 1346 4085 eisdem
1372 4009 1639 4084 nonobstante

311 4131 453 4228 regula3
478 4138 514 4206 et
537 4133 582 4205 ad
605 4133 817 4232 dignitates,
851 4134 888 4206 in
915 4135 1064 4227 eisdem,
1101 4142 1138 4210 et
1166 4136 1365 4233 collegiatis
1390 4133 1577 4225 ecclesiis;
1605 4139 1644 4208 et

312 4247 493 4331 etiamad
522 4259 751 4356 generaliter,
784 4284 829 4334 ex
858 4261 980 4358 quavis
1009 4286 1136 4353 causa,
1169 4262 1278 4336 etiam
1304 4261 1340 4336 iu
1370 4281 1523 4359 corpore
1552 4259 1645 4358 juris

313 4381 445 4473 clausa,
463 4388 643 4456 reservata
659 4407 667 4474 ;
686 4391 819 4460 etcum
835 4386 1071 4462 concessione
1093 4393 1129 4462 et
1148 4383 1295 4462 decreto
1318 4383 1643 4485 prerogativarum,

313 4513 351 4580 ut
365 4509 547 4605 prefertur
563 4534 571 4582 :
589 4511 896 4584 nonobstantibus
907 4512 1116 4609 privdegiis‚
1128 4506 1448 4604 nominationibus,
1463 4511 1646 4612 primariis

311 4634 496 4728 precibuS,
524 4635 692 4711 videlicet
717 4661 800 4710 cum
830 4661 957 4712 eorum
982 4638 1143 4712 omnium
1171 4639 1363 4714 sufficienti
1391 4641 1642 4740 derogatione,

312 4758 438 4853 regula
462 4783 570 4856 super
597 4761 792 4854 idiomate;
824 4769 861 4836 et
887 4786 971 4837 cum
999 4765 1243 4839 reservatione
1265 4765 1429 4839 omnium
1444 4766 1647 4840 beneficio-

314 4905 393 4954 rum
412 4885 617 4984 vaoantium
632 4893 667 4961 et
692 4895 959 4980 vacaturorum,
983 4896 1018 4964 et
1044 4915 1113 4988 que
1134 4915 1200 4990 per
1218 4891 1487 4989 promotionem
1513 4917 1643 4968 vacare

314 5015 506 5106 sperantur
524 5033 637 5110 usque
656 5006 701 5088 ad
720 5015 1006 5105 coronationem,
1029 5023 1068 5090 ut
1087 5019 1278 5115 presertun
1301 5021 1345 5092 Et
1363 5019 1459 5116 quod
1480 5019 1646 5094 omniurn
