3436 6038
375 485 429 540 220
832 477 1009 536 vouxrrus
1034 477 1255 548 nuscanum,
1462 452 1667 556 [norisianas]

1701 231 1702 280 l

1701 299 1702 336 l

378 639 475 714 tolici
495 638 589 736 apud
604 663 634 712 s.
651 641 810 728 Petrum,
828 640 870 710 R.
887 635 922 709 in
942 635 1084 711 Christo
1101 640 1141 710 P.
1160 638 1203 708 D.
1225 635 1410 712 lohannes
1426 637 1603 738 episcopus
1615 645 1670 718 Gal·
1701 651 1702 724 t

377 764 514 840 mensis
530 763 723 840 celebravit
739 762 886 837 missam
899 763 1079 860 publicam
1091 761 1357 855 detunctorum,
1368 763 1472 861 juxta
1481 770 1669 841 consuetudi-

376 914 461 966 nem
482 888 618 986 capelle
634 894 771 978 nostre,
801 909 867 983 pro
891 887 1010 960 anima
1038 885 1130 961 bone
1146 890 1322 963 memorie
1350 888 1524 962 iohannis
1552 891 1667 966 titulis.

377 1015 508 1090 Sabine
524 1013 726 1112 presbyteri
752 1013 944 1087 cardinalis
964 1013 1009 1088 de
1027 1013 1209 1112 dragonis
1227 1014 1423 1112 vulgariter
1442 1017 1668 1113 nuncupabat

376 1139 634 1240 postmissam‚
660 1138 810 1214 absolvit
834 1163 936 1214 more
964 1140 1084 1231 solito,
1103 1143 1200 1236 Papa
1220 1141 1369 1215 absente
1394 1149 1431 1214 et
1457 1145 1600 1215 llltmus.
1616 1147 1668 1218 bo.

375 1265 626 1364 Neapolitano,
651 1290 680 1338 s.
703 1265 814 1339 Mavie
841 1265 878 1339 in
898 1265 1056 1358 Porticu,
1088 1265 1370 1357 Recbanatensi,
1399 1265 1628 1358 Ulixbonensi,
1648 1295 1667 1342 s.

375 1391 585 1484 Clementis
598 1391 642 1465 de
660 1391 872 1484 comitibus,
903 1390 1054 1464 Senensi
1072 1397 1108 1464 et
1122 1390 1278 1466 Ascanio
1303 1391 1544 1466 cardinalibus
1558 1415 1670 1490 presen-

375 1519 483 1593 tibus.

377 1665 386 1675 ·
423 1643 528 1719 Feria
536 1649 674 1742 quarta,
688 1647 709 1718 8
726 1642 862 1718 mensis
877 1641 1096 1732 novembris,
1109 1640 1175 1714 luit
1190 1641 1498 1740 primaexpeditio
1515 1641 1670 1739 gratiarum

375 1769 691 1869 expectativarum,
710 1775 746 1844 et
761 1767 826 1842 luit
840 1775 915 1842 tota
928 1767 1108 1866 expeditio
1118 1789 1184 1864 pro
1195 1766 1430 1840 familiaribus
1448 1771 1542 1865 Pape
1556 1773 1670 1856 tantun,

375 1919 528 1993 quarum
545 1919 716 1970 numerus
732 1894 800 1968 luit
810 1919 847 1968 v1
860 1893 916 1967 vel
926 1892 1038 1982 circa3
1055 1915 1139 1966 nam
1150 1895 1192 1965 R.
1209 1891 1246 1964 in
1260 1889 1455 1965 ChristoP.
1468 1895 1511 1964 Ι).
1525 1892 1670 1966 lohannes

376 2020 566 2118 episcopus
581 2019 820 2094 'lamacensis
840 2017 961 2116 palatii
984 2017 1170 2114 apostolici
1185 2017 1357 2115 magister
1374 2017 1518 2108 domne,
1541 2041 1561 2090 a
1577 2040 1669 2089 mense

374 2147 465 2222 citra
484 2146 538 2221 vel
558 2146 667 2237 circa,
688 2144 862 2219 ordinavit
884 2143 1039 2216 rotulum
1060 2165 1126 2241 pro
1147 2142 1314 2216 omnibus
1337 2144 1571 2218 familiaribus
1588 2143 1669 2240 quiin

372 2251 490 2369 prima
506 2270 734 2368 expeditione
749 2269 957 2367 hujusmodi
973 2267 1134 2367 expediri
1155 2269 1342 2361 deberent,
1366 2275 1402 2344 et
1418 2270 1501 2344 illos
1516 2269 1635 2342 monuit
1646 2275 1670 2338 ut

376 2421 457 2470 suas
481 2397 605 2470 literas
630 2395 934 2493 expectativarum
969 2395 1076 2469 scribi
1106 2395 1268 2470 lacerent
1296 2395 1333 2469 in
1362 2395 1484 2470 forma
1510 2402 1545 2470 et
1566 2393 1671 2468 duabus

374 2522 486 2595 literis
511 2543 577 2618 per
600 2521 854 2595 cancellariam
885 2521 1118 2618 apostolicam
1148 2521 1307 2619 expediri
1343 2521 1542 2611 consuetis,
1568 2527 1598 2592 et
1617 2517 1671 2590 illas

375 2647 441 2720 sibi
463 2671 578 2743 usque
602 2647 648 2720 ad
669 2645 838 2720 calendas
862 2647 971 2744 hujus
994 2647 1130 2722 mensis
1160 2653 1425 2745 presentarent.
1454 2651 1531 2734 Qua
1561 2644 1672 2742 quiden

374 2773 476 2848 litere
507 2771 574 2846 sibi
605 2771 655 2846 sic
685 2777 910 2869 presentate,
942 2797 1008 2869 per
1041 2795 1125 2847 eum
1156 2773 1266 2847 misse
1295 2773 1442 2846 luerunt
1471 2773 1517 2846 ad
1541 2770 1672 2846 calendas

372 2897 551 2996 predictas
567 2897 657 2971 citra
678 2898 722 2970 ad
738 2897 992 2972 cancellariam
1012 2897 1260 2996 apostolicam.

422 3027 518 3098 Hora
532 3048 581 3098 xx
594 3023 649 3098 vel
669 3023 777 3113 circa,
796 3023 944 3119 singulis
958 3023 1098 3113 diebus,
1121 3022 1223 3120 paria
1243 3021 1430 3096 literarum
1455 3027 1523 3097 {00
1543 3021 1591 3095 vel
1605 3021 1672 3094 cina

371 3148 484 3223 missa
503 3149 658 3222 dominis
679 3148 988 3223 abbreviatoribus
1012 3149 1057 3222 de
1078 3171 1187 3246 parco
1210 3146 1337 3244 majori
1360 3147 1498 3221 ibidem
1518 3153 1673 3244 propterea

373 3273 578 3370 specialiter
594 3273 838 3370 congregantia,
862 3281 900 3346 ut
922 3272 1000 3346 illas
1019 3271 1180 3346 viderent
1200 3279 1236 3346 et
1256 3271 1302 3345 ad
1321 3269 1476 3346 formam
1497 3267 1672 3347 cancelada

372 3400 599 3490 reducerent,
613 3405 649 3473 et
663 3397 811 3495 singulis
823 3397 964 3488 diebus,
983 3397 1050 3471 nisi
1078 3398 1196 3472 eidem
1214 3398 1388 3496 magistro
1412 3399 1542 3472 domus
1557 3395 1672 3471 remisse

372 3524 515 3608 luerint,
529 3530 565 3599 et
576 3523 686 3598 hodie
703 3545 831 3597 omnes
843 3523 996 3598 collecte
1008 3523 1114 3597 simul
1129 3523 1296 3622 expedite
1312 3525 1544 3622 etplumbate
1559 3522 1672 3597 abban

374 3650 611 3746 expeditionis
632 3672 747 3747 usque
768 3650 813 3722 ad
831 3649 961 3723 hovam
990 3651 1129 3724 tertiam
1156 3650 1272 3724 noctis
1293 3649 1349 3724 vel
1369 3651 1481 3725 circa.
1505 3648 1633 3723 lnterin
1648 3643 1671 3715 in

372 3773 501 3870 prima,
525 3774 681 3848 secunda
703 3779 738 3847 et
762 3773 871 3846 tertia
892 3773 983 3846 aulis
1009 3773 1130 3870 palatii
1155 3775 1343 3870 apostolici
1367 3776 1462 3872 apud
1485 3801 1514 3850 s.
1545 3779 1669 3848 Petrun.

372 3907 612 3996 congregatus
637 3905 692 3973 est
712 3897 890 3972 maximus
913 3921 1085 3972 numerus
1109 3899 1312 3991 curialium,
1341 3900 1598 3998 expeditionem
1614 3918 1671 3992 pnL

371 4025 504 4100 dictam
520 4025 592 4098 sive
607 4048 845 4122 processuum
859 4025 1044 4100 decretum
1058 4026 1339 4122 expectantium.
1358 4030 1454 4101 Hora
1466 4021 1669 4101 auterntertia

369 4152 531 4250 predicta
547 4151 772 4244 adveniente,
792 4153 977 4227 exiverunt
991 4153 1035 4226 de
1053 4175 1197 4228 camera
1215 4152 1392 4251 pepagalli
1415 4157 1490 4226 ΗΒ.
1509 4153 1544 4225 in
1559 4148 1667 4226 Christo

371 4281 440 4352 PP.
457 4281 532 4350 bb.
556 4281 596 4350 L.
621 4277 915 4375 archiepiscopus
932 4281 1220 4367 Beneventanus,
1238 4281 1281 4352 A.
1301 4278 1512 4368 lileriensis,
1530 4281 1566 4350 L.
1583 4278 1667 4369 Capu-

369 4402 566 4500 taquensis,
595 4406 638 4476 Α.
666 4402 944 4494 TiburtinensiS‚
980 4405 1023 4476 Α.
1048 4403 1248 4495 Auriensis,
1275 4407 1315 4477 L.
1343 4401 1594 4502 Traguriensis,
1625 4401 1662 4468 to.

369 4527 702 4620 Alexandrinensis,
725 4531 764 4604 T.
784 4527 987 4618 Exinensis,
1008 4532 1051 4602 Α.
1070 4529 1316 4605 Custodiensis
1339 4537 1376 4606 et
1397 4533 1440 4603 Α.
1459 4521 1664 4603 Plentinensis

368 4653 530 4752 episcopi
555 4659 591 4727 et
618 4653 859 4752 Hieronymus
891 4653 1072 4728 Balbanus
1101 4658 1165 4729 SS.
1197 4659 1241 4729 D.
1271 4659 1314 4729 N.
1346 4677 1439 4753 pape
1469 4647 1662 4728 secretarius.

367 4779 552 4853 venientes
568 4779 613 4852 ad
629 4779 784 4877 primam
798 4779 917 4852 aulam
932 4779 1053 4876 palatii
1068 4780 1235 4878 predicti,
1253 4779 1313 4854 ubi
1336 4803 1445 4878 snpra
1459 4781 1595 4877 planum
1607 4767 1664 4845 solii

369 4903 462 4977 sedis
481 4908 589 5002 Pape,
603 4905 640 4978 in
655 4929 738 5002 qua,
752 4906 789 4977 in
800 4904 945 5002 publico
955 4905 1170 4979 consistorio
1187 4906 1362 4980 existente
1375 4905 1555 5003 pontifice,
1567 4899 1664 4974 sedere

368 5028 473 5118 solet,
497 5029 663 5104 omnibus
680 5030 767 5128 ipsis
787 5029 977 5123 stantibus,
1004 5031 1051 5104 ad
1076 5031 1230 5106 curiales
1250 5055 1390 5122 versus,
1416 5031 1510 5106 lacto
1533 5029 1566 5102 in
1589 5024 1663 5097 tanto

367 5154 521 5228 tumultu
536 5154 691 5230 silentio.
712 5159 755 5230 D.
774 5155 969 5230 aleriensis
987 5155 1195 5254 hujusmodi
1206 5157 1261 5232 vel
1275 5157 1405 5232 similia
1418 5157 1525 5232 verba
1537 5167 1664 5250 pronun-
