3424 6038
304 439 357 494 2t8
758 432 933 490 tonantius
958 432 1178 504 nonensem,
1473 435 1551 494 ῑιιιιι
1567 437 1614 486 nn

305 592 502 668 redeundo.
519 594 635 688 Super
658 585 758 662 altari
779 593 815 662 et
841 589 1002 663 cancello
1020 589 1137 686 posite
1163 593 1247 662 sunt
1262 588 1379 664 lacule
1402 595 1441 662 et
1459 587 1627 666 intorticia

307 743 391 794 cere
406 715 624 794 communis.

355 847 460 920 Feria
485 844 609 942 quinta
644 839 792 938 majoris
819 839 1048 916 hebdomade
1072 846 1115 914 te
1137 840 1272 939 aprilis,
1296 848 1381 916 ante
1401 842 1535 916 horam
1558 866 1625 934 xrn,

306 973 369 1046 SS.
389 974 430 1044 t).
448 972 489 1044 N.
508 973 654 1066 paratus
673 987 775 1040 more
795 969 969 1038 consueto
987 967 1207 1064 paramentis
1228 966 1318 1042 albis
1343 967 1531 1064 pretiosis,
1547 969 1628 1042 venit

180 1107 183 1114 ’
306 1096 351 1170 ad
370 1094 559 1192 capellam,
583 1091 708 1182 oravit,
735 1089 820 1164 lecit
843 1090 1124 1184 contessionem,
1153 1099 1188 1166 et
1217 1093 1288 1166 alia
1315 1115 1417 1166 more
1450 1103 1626 1166 consueto.

308 1223 429 1292 Rmua
446 1222 489 1292 ll.
503 1213 815 1291 vicecancellarius
833 1213 918 1287 lecit
938 1213 1099 1290 officium
1118 1217 1337 1314 peremnia,
1357 1224 1470 1315 prout
1487 1217 1525 1290 in
1545 1239 1630 1292 cere-

307 1343 468 1418 moniali.
495 1345 558 1417 SS.
591 1345 635 1415 D.
671 1344 729 1430 tt,
768 1339 911 1413 detecto
941 1339 1076 1436 capite,
1111 1343 1265 1439 portavit
1294 1350 1567 1417 sacramentum
1594 1344 1630 1416 ad

307 1469 483 1566 capellam
504 1489 663 1565 parvom,
686 1465 817 1540 deinde
839 1464 1157 1562 processionaliter
1181 1467 1276 1540 venit
1292 1468 1337 1542 ad
1353 1467 1480 1540 locum
1501 1467 1630 1564 publice

306 1593 583 1685 benedictionis
608 1591 682 1682 ubi,
705 1591 869 1688 deposito
892 1591 1034 1688 pluviali
1054 1591 1149 1683 albo,
1172 1593 1313 1690 accepit
1334 1591 1494 1666 rubeum
1515 1593 1631 1690 pretio-

308 1744 399 1794 sum.
421 1723 511 1793 Tum
532 1719 627 1792 lacta
648 1717 714 1792 sibi
735 1717 802 1792 suit
825 1718 1026 1793 reverentia
1050 1741 1071 1794 a
1098 1719 1361 1806 cardinalibus;
1385 1719 1523 1794 deinde
1543 1742 1631 1792 versa

310 1846 418 1920 sedes
453 1845 498 1918 ad
523 1844 710 1942 populum,
747 1843 830 1918 lecti
858 1867 1065 1941 processus,
1095 1851 1131 1918 et
1158 1845 1195 1918 in
1219 1844 1291 1918 fine
1321 1844 1405 1918 date
1434 1844 1631 1918 benedictio

308 1972 493 2047 solemnis.
517 1975 715 2045 Processus
735 1971 771 2044 in
790 1971 902 2044 latino
922 1971 1010 2068 legit
1030 1976 1072 2046 D.
1097 1974 1200 2068 Hugo
1222 1969 1376 2045 Bencius
1397 1969 1631 2044 subdiaconus

307 2098 525 2197 apostolicus
540 2122 548 2187 ;
566 2097 603 2170 in
615 2097 751 2194 vulgari
771 2103 904 2188 autem,
923 2095 1113 2172 cardinalis
1131 2095 1176 2168 de
1192 2094 1379 2168 Columna.
1396 2095 1630 2192 lndulgeutias

307 2224 554 2321 pronunciavit
576 2222 612 2296 in
639 2221 749 2296 latino
767 2221 957 2297 cardinalis
983 2220 1154 2296 Senensis
1175 2227 1211 2294 et
1234 2219 1271 2292 in
1287 2220 1423 2318 vulgari
1450 2219 1630 2295 cardinalis

307 2373 336 2420 s.
353 2347 512 2446 Georgii.
1700 2373 1701 2426 t

357 2477 448 2548 Data
477 2473 729 2548 benedictione
761 2474 935 2563 solemni,
967 2495 1094 2548 omnes
1124 2473 1324 2548 cardinales
1353 2475 1580 2550 associarunt
1602 2475 1628 2546 in

308 2599 527 2698 paramentis
543 2601 676 2695 Papam
694 2622 808 2694 usque
827 2599 872 2672 ad
889 2599 1008 2672 aulam
1024 2597 1167 2672 tertiam
1188 2597 1248 2671 ubi
1262 2597 1423 2672 tiendum
1444 2608 1526 2675 erat
1541 2625 1629 2676 man-

308 2725 443 2816 datum,
476 2723 537 2796 ubi
564 2723 674 2820 aliqui
707 2724 953 2820 deposuerunt
986 2729 1211 2820 paramenta,
1241 2723 1408 2798 videlicet
1437 2749 1445 2798 :
1479 2727 1631 2824 Neapoli-

311 2857 425 2941 tanus,
459 2849 676 2941 Parmensis,
702 2849 981 2923 blediolanensis
1011 2855 1047 2922 et
1070 2847 1192 2944 plures
1213 2847 1286 2922 elii.
1311 2849 1628 2927 vicecancellarius

308 2981 443 3065 autem,
470 2999 499 3047 s.
522 2974 646 3064 Marci,
672 2973 956 3070 Andagavensis,
981 2971 1166 3064 senensis,
1188 2997 1217 3044 s.
1239 2974 1384 3071 Georgii
1404 2983 1440 3050 et
1459 2978 1562 3052 multi
1580 2977 1627 3052 alii

309 3100 534 3174 retinuerunt
545 3123 610 3172 sua
621 3105 846 3197 paramenta,
863 3107 898 3172 et
912 3124 1039 3174 omnes
1054 3107 1231 3180 steterunt
1239 3106 1286 3180 ed
1294 3106 1469 3181 lotionem
1483 3107 1625 3203 pedom;

309 3223 535 3320 evangelium
562 3224 718 3297 cantavit
746 3225 919 3299 Ascanius
947 3227 1139 3303 cardinalis
1164 3229 1208 3304 de
1233 3231 1520 3306 Vicecomitibus
1543 3238 1626 3304 stans

310 3371 431 3422 versus
457 3349 503 3422 ad
527 3348 705 3423 fenestras
726 3349 818 3424 aule.
841 3353 931 3424 Turn
951 3355 1048 3448 Papa
1066 3353 1149 3428 lavit
1169 3355 1295 3450 pedes,
1318 3363 1354 3430 et
1378 3357 1414 3430 in
1438 3358 1527 3450 dne,
1554 3357 1624 3430 dixit
1699 3363 1700 3450 t

309 3472 523 3562 orationem,
551 3477 650 3546 stans
664 3473 700 3544 in
727 3473 819 3546 stola
845 3475 922 3550 sine
946 3477 1102 3574 pluviali,
1134 3481 1217 3576 quia
1237 3481 1387 3555 sacrista
1410 3483 1624 3557 mandaverat

309 3595 458 3692 pluviale
486 3620 551 3693 per
579 3596 876 3671 inadvertentiam
913 3602 958 3674 ad
991 3603 1207 3696 sacristiam,
1239 3607 1337 3703 quod
1369 3607 1434 3682 tuit
1467 3629 1623 3705 magnum

310 3721 583 3794 inconveniens.
612 3722 739 3794 Omnia
760 3722 856 3798 lacta
877 3732 960 3798 sunt
984 3751 1086 3801 more
1114 3737 1302 3805 consueto.
1328 3735 1459 3807 Comes
1479 3731 1622 3809 Tendille

164 3877 166 3882 v
310 3845 407 3918 dedit
422 3869 551 3941 aquam
569 3851 663 3944 Pape
678 3855 759 3946 post
771 3849 944 3924 lotionem
960 3853 1109 3949 pedum.

360 3975 398 4044 ln
420 3994 515 4064 sero,
538 3973 633 4047 circa
655 3974 784 4047 horam
806 4000 851 4046 xx
868 3983 904 4050 et
923 4003 994 4066 ιιιιι,
1019 3981 1114 4054 venit
1134 3982 1180 4056 ad
1197 3983 1390 4058 matutinas
1411 3989 1621 4062 tenebrarum

310 4099 352 4172 ad
377 4120 546 4193 maguam
569 4099 744 4196 capellam
758 4099 809 4200 Jeo
823 4102 949 4176 ordine
973 4111 1080 4200 prout
1098 4105 1178 4180 heri
1202 4131 1297 4182 sero.
1321 4110 1497 4185 Fimbrias
1521 4108 1621 4186 eundo

310 4223 461 4320 portavit
488 4224 678 4322 episcopus
700 4226 896 4300 Aleriensis
924 4234 960 4301 et
984 4228 1168 4304 redeundo
1198 4233 1491 4332 archiepiscopus
1520 4232 1622 4308 Arela-

313 4350 421 4422 tensis
437 4351 661 4424 assistentes.
678 4353 757 4426 Alia
776 4355 898 4428 omnia
912 4356 1101 4432 observata
1116 4341 1199 4430 sunt
1213 4365 1321 4455 prout
1336 4359 1372 4432 in
1392 4358 1617 4438 ceremoniali.

313 4475 391 4547 Fuit
415 4475 562 4548 omnino
583 4499 624 4550 aa
644 4475 722 4550 heri
747 4477 911 4553 similiter
934 4487 970 4554 et
999 4481 1196 4557 scabellum
1221 4507 1288 4581 pro
1313 4507 1421 4560 cruce
1448 4493 1485 4562 et
1512 4483 1620 4562 cande·
1698 4553 1699 4560 ,

311 4597 433 4689 labris,
451 4599 654 4695 depositum
671 4601 779 4674 etiam
800 4627 872 4676 non
889 4605 954 4677 luit
974 4612 1056 4678 ante
1078 4607 1189 4682 altare
1208 4609 1370 4706 pallium.
1394 4613 1510 4710 Supra
1527 4611 1617 4685 altare

311 4729 346 4794 et
361 4723 559 4798 cancellum
577 4727 694 4822 posita
709 4735 792 4800 sunt
803 4728 983 4805 intorticia
997 4739 1033 4805 et
1048 4733 1164 4808 lacule
1177 4756 1260 4809 cere
1272 4737 1489 4810 communis.

357 4852 498 4922 t'enere
519 4857 656 4932 sancta.
686 4857 727 4926 13
744 4855 880 4926 mensis
906 4856 1041 4952 aprilis,
1066 4861 1129 4930 SS.
1161 4863 1203 4932 l).
1232 4864 1291 4947 tt..
1319 4861 1465 4937 indutus
1490 4863 1615 4936 amictu.

310 4969 403 5060 alba,
422 4971 578 5068 cingulo,
599 4976 691 5049 stola
708 4977 881 5065 violacea,
901 5003 1015 5078 cappa
1034 4983 1078 5056 de
1098 4985 1252 5060 scarleto
1270 4995 1307 5060 et
1325 4989 1427 5085 cujus
1447 4988 1614 5086 capucium

311 5093 396 5167 hinc
413 5097 544 5171 atinde
561 5100 710 5194 spinetis
728 5125 835 5198 super
850 5105 1008 5200 spatulas
1025 5109 1121 5203 Pape
1137 5109 1317 5185 consitum
1333 5118 1424 5202 eret,
1441 5120 1476 5188 et
1494 5111 1614 5186 mitram
