<?xml version="1.0" encoding="UTF-8"?>
<!DOCTYPE html PUBLIC "-//W3C//DTD XHTML 1.0 Transitional//EN"
    "http://www.w3.org/TR/xhtml1/DTD/xhtml1-transitional.dtd">
<html xmlns="http://www.w3.org/1999/xhtml" xml:lang="en" lang="en">
 <head>
  <title>
</title>
<meta http-equiv="Content-Type" content="text/html;charset=utf-8" />
  <meta name='ocr-system' content='tesseract 3.04.00' />
  <meta name='ocr-capabilities' content='ocr_page ocr_carea ocr_par ocr_line ocrx_word'/>
</head>
<body>
  <div class='ocr_page' id='page_1' title='image "./johannisburchar02burcgoog/johannisburchar02burcgoog_0036.png"; bbox 0 0 3600 6094; ppageno 0'>
   <div class='ocr_carea' id='block_1_1' title="bbox 171 447 1516 522">
    <p class='ocr_par' dir='ltr' id='par_1_1' title="bbox 171 447 1516 522">
     <span class='ocr_line' id='line_1_1' title="bbox 171 447 1516 522; baseline -0.004 -16"><span class='ocrx_word' id='word_1_1' title='bbox 171 456 259 520; x_wconf 50' lang='lat' dir='ltr'>[stunt</span> <span class='ocrx_word' id='word_1_2' title='bbox 277 457 346 522; x_wconf 73' lang='lat' dir='ltr'>rtet]</span> <span class='ocrx_word' id='word_1_3' title='bbox 514 449 640 508; x_wconf 76' lang='lat' dir='ltr'>RERUM</span> <span class='ocrx_word' id='word_1_4' title='bbox 668 447 895 504; x_wconf 69' lang='lat' dir='ltr'>tenebantur</span> <span class='ocrx_word' id='word_1_5' title='bbox 920 447 1181 504; x_wconf 77' lang='lat' dir='ltr'>COMMENTARH.</span> <span class='ocrx_word' id='word_1_6' title='bbox 1480 456 1516 510; x_wconf 80' lang='lat'>23</span> 
     </span>
    </p>
   </div>
   <div class='ocr_carea' id='block_1_2' title="bbox 85 596 1576 5218">
    <p class='ocr_par' dir='ltr' id='par_1_2' title="bbox 169 596 1514 1180">
     <span class='ocr_line' id='line_1_2' title="bbox 226 596 1514 704; baseline -0.002 -22"><span class='ocrx_word' id='word_1_7' title='bbox 226 613 318 684; x_wconf 91' lang='lat' dir='ltr'>ltem</span> <span class='ocrx_word' id='word_1_8' title='bbox 335 605 454 704; x_wconf 91' lang='lat' dir='ltr'>prima</span> <span class='ocrx_word' id='word_1_9' title='bbox 469 605 598 694; x_wconf 89' lang='lat' dir='ltr'>auleta,</span> <span class='ocrx_word' id='word_1_10' title='bbox 622 609 657 676; x_wconf 92' lang='lat' dir='ltr'>et</span> <span class='ocrx_word' id='word_1_11' title='bbox 678 625 823 676; x_wconf 88' lang='lat' dir='ltr'>carnem</span> <span class='ocrx_word' id='word_1_12' title='bbox 842 625 948 698; x_wconf 89' lang='lat' dir='ltr'>parva</span> <span class='ocrx_word' id='word_1_13' title='bbox 965 600 1141 687; x_wconf 87' lang='lat' dir='ltr'>saeristie,</span> <span class='ocrx_word' id='word_1_14' title='bbox 1167 601 1202 673; x_wconf 92' lang='lat' dir='ltr'>in</span> <span class='ocrx_word' id='word_1_15' title='bbox 1218 625 1288 698; x_wconf 91' lang='lat' dir='ltr'>qua</span> <span class='ocrx_word' id='word_1_16' title='bbox 1305 596 1514 701; x_wconf 84' lang='lat' dir='ltr'>paramenta</span> 
     </span>
     <span class='ocr_line' id='line_1_3' title="bbox 169 727 1514 835; baseline -0.002 -25"><span class='ocrx_word' id='word_1_17' title='bbox 169 742 207 810; x_wconf 90' lang='lat' dir='ltr'>et</span> <span class='ocrx_word' id='word_1_18' title='bbox 225 736 309 809; x_wconf 87' lang='lat' dir='ltr'><strong>libri</strong></span> <span class='ocrx_word' id='word_1_19' title='bbox 330 737 468 835; x_wconf 90' lang='lat' dir='ltr'>capelle</span> <span class='ocrx_word' id='word_1_20' title='bbox 492 737 573 805; x_wconf 95' lang='lat' dir='ltr'>sunt</span> <span class='ocrx_word' id='word_1_21' title='bbox 596 729 757 828; x_wconf 86' lang='lat' dir='ltr'>repositi,</span> <span class='ocrx_word' id='word_1_22' title='bbox 774 727 922 800; x_wconf 90' lang='lat' dir='ltr'>dimisse</span> <span class='ocrx_word' id='word_1_23' title='bbox 945 733 1025 800; x_wconf 91' lang='lat' dir='ltr'>sunt</span> <span class='ocrx_word' id='word_1_24' title='bbox 1052 727 1164 800; x_wconf 90' lang='lat' dir='ltr'>libere</span> <span class='ocrx_word' id='word_1_25' title='bbox 1187 751 1251 826; x_wconf 92' lang='lat' dir='ltr'>pro</span> <span class='ocrx_word' id='word_1_26' title='bbox 1275 729 1454 820; x_wconf 82' lang='lat' dir='ltr'>conclavi3</span> <span class='ocrx_word' id='word_1_27' title='bbox 1478 739 1514 807; x_wconf 91' lang='lat' dir='ltr'>et</span> 
     </span>
     <span class='ocr_line' id='line_1_4' title="bbox 170 851 1511 946; baseline 0 -14"><span class='ocrx_word' id='word_1_28' title='bbox 170 859 306 932; x_wconf 89' lang='lat' dir='ltr'>latrine</span> <span class='ocrx_word' id='word_1_29' title='bbox 338 859 373 932; x_wconf 91' lang='lat' dir='ltr'>in</span> <span class='ocrx_word' id='word_1_30' title='bbox 405 859 501 931; x_wconf 90' lang='lat' dir='ltr'>dicta</span> <span class='ocrx_word' id='word_1_31' title='bbox 525 877 668 928; x_wconf 90' lang='lat' dir='ltr'>camera</span> <span class='ocrx_word' id='word_1_32' title='bbox 694 851 903 940; x_wconf 90' lang='lat' dir='ltr'>existentes,</span> <span class='ocrx_word' id='word_1_33' title='bbox 930 875 1018 946; x_wconf 88' lang='lat' dir='ltr'>quas</span> <span class='ocrx_word' id='word_1_34' title='bbox 1043 851 1192 924; x_wconf 87' lang='lat' dir='ltr'>sacrista</span> <span class='ocrx_word' id='word_1_35' title='bbox 1221 853 1358 928; x_wconf 87' lang='lat' dir='ltr'>clausas</span> <span class='ocrx_word' id='word_1_36' title='bbox 1388 863 1511 932; x_wconf 91' lang='lat' dir='ltr'>tenere</span> 
     </span>
     <span class='ocr_line' id='line_1_5' title="bbox 171 974 1514 1082; baseline 0.004 -28"><span class='ocrx_word' id='word_1_37' title='bbox 171 984 330 1074; x_wconf 76' lang='lat' dir='ltr'>solebat,</span> <span class='ocrx_word' id='word_1_38' title='bbox 362 989 485 1082; x_wconf 87' lang='lat' dir='ltr'>aperte</span> <span class='ocrx_word' id='word_1_39' title='bbox 516 985 597 1052; x_wconf 90' lang='lat' dir='ltr'>sunt</span> <span class='ocrx_word' id='word_1_40' title='bbox 618 1001 684 1076; x_wconf 92' lang='lat' dir='ltr'>pro</span> <span class='ocrx_word' id='word_1_41' title='bbox 713 1003 780 1050; x_wconf 94' lang='lat' dir='ltr'>usu</span> <span class='ocrx_word' id='word_1_42' title='bbox 810 974 1065 1064; x_wconf 86' lang='lat' dir='ltr'>cardinalium;</span> <span class='ocrx_word' id='word_1_43' title='bbox 1091 1002 1218 1052; x_wconf 91' lang='lat' dir='ltr'>omnes</span> <span class='ocrx_word' id='word_1_44' title='bbox 1240 981 1308 1054; x_wconf 87' lang='lat' dir='ltr'>alie</span> <span class='ocrx_word' id='word_1_45' title='bbox 1330 989 1446 1080; x_wconf 86' lang='lat' dir='ltr'>porte,</span> <span class='ocrx_word' id='word_1_46' title='bbox 1478 992 1514 1061; x_wconf 89' lang='lat' dir='ltr'>et</span> 
     </span>
     <span class='ocr_line' id='line_1_6' title="bbox 171 1105 813 1180; baseline -0.008 -2"><span class='ocrx_word' id='word_1_47' title='bbox 171 1107 335 1180; x_wconf 77' lang='lat' dir='ltr'>fenestre</span> <span class='ocrx_word' id='word_1_48' title='bbox 352 1106 488 1180; x_wconf 89' lang='lat' dir='ltr'>ibidem</span> <span class='ocrx_word' id='word_1_49' title='bbox 503 1105 646 1177; x_wconf 87' lang='lat' dir='ltr'>luerunt</span> <span class='ocrx_word' id='word_1_50' title='bbox 662 1107 813 1174; x_wconf 89' lang='lat' dir='ltr'>mumte.</span> 
     </span>
    </p>

    <p class='ocr_par' dir='ltr' id='par_1_3' title="bbox 85 1227 1576 5218">
     <span class='ocr_line' id='line_1_7' title="bbox 225 1227 1512 1332; baseline 0.002 -24"><span class='ocrx_word' id='word_1_51' title='bbox 225 1239 316 1309; x_wconf 87' lang='lat' dir='ltr'>ltem</span> <span class='ocrx_word' id='word_1_52' title='bbox 339 1233 375 1306; x_wconf 93' lang='lat' dir='ltr'>in</span> <span class='ocrx_word' id='word_1_53' title='bbox 406 1231 535 1328; x_wconf 82' lang='lat' dir='ltr'>angulo</span> <span class='ocrx_word' id='word_1_54' title='bbox 561 1251 691 1325; x_wconf 80' lang='lat' dir='ltr'>magne</span> <span class='ocrx_word' id='word_1_55' title='bbox 723 1227 802 1302; x_wconf 90' lang='lat' dir='ltr'>aule</span> <span class='ocrx_word' id='word_1_56' title='bbox 827 1227 872 1300; x_wconf 91' lang='lat' dir='ltr'>ad</span> <span class='ocrx_word' id='word_1_57' title='bbox 897 1227 1078 1302; x_wconf 77' lang='lat' dir='ltr'>sinistram</span> <span class='ocrx_word' id='word_1_58' title='bbox 1107 1230 1284 1324; x_wconf 86' lang='lat' dir='ltr'>intrantis,</span> <span class='ocrx_word' id='word_1_59' title='bbox 1312 1241 1434 1332; x_wconf 89' lang='lat' dir='ltr'>mptus</span> <span class='ocrx_word' id='word_1_60' title='bbox 1458 1245 1512 1312; x_wconf 86' lang='lat' dir='ltr'>est</span> 
     </span>
     <span class='ocr_line' id='line_1_8' title="bbox 171 1353 1509 1459; baseline 0.001 -26"><span class='ocrx_word' id='word_1_61' title='bbox 171 1383 300 1433; x_wconf 90' lang='lat' dir='ltr'>murus</span> <span class='ocrx_word' id='word_1_62' title='bbox 325 1382 390 1456; x_wconf 83' lang='lat' dir='ltr'>pro</span> <span class='ocrx_word' id='word_1_63' title='bbox 416 1355 561 1430; x_wconf 87' lang='lat' dir='ltr'>introitu</span> <span class='ocrx_word' id='word_1_64' title='bbox 596 1379 662 1452; x_wconf 90' lang='lat' dir='ltr'>per</span> <span class='ocrx_word' id='word_1_65' title='bbox 688 1375 870 1426; x_wconf 87' lang='lat' dir='ltr'>cameram</span> <span class='ocrx_word' id='word_1_66' title='bbox 900 1353 1047 1445; x_wconf 86' lang='lat' dir='ltr'>ibidem,</span> <span class='ocrx_word' id='word_1_67' title='bbox 1086 1380 1192 1452; x_wconf 88' lang='lat' dir='ltr'>quarn</span> <span class='ocrx_word' id='word_1_68' title='bbox 1221 1359 1383 1434; x_wconf 90' lang='lat' dir='ltr'>medicus</span> <span class='ocrx_word' id='word_1_69' title='bbox 1415 1366 1509 1459; x_wconf 84' lang='lat' dir='ltr'>Pape</span> 
     </span>
     <span class='ocr_line' id='line_1_9' title="bbox 172 1478 1507 1580; baseline 0.001 -22"><span class='ocrx_word' id='word_1_70' title='bbox 172 1485 379 1558; x_wconf 87' lang='lat' dir='ltr'>inhabitare</span> <span class='ocrx_word' id='word_1_71' title='bbox 395 1483 533 1556; x_wconf 92' lang='lat' dir='ltr'>solebat</span> <span class='ocrx_word' id='word_1_72' title='bbox 553 1509 560 1552; x_wconf 92' lang='lat'>:</span> <span class='ocrx_word' id='word_1_73' title='bbox 579 1480 623 1552; x_wconf 86' lang='lat' dir='ltr'>ad</span> <span class='ocrx_word' id='word_1_74' title='bbox 638 1479 786 1552; x_wconf 73' lang='lat' dir='ltr'>latrinas</span> <span class='ocrx_word' id='word_1_75' title='bbox 801 1478 837 1550; x_wconf 93' lang='lat' dir='ltr'>in</span> <span class='ocrx_word' id='word_1_76' title='bbox 853 1479 1007 1552; x_wconf 90' lang='lat' dir='ltr'>cameris</span> <span class='ocrx_word' id='word_1_77' title='bbox 1022 1481 1155 1554; x_wconf 87' lang='lat' dir='ltr'>ibidem</span> <span class='ocrx_word' id='word_1_78' title='bbox 1171 1507 1282 1580; x_wconf 81' lang='lat' dir='ltr'>prope</span> <span class='ocrx_word' id='word_1_79' title='bbox 1299 1485 1507 1577; x_wconf 71' lang='lat' dir='ltr'>existentes</span> 
     </span>
     <span class='ocr_line' id='line_1_10' title="bbox 170 1605 1509 1702; baseline 0.001 -18"><span class='ocrx_word' id='word_1_80' title='bbox 170 1611 245 1684; x_wconf 83' lang='lat' dir='ltr'>alia</span> <span class='ocrx_word' id='word_1_81' title='bbox 274 1609 377 1698; x_wconf 88' lang='lat' dir='ltr'>ostia,</span> <span class='ocrx_word' id='word_1_82' title='bbox 406 1615 442 1682; x_wconf 90' lang='lat' dir='ltr'>et</span> <span class='ocrx_word' id='word_1_83' title='bbox 472 1609 629 1681; x_wconf 82' lang='lat' dir='ltr'>fenestre</span> <span class='ocrx_word' id='word_1_84' title='bbox 653 1605 858 1702; x_wconf 90' lang='lat' dir='ltr'>hujusmodi</span> <span class='ocrx_word' id='word_1_85' title='bbox 884 1629 1109 1680; x_wconf 85' lang='lat' dir='ltr'>camerarum</span> <span class='ocrx_word' id='word_1_86' title='bbox 1138 1608 1303 1682; x_wconf 87' lang='lat' dir='ltr'>similiter</span> <span class='ocrx_word' id='word_1_87' title='bbox 1325 1619 1406 1685; x_wconf 91' lang='lat' dir='ltr'>sunt</span> <span class='ocrx_word' id='word_1_88' title='bbox 1430 1636 1509 1685; x_wconf 92' lang='lat' dir='ltr'>mu-</span> 
     </span>
     <span class='ocr_line' id='line_1_11' title="bbox 170 1730 1510 1832; baseline 0.001 -23"><span class='ocrx_word' id='word_1_89' title='bbox 170 1742 264 1810; x_wconf 80' lang='lat' dir='ltr'>rale.</span> <span class='ocrx_word' id='word_1_90' title='bbox 295 1739 334 1808; x_wconf 93' lang='lat' dir='ltr'>ln</span> <span class='ocrx_word' id='word_1_91' title='bbox 363 1757 472 1832; x_wconf 89' lang='lat' dir='ltr'>parva</span> <span class='ocrx_word' id='word_1_92' title='bbox 499 1731 636 1830; x_wconf 88' lang='lat' dir='ltr'>capella</span> <span class='ocrx_word' id='word_1_93' title='bbox 659 1736 755 1804; x_wconf 88' lang='lat' dir='ltr'>retro</span> <span class='ocrx_word' id='word_1_94' title='bbox 779 1730 890 1805; x_wconf 88' lang='lat' dir='ltr'>altare</span> <span class='ocrx_word' id='word_1_95' title='bbox 914 1732 1029 1829; x_wconf 90' lang='lat' dir='ltr'>majus</span> <span class='ocrx_word' id='word_1_96' title='bbox 1051 1731 1087 1804; x_wconf 92' lang='lat' dir='ltr'>in</span> <span class='ocrx_word' id='word_1_97' title='bbox 1107 1757 1219 1806; x_wconf 92' lang='lat' dir='ltr'>cornu</span> <span class='ocrx_word' id='word_1_98' title='bbox 1243 1736 1431 1832; x_wconf 84' lang='lat' dir='ltr'>evangelii,</span> <span class='ocrx_word' id='word_1_99' title='bbox 1455 1743 1510 1811; x_wconf 89' lang='lat' dir='ltr'>est</span> 
     </span>
     <span class='ocr_line' id='line_1_12' title="bbox 169 1857 1507 1959; baseline 0.001 -25"><span class='ocrx_word' id='word_1_100' title='bbox 169 1885 282 1959; x_wconf 87' lang='lat' dir='ltr'>parva</span> <span class='ocrx_word' id='word_1_101' title='bbox 305 1859 469 1934; x_wconf 78' lang='lat' dir='ltr'>sacristia</span> <span class='ocrx_word' id='word_1_102' title='bbox 487 1858 625 1931; x_wconf 88' lang='lat' dir='ltr'>babens</span> <span class='ocrx_word' id='word_1_103' title='bbox 647 1880 791 1954; x_wconf 89' lang='lat' dir='ltr'>parvam</span> <span class='ocrx_word' id='word_1_104' title='bbox 816 1857 1025 1949; x_wconf 88' lang='lat' dir='ltr'>lenestmm,</span> <span class='ocrx_word' id='word_1_105' title='bbox 1050 1881 1119 1954; x_wconf 92' lang='lat' dir='ltr'>que</span> <span class='ocrx_word' id='word_1_106' title='bbox 1143 1859 1251 1932; x_wconf 90' lang='lat' dir='ltr'>etiam</span> <span class='ocrx_word' id='word_1_107' title='bbox 1271 1867 1410 1934; x_wconf 89' lang='lat' dir='ltr'>murata</span> <span class='ocrx_word' id='word_1_108' title='bbox 1429 1863 1507 1952; x_wconf 90' lang='lat' dir='ltr'>luit,</span> 
     </span>
     <span class='ocr_line' id='line_1_13' title="bbox 169 1983 1509 2083; baseline -0.001 -21"><span class='ocrx_word' id='word_1_109' title='bbox 169 1993 294 2062; x_wconf 89' lang='lat' dir='ltr'>tamen</span> <span class='ocrx_word' id='word_1_110' title='bbox 311 1987 387 2060; x_wconf 92' lang='lat' dir='ltr'>sine</span> <span class='ocrx_word' id='word_1_111' title='bbox 409 1985 559 2074; x_wconf 88' lang='lat' dir='ltr'>calcina,</span> <span class='ocrx_word' id='word_1_112' title='bbox 585 1991 622 2058; x_wconf 95' lang='lat' dir='ltr'>ut</span> <span class='ocrx_word' id='word_1_113' title='bbox 645 1989 766 2057; x_wconf 87' lang='lat' dir='ltr'>creato</span> <span class='ocrx_word' id='word_1_114' title='bbox 788 1983 959 2080; x_wconf 84' lang='lat' dir='ltr'>pontifice</span> <span class='ocrx_word' id='word_1_115' title='bbox 982 1989 1104 2081; x_wconf 92' lang='lat' dir='ltr'>posset</span> <span class='ocrx_word' id='word_1_116' title='bbox 1127 1984 1230 2057; x_wconf 88' lang='lat' dir='ltr'>citius</span> <span class='ocrx_word' id='word_1_117' title='bbox 1252 1986 1397 2083; x_wconf 89' lang='lat' dir='ltr'>aperiri,</span> <span class='ocrx_word' id='word_1_118' title='bbox 1422 2010 1509 2060; x_wconf 89' lang='lat' dir='ltr'>crux</span> 
     </span>
     <span class='ocr_line' id='line_1_14' title="bbox 168 2095 1509 2210; baseline 0 -24"><span class='ocrx_word' id='word_1_119' title='bbox 168 2113 307 2186; x_wconf 89' lang='lat' dir='ltr'>ibidem</span> <span class='ocrx_word' id='word_1_120' title='bbox 323 2111 468 2208; x_wconf 85' lang='lat' dir='ltr'>exponi,</span> <span class='ocrx_word' id='word_1_121' title='bbox 486 2116 521 2184; x_wconf 94' lang='lat' dir='ltr'>et</span> <span class='ocrx_word' id='word_1_122' title='bbox 537 2109 671 2183; x_wconf 85' lang='lat' dir='ltr'>creatio</span> <span class='ocrx_word' id='word_1_123' title='bbox 687 2095 768 2182; x_wconf 86' lang='lat' dir='ltr'>novi</span> <span class='ocrx_word' id='word_1_124' title='bbox 784 2108 964 2204; x_wconf 88' lang='lat' dir='ltr'>pontilicis</span> <span class='ocrx_word' id='word_1_125' title='bbox 986 2109 1117 2208; x_wconf 92' lang='lat' dir='ltr'>populo</span> <span class='ocrx_word' id='word_1_126' title='bbox 1138 2111 1313 2184; x_wconf 87' lang='lat' dir='ltr'>nunciari.</span> <span class='ocrx_word' id='word_1_127' title='bbox 1334 2115 1373 2186; x_wconf 94' lang='lat' dir='ltr'>ln</span> <span class='ocrx_word' id='word_1_128' title='bbox 1393 2114 1509 2210; x_wconf 88' lang='lat' dir='ltr'>prima</span> 
     </span>
     <span class='ocr_line' id='line_1_15' title="bbox 167 2235 1507 2334; baseline 0 -23"><span class='ocrx_word' id='word_1_129' title='bbox 167 2239 253 2311; x_wconf 92' lang='lat' dir='ltr'>aula</span> <span class='ocrx_word' id='word_1_130' title='bbox 274 2245 356 2311; x_wconf 90' lang='lat' dir='ltr'>ante</span> <span class='ocrx_word' id='word_1_131' title='bbox 379 2237 509 2310; x_wconf 90' lang='lat' dir='ltr'>ostium</span> <span class='ocrx_word' id='word_1_132' title='bbox 530 2261 595 2332; x_wconf 88' lang='lat' dir='ltr'>per</span> <span class='ocrx_word' id='word_1_133' title='bbox 615 2243 870 2325; x_wconf 86' lang='lat' dir='ltr'>transversum,</span> <span class='ocrx_word' id='word_1_134' title='bbox 893 2240 1014 2307; x_wconf 88' lang='lat' dir='ltr'>erecta</span> <span class='ocrx_word' id='word_1_135' title='bbox 1037 2235 1101 2308; x_wconf 88' lang='lat' dir='ltr'>suit</span> <span class='ocrx_word' id='word_1_136' title='bbox 1125 2259 1256 2334; x_wconf 85' lang='lat' dir='ltr'>magna</span> <span class='ocrx_word' id='word_1_137' title='bbox 1279 2243 1315 2310; x_wconf 90' lang='lat' dir='ltr'>et</span> <span class='ocrx_word' id='word_1_138' title='bbox 1338 2238 1408 2311; x_wconf 90' lang='lat' dir='ltr'>alta</span> <span class='ocrx_word' id='word_1_139' title='bbox 1430 2263 1507 2312; x_wconf 90' lang='lat' dir='ltr'>cre-</span> 
     </span>
     <span class='ocr_line' id='line_1_16' title="bbox 169 2359 1505 2462; baseline 0.001 -26"><span class='ocrx_word' id='word_1_140' title='bbox 169 2363 295 2436; x_wconf 89' lang='lat' dir='ltr'>dentia</span> <span class='ocrx_word' id='word_1_141' title='bbox 311 2387 354 2435; x_wconf 88' lang='lat' dir='ltr'>ex</span> <span class='ocrx_word' id='word_1_142' title='bbox 369 2362 470 2434; x_wconf 90' lang='lat' dir='ltr'>novis</span> <span class='ocrx_word' id='word_1_143' title='bbox 487 2361 614 2436; x_wconf 89' lang='lat' dir='ltr'>tabulis</span> <span class='ocrx_word' id='word_1_144' title='bbox 630 2361 850 2448; x_wconf 80' lang='lat' dir='ltr'>conclavata,</span> <span class='ocrx_word' id='word_1_145' title='bbox 868 2359 1062 2434; x_wconf 86' lang='lat' dir='ltr'>altitudinis</span> <span class='ocrx_word' id='word_1_146' title='bbox 1079 2385 1141 2433; x_wconf 93' lang='lat' dir='ltr'>sex</span> <span class='ocrx_word' id='word_1_147' title='bbox 1156 2362 1371 2458; x_wconf 90' lang='lat' dir='ltr'>palmorum,</span> <span class='ocrx_word' id='word_1_148' title='bbox 1388 2365 1505 2462; x_wconf 84' lang='lat' dir='ltr'>longi-</span> 
     </span>
     <span class='ocr_line' id='line_1_17' title="bbox 172 2484 1504 2586; baseline -0.001 -23"><span class='ocrx_word' id='word_1_149' title='bbox 172 2489 308 2563; x_wconf 89' lang='lat' dir='ltr'>tudinis</span> <span class='ocrx_word' id='word_1_150' title='bbox 330 2487 533 2585; x_wconf 92' lang='lat' dir='ltr'>quindecim</span> <span class='ocrx_word' id='word_1_151' title='bbox 564 2492 599 2560; x_wconf 94' lang='lat' dir='ltr'>et</span> <span class='ocrx_word' id='word_1_152' title='bbox 627 2484 822 2558; x_wconf 91' lang='lat' dir='ltr'>latitudinis</span> <span class='ocrx_word' id='word_1_153' title='bbox 849 2484 990 2576; x_wconf 90' lang='lat' dir='ltr'>decem,</span> <span class='ocrx_word' id='word_1_154' title='bbox 1018 2485 1073 2558; x_wconf 91' lang='lat' dir='ltr'>vel</span> <span class='ocrx_word' id='word_1_155' title='bbox 1099 2485 1208 2576; x_wconf 90' lang='lat' dir='ltr'>circa,</span> <span class='ocrx_word' id='word_1_156' title='bbox 1237 2490 1504 2586; x_wconf 89' lang='lat' dir='ltr'>proponendis</span> 
     </span>
     <span class='ocr_line' id='line_1_18' title="bbox 170 2607 1506 2705; baseline 0.004 -23"><span class='ocrx_word' id='word_1_157' title='bbox 170 2611 281 2682; x_wconf 86' lang='lat' dir='ltr'>rebus</span> <span class='ocrx_word' id='word_1_158' title='bbox 296 2611 341 2682; x_wconf 88' lang='lat' dir='ltr'>ab</span> <span class='ocrx_word' id='word_1_159' title='bbox 357 2615 458 2683; x_wconf 87' lang='lat' dir='ltr'>extra</span> <span class='ocrx_word' id='word_1_160' title='bbox 471 2610 505 2681; x_wconf 92' lang='lat' dir='ltr'>in</span> <span class='ocrx_word' id='word_1_161' title='bbox 520 2609 689 2682; x_wconf 90' lang='lat' dir='ltr'>conclave</span> <span class='ocrx_word' id='word_1_162' title='bbox 700 2609 805 2695; x_wconf 89' lang='lat' dir='ltr'>datis,</span> <span class='ocrx_word' id='word_1_163' title='bbox 820 2614 855 2681; x_wconf 93' lang='lat' dir='ltr'>et</span> <span class='ocrx_word' id='word_1_164' title='bbox 866 2607 994 2682; x_wconf 89' lang='lat' dir='ltr'>exinde</span> <span class='ocrx_word' id='word_1_165' title='bbox 1006 2609 1241 2705; x_wconf 88' lang='lat' dir='ltr'>exponendis.</span> <span class='ocrx_word' id='word_1_166' title='bbox 1259 2615 1342 2686; x_wconf 89' lang='lat' dir='ltr'>Post</span> <span class='ocrx_word' id='word_1_167' title='bbox 1358 2616 1506 2688; x_wconf 88' lang='lat' dir='ltr'>creden-</span> 
     </span>
     <span class='ocr_line' id='line_1_19' title="bbox 169 2731 1505 2835; baseline 0.004 -29"><span class='ocrx_word' id='word_1_168' title='bbox 169 2735 260 2807; x_wconf 89' lang='lat' dir='ltr'>tiam</span> <span class='ocrx_word' id='word_1_169' title='bbox 275 2732 479 2830; x_wconf 89' lang='lat' dir='ltr'>hujusmodi</span> <span class='ocrx_word' id='word_1_170' title='bbox 494 2757 617 2806; x_wconf 92' lang='lat' dir='ltr'>versus</span> <span class='ocrx_word' id='word_1_171' title='bbox 633 2733 788 2830; x_wconf 89' lang='lat' dir='ltr'>capellas</span> <span class='ocrx_word' id='word_1_172' title='bbox 804 2731 868 2806; x_wconf 88' lang='lat' dir='ltr'>luit</span> <span class='ocrx_word' id='word_1_173' title='bbox 884 2737 1052 2807; x_wconf 91' lang='lat' dir='ltr'>extensus</span> <span class='ocrx_word' id='word_1_174' title='bbox 1068 2735 1211 2832; x_wconf 90' lang='lat' dir='ltr'>quidam</span> <span class='ocrx_word' id='word_1_175' title='bbox 1223 2761 1361 2835; x_wconf 88' lang='lat' dir='ltr'>pennus</span> <span class='ocrx_word' id='word_1_176' title='bbox 1373 2763 1417 2812; x_wconf 92' lang='lat' dir='ltr'>ex</span> <span class='ocrx_word' id='word_1_177' title='bbox 1432 2763 1505 2812; x_wconf 86' lang='lat' dir='ltr'>ras-</span> 
     </span>
     <span class='ocr_line' id='line_1_20' title="bbox 167 2858 1503 2953; baseline 0.006 -23"><span class='ocrx_word' id='word_1_178' title='bbox 167 2859 227 2930; x_wconf 85' lang='lat' dir='ltr'>cie</span> <span class='ocrx_word' id='word_1_179' title='bbox 245 2858 281 2930; x_wconf 93' lang='lat' dir='ltr'>in</span> <span class='ocrx_word' id='word_1_180' title='bbox 297 2863 537 2930; x_wconf 88' lang='lat' dir='ltr'>transversum</span> <span class='ocrx_word' id='word_1_181' title='bbox 552 2859 597 2931; x_wconf 92' lang='lat' dir='ltr'>de</span> <span class='ocrx_word' id='word_1_182' title='bbox 613 2883 684 2933; x_wconf 91' lang='lat' dir='ltr'>uno</span> <span class='ocrx_word' id='word_1_183' title='bbox 701 2883 803 2934; x_wconf 93' lang='lat' dir='ltr'>muro</span> <span class='ocrx_word' id='word_1_184' title='bbox 819 2860 987 2934; x_wconf 84' lang='lat' dir='ltr'>adolium</span> <span class='ocrx_word' id='word_1_185' title='bbox 1004 2860 1099 2936; x_wconf 88' lang='lat' dir='ltr'>dicte</span> <span class='ocrx_word' id='word_1_186' title='bbox 1115 2861 1193 2936; x_wconf 88' lang='lat' dir='ltr'>aule</span> <span class='ocrx_word' id='word_1_187' title='bbox 1205 2863 1308 2953; x_wconf 88' lang='lat' dir='ltr'>altus,</span> <span class='ocrx_word' id='word_1_188' title='bbox 1323 2865 1367 2936; x_wconf 92' lang='lat' dir='ltr'>ab</span> <span class='ocrx_word' id='word_1_189' title='bbox 1380 2865 1451 2939; x_wconf 86' lang='lat' dir='ltr'>alto</span> <span class='ocrx_word' id='word_1_190' title='bbox 1467 2866 1503 2938; x_wconf 93' lang='lat' dir='ltr'>in</span> 
     </span>
     <span class='ocr_line' id='line_1_21' title="bbox 167 2984 1503 3084; baseline 0.006 -28"><span class='ocrx_word' id='word_1_191' title='bbox 167 2989 306 3056; x_wconf 89' lang='lat' dir='ltr'>terram</span> <span class='ocrx_word' id='word_1_192' title='bbox 321 3007 432 3079; x_wconf 92' lang='lat' dir='ltr'>usque</span> <span class='ocrx_word' id='word_1_193' title='bbox 454 2984 675 3082; x_wconf 89' lang='lat' dir='ltr'>dependens,</span> <span class='ocrx_word' id='word_1_194' title='bbox 698 2985 856 3060; x_wconf 91' lang='lat' dir='ltr'>serviens</span> <span class='ocrx_word' id='word_1_195' title='bbox 876 3011 922 3060; x_wconf 91' lang='lat' dir='ltr'>ne</span> <span class='ocrx_word' id='word_1_196' title='bbox 942 2987 1142 3061; x_wconf 89' lang='lat' dir='ltr'>cardinales</span> <span class='ocrx_word' id='word_1_197' title='bbox 1162 3012 1227 3084; x_wconf 92' lang='lat' dir='ltr'>per</span> <span class='ocrx_word' id='word_1_198' title='bbox 1246 2989 1363 3062; x_wconf 89' lang='lat' dir='ltr'>aulam</span> <span class='ocrx_word' id='word_1_199' title='bbox 1383 2991 1503 3064; x_wconf 88' lang='lat' dir='ltr'>deam-</span> 
     </span>
     <span class='ocr_line' id='line_1_22' title="bbox 164 3108 1503 3210; baseline 0.006 -30"><span class='ocrx_word' id='word_1_200' title='bbox 164 3108 332 3180; x_wconf 87' lang='lat' dir='ltr'>bulantes</span> <span class='ocrx_word' id='word_1_201' title='bbox 352 3132 372 3180; x_wconf 92' lang='lat' dir='ltr'>a</span> <span class='ocrx_word' id='word_1_202' title='bbox 393 3111 599 3182; x_wconf 89' lang='lat' dir='ltr'>custodibus</span> <span class='ocrx_word' id='word_1_203' title='bbox 619 3111 751 3186; x_wconf 90' lang='lat' dir='ltr'>exteris</span> <span class='ocrx_word' id='word_1_204' title='bbox 773 3112 970 3185; x_wconf 88' lang='lat' dir='ltr'>videantur.</span> <span class='ocrx_word' id='word_1_205' title='bbox 995 3115 1035 3184; x_wconf 94' lang='lat' dir='ltr'>ln</span> <span class='ocrx_word' id='word_1_206' title='bbox 1057 3113 1194 3210; x_wconf 89' lang='lat' dir='ltr'>capella</span> <span class='ocrx_word' id='word_1_207' title='bbox 1216 3115 1343 3210; x_wconf 91' lang='lat' dir='ltr'>majori</span> <span class='ocrx_word' id='word_1_208' title='bbox 1365 3115 1410 3188; x_wconf 91' lang='lat' dir='ltr'>ab</span> <span class='ocrx_word' id='word_1_209' title='bbox 1432 3139 1503 3188; x_wconf 90' lang='lat' dir='ltr'>una</span> 
     </span>
     <span class='ocr_line' id='line_1_23' title="bbox 162 3236 1501 3334; baseline 0.001 -26"><span class='ocrx_word' id='word_1_210' title='bbox 162 3241 270 3332; x_wconf 86' lang='lat' dir='ltr'>parte</span> <span class='ocrx_word' id='word_1_211' title='bbox 286 3239 407 3308; x_wconf 87' lang='lat' dir='ltr'>erecte</span> <span class='ocrx_word' id='word_1_212' title='bbox 425 3242 506 3308; x_wconf 91' lang='lat' dir='ltr'>sunt</span> <span class='ocrx_word' id='word_1_213' title='bbox 521 3236 648 3310; x_wconf 92' lang='lat' dir='ltr'>cellule</span> <span class='ocrx_word' id='word_1_214' title='bbox 661 3261 730 3308; x_wconf 86' lang='lat' dir='ltr'>xur</span> <span class='ocrx_word' id='word_1_215' title='bbox 746 3261 865 3334; x_wconf 89' lang='lat' dir='ltr'>pares,</span> <span class='ocrx_word' id='word_1_216' title='bbox 887 3263 908 3311; x_wconf 88' lang='lat' dir='ltr'>a</span> <span class='ocrx_word' id='word_1_217' title='bbox 927 3261 1029 3309; x_wconf 91' lang='lat' dir='ltr'>muro</span> <span class='ocrx_word' id='word_1_218' title='bbox 1051 3237 1172 3310; x_wconf 87' lang='lat' dir='ltr'>altaris</span> <span class='ocrx_word' id='word_1_219' title='bbox 1193 3239 1237 3310; x_wconf 88' lang='lat' dir='ltr'>ad</span> <span class='ocrx_word' id='word_1_220' title='bbox 1257 3261 1399 3312; x_wconf 90' lang='lat' dir='ltr'>murum</span> <span class='ocrx_word' id='word_1_221' title='bbox 1419 3240 1501 3314; x_wconf 93' lang='lat' dir='ltr'>ostii</span> 
     </span>
     <span class='ocr_line' id='line_1_24' title="bbox 164 3359 1497 3461; baseline 0.004 -28"><span class='ocrx_word' id='word_1_222' title='bbox 164 3365 282 3434; x_wconf 89' lang='lat' dir='ltr'>totum</span> <span class='ocrx_word' id='word_1_223' title='bbox 299 3359 661 3458; x_wconf 85' lang='lat' dir='ltr'>comprehendentes,</span> <span class='ocrx_word' id='word_1_224' title='bbox 681 3360 830 3434; x_wconf 92' lang='lat' dir='ltr'>totidem</span> <span class='ocrx_word' id='word_1_225' title='bbox 846 3361 890 3434; x_wconf 92' lang='lat' dir='ltr'>ab</span> <span class='ocrx_word' id='word_1_226' title='bbox 905 3361 974 3434; x_wconf 90' lang='lat' dir='ltr'>alia</span> <span class='ocrx_word' id='word_1_227' title='bbox 989 3369 1103 3461; x_wconf 88' lang='lat' dir='ltr'>parte,</span> <span class='ocrx_word' id='word_1_228' title='bbox 1127 3388 1170 3436; x_wconf 88' lang='lat' dir='ltr'>ex</span> <span class='ocrx_word' id='word_1_229' title='bbox 1186 3364 1318 3460; x_wconf 87' lang='lat' dir='ltr'>regulis</span> <span class='ocrx_word' id='word_1_230' title='bbox 1334 3365 1497 3456; x_wconf 87' lang='lat' dir='ltr'>sortibus,</span> 
     </span>
     <span class='ocr_line' id='line_1_25' title="bbox 164 3486 1501 3584; baseline 0.006 -28"><span class='ocrx_word' id='word_1_231' title='bbox 164 3486 241 3558; x_wconf 91' lang='lat' dir='ltr'>sive</span> <span class='ocrx_word' id='word_1_232' title='bbox 266 3486 459 3560; x_wconf 88' lang='lat' dir='ltr'>trabicellis</span> <span class='ocrx_word' id='word_1_233' title='bbox 483 3486 599 3583; x_wconf 90' lang='lat' dir='ltr'>parvis</span> <span class='ocrx_word' id='word_1_234' title='bbox 630 3488 842 3584; x_wconf 87' lang='lat' dir='ltr'>composite.</span> <span class='ocrx_word' id='word_1_235' title='bbox 871 3491 968 3560; x_wconf 90' lang='lat' dir='ltr'>lnter</span> <span class='ocrx_word' id='word_1_236' title='bbox 992 3488 1156 3560; x_wconf 81' lang='lat' dir='ltr'>cedulam</span> <span class='ocrx_word' id='word_1_237' title='bbox 1179 3493 1214 3560; x_wconf 92' lang='lat' dir='ltr'>et</span> <span class='ocrx_word' id='word_1_238' title='bbox 1235 3487 1399 3562; x_wconf 86' lang='lat' dir='ltr'>cellulam</span> <span class='ocrx_word' id='word_1_239' title='bbox 1424 3497 1501 3564; x_wconf 88' lang='lat' dir='ltr'>erat</span> 
     </span>
     <span class='ocr_line' id='line_1_26' title="bbox 164 3611 1500 3707; baseline 0.003 -25"><span class='ocrx_word' id='word_1_240' title='bbox 164 3611 307 3707; x_wconf 88' lang='lat' dir='ltr'>palmus</span> <span class='ocrx_word' id='word_1_241' title='bbox 322 3617 357 3685; x_wconf 91' lang='lat' dir='ltr'>et</span> <span class='ocrx_word' id='word_1_242' title='bbox 373 3612 482 3686; x_wconf 93' lang='lat' dir='ltr'>semis</span> <span class='ocrx_word' id='word_1_243' title='bbox 497 3613 552 3686; x_wconf 89' lang='lat' dir='ltr'>vel</span> <span class='ocrx_word' id='word_1_244' title='bbox 567 3613 698 3702; x_wconf 80' lang='lat' dir='ltr'>minue,</span> <span class='ocrx_word' id='word_1_245' title='bbox 717 3619 752 3686; x_wconf 91' lang='lat' dir='ltr'>et</span> <span class='ocrx_word' id='word_1_246' title='bbox 769 3612 804 3686; x_wconf 94' lang='lat' dir='ltr'>in</span> <span class='ocrx_word' id='word_1_247' title='bbox 826 3613 944 3686; x_wconf 91' lang='lat' dir='ltr'>medio</span> <span class='ocrx_word' id='word_1_248' title='bbox 963 3613 1285 3686; x_wconf 89' lang='lat' dir='ltr'>deambulatorium</span> <span class='ocrx_word' id='word_1_249' title='bbox 1304 3614 1500 3688; x_wconf 89' lang='lat' dir='ltr'>latitudinis</span> 
     </span>
     <span class='ocr_line' id='line_1_27' title="bbox 164 3737 1498 3835; baseline 0.001 -23"><span class='ocrx_word' id='word_1_250' title='bbox 164 3740 317 3813; x_wconf 88' lang='lat' dir='ltr'>duamm</span> <span class='ocrx_word' id='word_1_251' title='bbox 343 3762 556 3830; x_wconf 85' lang='lat' dir='ltr'>cannarum,</span> <span class='ocrx_word' id='word_1_252' title='bbox 591 3738 646 3812; x_wconf 91' lang='lat' dir='ltr'>vel</span> <span class='ocrx_word' id='word_1_253' title='bbox 671 3738 780 3812; x_wconf 91' lang='lat' dir='ltr'>circa.</span> <span class='ocrx_word' id='word_1_254' title='bbox 807 3740 862 3813; x_wconf 82' lang='lat' dir='ltr'>Ab</span> <span class='ocrx_word' id='word_1_255' title='bbox 886 3738 978 3812; x_wconf 91' lang='lat' dir='ltr'>ostio</span> <span class='ocrx_word' id='word_1_256' title='bbox 1008 3737 1145 3835; x_wconf 89' lang='lat' dir='ltr'>capelle</span> <span class='ocrx_word' id='word_1_257' title='bbox 1176 3763 1287 3834; x_wconf 91' lang='lat' dir='ltr'>usque</span> <span class='ocrx_word' id='word_1_258' title='bbox 1319 3740 1364 3812; x_wconf 88' lang='lat' dir='ltr'>ad</span> <span class='ocrx_word' id='word_1_259' title='bbox 1387 3739 1498 3813; x_wconf 88' lang='lat' dir='ltr'>altare</span> 
     </span>
     <span class='ocr_line' id='line_1_28' title="bbox 164 3865 1497 3964; baseline 0 -26"><span class='ocrx_word' id='word_1_260' title='bbox 164 3866 282 3962; x_wconf 86' lang='lat' dir='ltr'>majus</span> <span class='ocrx_word' id='word_1_261' title='bbox 314 3872 417 3964; x_wconf 93' lang='lat' dir='ltr'>porte</span> <span class='ocrx_word' id='word_1_262' title='bbox 446 3865 595 3939; x_wconf 89' lang='lat' dir='ltr'>cancelli</span> <span class='ocrx_word' id='word_1_263' title='bbox 622 3865 825 3938; x_wconf 92' lang='lat' dir='ltr'>intermedii</span> <span class='ocrx_word' id='word_1_264' title='bbox 855 3870 974 3940; x_wconf 90' lang='lat' dir='ltr'>amote</span> <span class='ocrx_word' id='word_1_265' title='bbox 1002 3865 1156 3953; x_wconf 90' lang='lat' dir='ltr'>luerunt,</span> <span class='ocrx_word' id='word_1_266' title='bbox 1184 3870 1219 3938; x_wconf 93' lang='lat' dir='ltr'>et</span> <span class='ocrx_word' id='word_1_267' title='bbox 1242 3865 1365 3937; x_wconf 89' lang='lat' dir='ltr'>subtus</span> <span class='ocrx_word' id='word_1_268' title='bbox 1387 3865 1497 3938; x_wconf 88' lang='lat' dir='ltr'>altare</span> 
     </span>
     <span class='ocr_line' id='line_1_29' title="bbox 163 3990 1498 4090; baseline 0.001 -27"><span class='ocrx_word' id='word_1_269' title='bbox 163 3992 284 4088; x_wconf 86' lang='lat' dir='ltr'>majus</span> <span class='ocrx_word' id='word_1_270' title='bbox 313 3991 474 4088; x_wconf 90' lang='lat' dir='ltr'>ejusdem</span> <span class='ocrx_word' id='word_1_271' title='bbox 504 3991 640 4088; x_wconf 87' lang='lat' dir='ltr'>capelle</span> <span class='ocrx_word' id='word_1_272' title='bbox 671 3991 840 4090; x_wconf 90' lang='lat' dir='ltr'>reposite.</span> <span class='ocrx_word' id='word_1_273' title='bbox 868 3994 908 4064; x_wconf 94' lang='lat' dir='ltr'>ln</span> <span class='ocrx_word' id='word_1_274' title='bbox 937 3990 1095 4088; x_wconf 89' lang='lat' dir='ltr'>qualibet</span> <span class='ocrx_word' id='word_1_275' title='bbox 1119 4013 1264 4062; x_wconf 89' lang='lat' dir='ltr'>camera</span> <span class='ocrx_word' id='word_1_276' title='bbox 1289 3997 1411 4064; x_wconf 90' lang='lat' dir='ltr'>erecta</span> <span class='ocrx_word' id='word_1_277' title='bbox 1434 3991 1498 4064; x_wconf 86' lang='lat' dir='ltr'>luit</span> 
     </span>
     <span class='ocr_line' id='line_1_30' title="bbox 163 4114 1498 4214; baseline 0.001 -26"><span class='ocrx_word' id='word_1_278' title='bbox 163 4137 237 4188; x_wconf 90' lang='lat' dir='ltr'>una</span> <span class='ocrx_word' id='word_1_279' title='bbox 255 4115 385 4188; x_wconf 89' lang='lat' dir='ltr'>lectica</span> <span class='ocrx_word' id='word_1_280' title='bbox 405 4140 448 4188; x_wconf 92' lang='lat' dir='ltr'>ex</span> <span class='ocrx_word' id='word_1_281' title='bbox 469 4116 597 4189; x_wconf 92' lang='lat' dir='ltr'>tabulis</span> <span class='ocrx_word' id='word_1_282' title='bbox 616 4117 716 4190; x_wconf 92' lang='lat' dir='ltr'>novis</span> <span class='ocrx_word' id='word_1_283' title='bbox 737 4117 956 4206; x_wconf 88' lang='lat' dir='ltr'>conclavata,</span> <span class='ocrx_word' id='word_1_284' title='bbox 979 4114 1173 4188; x_wconf 87' lang='lat' dir='ltr'>altitudinis</span> <span class='ocrx_word' id='word_1_285' title='bbox 1193 4121 1345 4212; x_wconf 89' lang='lat' dir='ltr'>quatuor</span> <span class='ocrx_word' id='word_1_286' title='bbox 1363 4116 1498 4214; x_wconf 91' lang='lat' dir='ltr'>palmo·</span> 
     </span>
     <span class='ocr_line' id='line_1_31' title="bbox 161 4239 1496 4340; baseline 0 -27"><span class='ocrx_word' id='word_1_287' title='bbox 161 4263 259 4328; x_wconf 89' lang='lat' dir='ltr'>rum,</span> <span class='ocrx_word' id='word_1_288' title='bbox 276 4239 471 4313; x_wconf 90' lang='lat' dir='ltr'>latitudinis</span> <span class='ocrx_word' id='word_1_289' title='bbox 488 4247 640 4338; x_wconf 90' lang='lat' dir='ltr'>septem,</span> <span class='ocrx_word' id='word_1_290' title='bbox 665 4249 700 4316; x_wconf 92' lang='lat' dir='ltr'>et</span> <span class='ocrx_word' id='word_1_291' title='bbox 719 4241 952 4340; x_wconf 80' lang='lat' dir='ltr'>longitudinis</span> <span class='ocrx_word' id='word_1_292' title='bbox 972 4239 1154 4329; x_wconf 87' lang='lat' dir='ltr'>undecim,</span> <span class='ocrx_word' id='word_1_293' title='bbox 1176 4239 1229 4313; x_wconf 92' lang='lat' dir='ltr'>vel</span> <span class='ocrx_word' id='word_1_294' title='bbox 1245 4240 1355 4331; x_wconf 89' lang='lat' dir='ltr'>circa,</span> <span class='ocrx_word' id='word_1_295' title='bbox 1376 4247 1412 4316; x_wconf 90' lang='lat' dir='ltr'>et</span> <span class='ocrx_word' id='word_1_296' title='bbox 1426 4265 1496 4314; x_wconf 89' lang='lat' dir='ltr'>una</span> 
     </span>
     <span class='ocr_line' id='line_1_32' title="bbox 159 4363 1495 4463; baseline -0.004 -21"><span class='ocrx_word' id='word_1_297' title='bbox 159 4367 317 4442; x_wconf 81' lang='lat' dir='ltr'>bancho.</span> <span class='ocrx_word' id='word_1_298' title='bbox 342 4367 494 4440; x_wconf 84' lang='lat' dir='ltr'>Cellulas</span> <span class='ocrx_word' id='word_1_299' title='bbox 514 4366 733 4463; x_wconf 88' lang='lat' dir='ltr'>hujusmodi,</span> <span class='ocrx_word' id='word_1_300' title='bbox 757 4365 829 4440; x_wconf 93' lang='lat' dir='ltr'>sive</span> <span class='ocrx_word' id='word_1_301' title='bbox 851 4389 1013 4438; x_wconf 87' lang='lat' dir='ltr'>cameras</span> <span class='ocrx_word' id='word_1_302' title='bbox 1033 4363 1309 4463; x_wconf 88' lang='lat' dir='ltr'>quamprimum,</span> <span class='ocrx_word' id='word_1_303' title='bbox 1332 4371 1370 4438; x_wconf 94' lang='lat' dir='ltr'>ut</span> <span class='ocrx_word' id='word_1_304' title='bbox 1390 4388 1495 4461; x_wconf 88' lang='lat' dir='ltr'>supra</span> 
     </span>
     <span class='ocr_line' id='line_1_33' title="bbox 159 4487 1494 4586; baseline -0.001 -22"><span class='ocrx_word' id='word_1_305' title='bbox 159 4492 298 4564; x_wconf 88' lang='lat' dir='ltr'>dictum</span> <span class='ocrx_word' id='word_1_306' title='bbox 315 4498 383 4580; x_wconf 89' lang='lat' dir='ltr'>est,</span> <span class='ocrx_word' id='word_1_307' title='bbox 406 4491 646 4565; x_wconf 86' lang='lat' dir='ltr'>cardinalibus</span> <span class='ocrx_word' id='word_1_308' title='bbox 661 4490 880 4580; x_wconf 89' lang='lat' dir='ltr'>distributas,</span> <span class='ocrx_word' id='word_1_309' title='bbox 899 4489 1089 4563; x_wconf 85' lang='lat' dir='ltr'>servitores</span> <span class='ocrx_word' id='word_1_310' title='bbox 1106 4489 1327 4586; x_wconf 86' lang='lat' dir='ltr'>singulomm</span> <span class='ocrx_word' id='word_1_311' title='bbox 1338 4487 1494 4584; x_wconf 85' lang='lat' dir='ltr'>singulas</span> 
     </span>
     <span class='ocr_line' id='line_1_34' title="bbox 158 4614 1576 4712; baseline -0.001 -22"><span class='ocrx_word' id='word_1_312' title='bbox 158 4623 379 4691; x_wconf 87' lang='lat' dir='ltr'>ornaverunt</span> <span class='ocrx_word' id='word_1_313' title='bbox 406 4619 451 4690; x_wconf 90' lang='lat' dir='ltr'>ab</span> <span class='ocrx_word' id='word_1_314' title='bbox 481 4623 581 4690; x_wconf 90' lang='lat' dir='ltr'>extra</span> <span class='ocrx_word' id='word_1_315' title='bbox 608 4615 744 4689; x_wconf 87' lang='lat' dir='ltr'>circum</span> <span class='ocrx_word' id='word_1_316' title='bbox 772 4615 881 4706; x_wconf 87' lang='lat' dir='ltr'>eirca,</span> <span class='ocrx_word' id='word_1_317' title='bbox 913 4621 948 4688; x_wconf 91' lang='lat' dir='ltr'>et</span> <span class='ocrx_word' id='word_1_318' title='bbox 978 4638 1097 4712; x_wconf 87' lang='lat' dir='ltr'>supra,</span> <span class='ocrx_word' id='word_1_319' title='bbox 1129 4638 1173 4688; x_wconf 92' lang='lat' dir='ltr'>ex</span> <span class='ocrx_word' id='word_1_320' title='bbox 1202 4614 1318 4710; x_wconf 81' lang='lat' dir='ltr'>segia,</span> <span class='ocrx_word' id='word_1_321' title='bbox 1348 4614 1493 4710; x_wconf 88' lang='lat' dir='ltr'>quidam</span> <span class='ocrx_word' id='word_1_322' title='bbox 1573 4654 1576 4661; x_wconf 90' lang='lat'>·</span> 
     </span>
     <span class='ocr_line' id='line_1_35' title="bbox 157 4737 1492 4838; baseline -0.001 -23"><span class='ocrx_word' id='word_1_323' title='bbox 157 4743 285 4831; x_wconf 88' lang='lat' dir='ltr'>rubea,</span> <span class='ocrx_word' id='word_1_324' title='bbox 303 4743 363 4816; x_wconf 92' lang='lat' dir='ltr'>alii</span> <span class='ocrx_word' id='word_1_325' title='bbox 378 4741 491 4834; x_wconf 91' lang='lat' dir='ltr'>viridi,</span> <span class='ocrx_word' id='word_1_326' title='bbox 510 4743 568 4816; x_wconf 90' lang='lat' dir='ltr'>alii</span> <span class='ocrx_word' id='word_1_327' title='bbox 585 4743 716 4832; x_wconf 78' lang='lat' dir='ltr'>acurio,</span> <span class='ocrx_word' id='word_1_328' title='bbox 732 4741 791 4816; x_wconf 89' lang='lat' dir='ltr'>alii</span> <span class='ocrx_word' id='word_1_329' title='bbox 806 4743 899 4832; x_wconf 88' lang='lat' dir='ltr'>alba,</span> <span class='ocrx_word' id='word_1_330' title='bbox 922 4741 980 4815; x_wconf 90' lang='lat' dir='ltr'>alii</span> <span class='ocrx_word' id='word_1_331' title='bbox 1001 4741 1124 4830; x_wconf 86' lang='lat' dir='ltr'>mixta,</span> <span class='ocrx_word' id='word_1_332' title='bbox 1147 4743 1183 4812; x_wconf 90' lang='lat' dir='ltr'>et</span> <span class='ocrx_word' id='word_1_333' title='bbox 1203 4737 1238 4810; x_wconf 93' lang='lat' dir='ltr'>in</span> <span class='ocrx_word' id='word_1_334' title='bbox 1259 4739 1325 4828; x_wconf 91' lang='lat' dir='ltr'>eis,</span> <span class='ocrx_word' id='word_1_335' title='bbox 1343 4763 1411 4835; x_wconf 90' lang='lat' dir='ltr'>que</span> <span class='ocrx_word' id='word_1_336' title='bbox 1427 4765 1492 4838; x_wconf 92' lang='lat' dir='ltr'>pro</span> 
     </span>
     <span class='ocr_line' id='line_1_36' title="bbox 156 4863 1493 4962; baseline -0.003 -22"><span class='ocrx_word' id='word_1_337' title='bbox 156 4891 224 4940; x_wconf 94' lang='lat' dir='ltr'>usu</span> <span class='ocrx_word' id='word_1_338' title='bbox 249 4871 466 4941; x_wconf 88' lang='lat' dir='ltr'>RRmorum.</span> <span class='ocrx_word' id='word_1_339' title='bbox 491 4871 565 4941; x_wconf 86' lang='lat' dir='ltr'>uu.</span> <span class='ocrx_word' id='word_1_340' title='bbox 588 4868 821 4941; x_wconf 88' lang='lat' dir='ltr'>cardinalium</span> <span class='ocrx_word' id='word_1_341' title='bbox 846 4891 991 4940; x_wconf 92' lang='lat' dir='ltr'>suorum</span> <span class='ocrx_word' id='word_1_342' title='bbox 1013 4863 1218 4940; x_wconf 90' lang='lat' dir='ltr'>necessaria</span> <span class='ocrx_word' id='word_1_343' title='bbox 1238 4871 1273 4938; x_wconf 91' lang='lat' dir='ltr'>et</span> <span class='ocrx_word' id='word_1_344' title='bbox 1293 4871 1493 4962; x_wconf 90' lang='lat' dir='ltr'>opportuna</span> 
     </span>
     <span class='ocr_line' id='line_1_37' title="bbox 85 4992 1490 5095; baseline -0.001 -29"><span class='ocrx_word' id='word_1_345' title='bbox 85 5077 91 5095; x_wconf 47' lang='lat'>‚</span> <span class='ocrx_word' id='word_1_346' title='bbox 155 5000 260 5066; x_wconf 87' lang='lat' dir='ltr'>erant</span> <span class='ocrx_word' id='word_1_347' title='bbox 280 4993 389 5090; x_wconf 75' lang='lat' dir='ltr'>(juxta</span> <span class='ocrx_word' id='word_1_348' title='bbox 416 5000 579 5067; x_wconf 90' lang='lat' dir='ltr'>tenorem</span> <span class='ocrx_word' id='word_1_349' title='bbox 608 4993 777 5066; x_wconf 88' lang='lat' dir='ltr'>schedule</span> <span class='ocrx_word' id='word_1_350' title='bbox 806 4993 994 5090; x_wconf 84' lang='lat' dir='ltr'>registrate</span> <span class='ocrx_word' id='word_1_351' title='bbox 1017 4993 1053 5066; x_wconf 91' lang='lat' dir='ltr'>in</span> <span class='ocrx_word' id='word_1_352' title='bbox 1072 4992 1189 5092; x_wconf 92' lang='lat' dir='ltr'>primo</span> <span class='ocrx_word' id='word_1_353' title='bbox 1208 4993 1300 5067; x_wconf 94' lang='lat' dir='ltr'>libro</span> <span class='ocrx_word' id='word_1_354' title='bbox 1326 5015 1490 5066; x_wconf 92' lang='lat' dir='ltr'>ceremo-</span> 
     </span>
     <span class='ocr_line' id='line_1_38' title="bbox 153 5117 1487 5218; baseline 0.001 -26"><span class='ocrx_word' id='word_1_355' title='bbox 153 5117 296 5192; x_wconf 88' lang='lat' dir='ltr'>niamm</span> <span class='ocrx_word' id='word_1_356' title='bbox 312 5139 421 5193; x_wconf 89' lang='lat' dir='ltr'>manu</span> <span class='ocrx_word' id='word_1_357' title='bbox 442 5142 524 5194; x_wconf 89' lang='lat' dir='ltr'>mea</span> <span class='ocrx_word' id='word_1_358' title='bbox 544 5119 678 5217; x_wconf 89' lang='lat' dir='ltr'>scripto</span> <span class='ocrx_word' id='word_1_359' title='bbox 698 5119 759 5192; x_wconf 91' lang='lat' dir='ltr'>lol.</span> <span class='ocrx_word' id='word_1_360' title='bbox 778 5143 863 5209; x_wconf 77' lang='lat' dir='ltr'>cxv,</span> <span class='ocrx_word' id='word_1_361' title='bbox 881 5143 988 5216; x_wconf 89' lang='lat' dir='ltr'>quam</span> <span class='ocrx_word' id='word_1_362' title='bbox 1007 5119 1167 5218; x_wconf 91' lang='lat' dir='ltr'>pluribus</span> <span class='ocrx_word' id='word_1_363' title='bbox 1188 5144 1231 5194; x_wconf 89' lang='lat' dir='ltr'>ex</span> <span class='ocrx_word' id='word_1_364' title='bbox 1253 5119 1395 5192; x_wconf 86' lang='lat' dir='ltr'>RRmis.</span> <span class='ocrx_word' id='word_1_365' title='bbox 1415 5123 1487 5194; x_wconf 85' lang='lat' dir='ltr'>nn.</span> 
     </span>
    </p>
   </div>
   <div class='ocr_carea' id='block_1_3' title="bbox 0 0 1804 6094">
    <p class='ocr_par' dir='ltr' id='par_1_4' title="bbox 0 0 1804 6094">
     <span class='ocr_line' id='line_1_39' title="bbox 0 0 1804 6094; baseline 0 5"><span class='ocrx_word' id='word_1_366' title='bbox 0 0 1804 6094; x_wconf 95' lang='lat' dir='ltr'> </span> 
     </span>
    </p>
   </div>
  </div>
 </body>
</html>
