3508 6034
92 429 216 490 {Ferrier
230 427 300 490 1192]
430 422 558 480 RERUM
581 419 810 480 URBANARUM
836 419 1099 488 COMMENTARII.
1383 426 1437 482 uta

90 606 187 673 rem,
205 584 268 655 ubi
282 581 467 656 benedixit
483 577 652 652 candelas
667 601 688 650 a
701 576 834 674 populo
849 575 934 650 hinc
954 575 1038 650 inde
1060 583 1199 666 teutas;
1226 585 1302 652 tum
1314 579 1433 654 distri-

88 708 170 782 buit
199 731 304 781 more
326 706 444 780 solito.
467 703 642 778 Candelas
670 725 820 798 magnas
847 702 1054 776 sanctitatis
1081 726 1145 776 sue
1168 710 1363 778 tenuerunt
1386 709 1430 778 D.

88 833 309 906 Franciscus
338 831 425 904 Cibo
453 829 549 902 iilius
584 853 669 902 suus
699 852 720 901 a
748 827 884 902 dextris
913 833 949 902 et
976 827 1182 924 Alphonaus
1211 829 1256 904 de
1286 833 1434 906 Garreto

88 960 258 1034 marchio
287 958 434 1048 Finalis,
465 957 526 1054 qui
556 953 666 1028 filiam
687 950 833 1058 domine
858 949 1086 1025 Theodorine
1108 949 1181 1026 filie
1205 956 1300 1048 Pape
1323 951 1433 1028 habet

86 1088 124 1159 in
156 1109 311 1160 uxorem
340 1110 362 1158 a
388 1083 542 1157 sinistris
573 1081 632 1181 (lt.
650 1083 790 1175 Aquam
816 1084 899 1174 post
921 1073 1212 1150 distributionem
1238 1076 1337 1152 dedit
1360 1077 1431 1151 dux

87 1215 197 1302 Sere,
217 1215 314 1308 Papa
328 1207 645 1308 processionaliter
667 1195 842 1300 capellam
861 1223 1031 1299 maguam
1054 1211 1231 1291 exeunte;
1255 1204 1293 1277 iu
1307 1203 1430 1278 medio

86 1336 171 1408 aule
207 1359 340 1432 magne
374 1331 736 1431 genuilexiluerunt
769 1326 897 1399 decem
931 1327 1027 1400 cives
1056 1327 1245 1419 Asculani,
1276 1352 1430 1426 quorum

87 1459 240 1556 quidam
267 1459 402 1533 milites
431 1465 467 1532 et
496 1457 678 1544 doctores,
710 1475 837 1526 omnes
865 1452 966 1542 nudi,
998 1453 1149 1530 detectis
1179 1454 1370 1552 capitibus,
1393 1465 1430 1532 et

87 1585 308 1675 discalciati,
335 1584 380 1658 de
403 1583 559 1656 camisiis
589 1587 729 1655 tantum
748 1584 830 1675 post
850 1578 1062 1651 umbilicum
1091 1579 1227 1654 cinctas
1253 1580 1430 1656 habentes

88 1717 126 1783 et
148 1709 301 1782 baculos
322 1708 396 1781 sive
419 1707 536 1802 virgas
561 1704 719 1801 singulas
740 1703 871 1800 singuli
891 1704 927 1776 in
947 1703 1115 1778 manibus
1139 1727 1181 1780 ac
1201 1705 1365 1802 cingulos
1385 1707 1431 1782 ad

86 1835 206 1923 eolla;
231 1834 292 1930 qui
315 1841 429 1908 estate
451 1833 625 1929 preterita
647 1836 773 1904 contra
792 1831 855 1904 SS.
891 1834 934 1904 D.
959 1832 1001 1902 N.
1027 1829 1260 1923 rebellarunt,
1286 1832 1427 1905 veniam

85 1957 308 2030 delictorum
337 1978 484 2029 suorum
507 1962 543 2030 et
571 1977 747 2054 penarum
777 1961 813 2028 et
841 1977 1074 2028 censurarum
1103 1955 1140 2028 in
1169 1962 1321 2053 utroque
1350 1956 1428 2030 loro
1503 2017 1507 2026 .

85 2107 205 2179 usque
221 2083 259 2154 in
274 2081 375 2154 illum
392 2080 502 2170 diem,
524 2103 596 2154 uuo
613 2103 738 2154 eorum
758 2101 824 2176 pro
844 2079 1011 2152 omnibus
1030 2079 1215 2175 loquente,
1238 2087 1424 2178 petentes3

85 2231 158 2304 quo
183 2208 293 2296 lacto,
317 2205 579 2303 penitentiariis
606 2204 805 2279 minoribus
831 2204 981 2278 basilice
1010 2205 1124 2278 sancti
1151 2205 1246 2280 Petri
1274 2206 1427 2282 circum-

86 2333 285 2421 stantibus,
304 2353 430 2406 eorum
446 2330 604 2404 decanus
620 2331 723 2428 petiit
738 2354 759 2402 a
775 2335 817 2404 1).
835 2333 864 2404 N
871 2387 894 2419 .,
912 2353 958 2403 au
973 2330 1151 2404 Sanctitas
1167 2353 1233 2404 sua
1245 2330 1425 2418 velleteos

86 2456 292 2543 absolvere,
314 2462 375 2528 aut
390 2477 516 2529 eorum
537 2454 802 2529 absolutionem
822 2453 1071 2543 committere;
1093 2455 1151 2526 cui
1167 2455 1345 2530 Sanctitas
1359 2480 1425 2530 sua

87 2581 358 2654 absolutionem
373 2578 580 2678 hujusmodi
597 2578 792 2666 commisit,
809 2584 845 2652 et
857 2579 1132 2675 propenitentia
1146 2578 1199 2652 eis
1211 2579 1423 2655 triduarium

84 2706 285 2806 jejunium,
303 2729 376 2780 nou
391 2706 429 2778 in
444 2728 536 2802 pane
553 2710 589 2778 et
604 2727 709 2800 aqua,
723 2703 787 2777 sad
800 2726 992 2778 commuue
1007 2704 1115 2778 trium
1131 2705 1424 2780 continuatorum

89 2831 239 2905 dierum
255 2831 436 2929 jejunium
451 2854 516 2927 per
534 2830 650 2904 dictos
670 2827 812 2919 decem,
835 2835 871 2902 et
891 2828 1027 2902 dictum
1049 2830 1222 2926 populum
1237 2831 1423 2928 utriusque

90 2979 202 3027 sexus
218 2954 371 3028 civitatis
381 2953 559 3026 Asculano
571 2953 832 3026 observandum
847 2953 1064 3050 injungeret,
1082 2960 1188 3051 prout
1203 2953 1337 3028 lactum
1353 2964 1421 3046 est,

88 3078 214 3174 quoad
247 3077 511 3152 absolutionem
534 3083 570 3150 et
589 3077 743 3175 primam
772 3077 1010 3166 mentionem,
1028 3077 1269 3150 cardinalibus
1290 3085 1325 3152 et
1340 3055 1423 3152 'aliis

89 3203 263 3276 omnibus
278 3201 412 3277 ibidem
425 3201 668 3299 presentibus.
682 3205 772 3275 Tum
785 3201 947 3300 pontifex
961 3203 1058 3276 venit
1068 3201 1114 3274 ed
1125 3202 1247 3276 locum
1261 3203 1421 3293 solitum,

89 3329 227 3427 populo
256 3329 425 3401 candelas
453 3329 672 3426 projiciens3
698 3328 803 3403 rediit
832 3328 963 3401 deinde
986 3327 1202 3401 admissam
1227 3327 1422 3402 addictam

93 3454 273 3551 capellam
294 3455 471 3550 majorem
499 3477 607 3550 quam
628 3453 822 3528 celebravit
837 3457 963 3526 Rmus.
987 3452 1179 3526 cardinalis
1199 3453 1420 3546 Parmensis,

89 3581 147 3652 cui
171 3584 271 3677 Papa
291 3603 401 3653 unam
422 3587 563 3654 tantum
587 3579 776 3652 caudelam
800 3578 920 3668 dedit;
945 3579 1015 3652 alia
1036 3578 1158 3652 omnia
1179 3585 1319 3654 servata
1340 3589 1422 3656 sunt

90 3725 194 3776 more
223 3703 341 3778 solito.
370 3707 573 3800 Antequam
596 3710 639 3778 D.
669 3711 794 3778 noster
816 3727 997 3778 cameram
1019 3705 1197 3802 papngalli
1220 3707 1347 3798 exiret,
1375 3712 1419 3782 o.

91 3830 278 3904 Bernardo
303 3829 565 3926 Brandeburgh
584 3830 722 3904 decano
742 3831 952 3926 Moguutino
973 3839 1009 3905 et
1029 3831 1192 3904 iohanne
1219 3831 1421 3906 Hasborum

89 3955 277 4052 preposito
306 3954 460 4028 ecclesie
490 3955 605 4028 sancti
634 3953 777 4029 Andree
812 3954 1035 4044 Coloniensi,
1066 3957 1420 4054 archiepiscoporum

90 4079 296 4154 oratoribus
316 4103 424 4176 super
447 4081 680 4178 procedentia
703 4079 1018 4172 contendentibus
1045 4083 1223 4156 Sanctitas
1244 4106 1309 4155 sua
1325 4107 1423 4158 com·

90 4205 190 4278 misit
206 4205 295 4278 mibi
310 4211 349 4280 ut
365 4205 470 4279 dictis
486 4210 529 4279 l).
548 4205 750 4280 oratoribus
765 4206 1006 4303 injungerem,
1029 4214 1068 4280 ut
1087 4207 1143 4281 vel
1159 4207 1420 4284 concordarent

88 4331 192 4405 litem
222 4338 283 4404 aut
317 4331 425 4403 ambo
462 4353 536 4405 non
572 4333 747 4406 intrarent
776 4331 972 4428 capellam;
1009 4333 1105 4428 quod
1138 4333 1225 4430 ipsis
1252 4332 1289 4404 in
1324 4333 1420 4408 dicta

88 4476 236 4526 camera
251 4455 460 4550 significavi.
480 4457 550 4553 lpsi
565 4457 798 4530 nihilominus
813 4463 989 4530 venerunt
1004 4457 1050 4529 ad
1065 4455 1240 4555 capellam
1256 4457 1415 4548 insimul,

87 4579 223 4652 ibidem
238 4580 395 4676 proloco
406 4582 668 4658 contendentes
683 4607 690 4656 :
706 4581 802 4678 quod
815 4605 883 4679 ego
894 4582 1032 4673 videns,
1049 4581 1278 4656 demandato
1292 4583 1354 4656 SS.
1371 4586 1414 4657 D.

124 4841 148 4891 1.
162 4856 178 4888 α
245 4836 329 4894 fllium
350 4837 382 4896 D.
399 4838 571 4896 Theodorine
586 4839 641 4896 tilia
665 4839 739 4914 Papa
755 4860 782 4895 n.
798 4837 940 4896 Telestis
957 4843 1029 4896 texta
1045 4838 1082 4894 du
1093 4853 1161 4894 rues.
1178 4835 1315 4911 Chigi(l..
1332 4839 1357 4904 l,
1372 4839 1416 4908 10,

84 4922 218 4998 101623),
234 4926 281 5000 qui
296 4935 338 4984 cst
352 4929 493 5002 reproduit
507 4931 577 4984 daris
592 4937 654 4985 tous
670 4929 709 4986 les
724 4936 816 4986 autres
826 4945 892 4984 mss.
909 4927 972 4983 saul
979 4929 1003 4984 le
1015 4943 1083 4982 mss.
1098 4927 1179 4996 5521,
1190 4933 1210 4982 t.
1228 4927 1277 4992 111,
1293 4927 1338 4984 lul.
1354 4929 1415 4999 167,

84 5017 120 5069 ou
132 5031 169 5070 ou
182 5014 214 5070 lit
228 5036 243 5066 (ι
302 5015 388 5074 filiam
399 5019 435 5074 D.
448 5019 566 5075 Martiae
581 5019 637 5076 tllie
651 5019 727 5092 Papa
743 5039 774 5090 »3
791 5019 860 5075 mais
876 5019 944 5076 c'est
957 5020 983 5075 ld
999 5034 1052 5074 uue
1062 5016 1135 5074 teuta
1150 5017 1185 5073 de
1199 5019 1317 5091 cepistc.
1338 5015 1412 5090 Voy.

85 5103 240 5176 pluebant,
257 5101 329 5179 pag.
342 5106 405 5176 322,
423 5115 488 5164 uota
503 5111 527 5167 1.
