3436 6038
313 441 365 494 226
770 433 946 490 lOllllNNlS
970 430 1192 500 BURCHARDI,
1355 476 1360 484 .
1399 433 1554 498 [Novembre
1568 437 1624 501 lltt]

316 591 478 666 absente.
497 589 659 666 Interfuit
671 589 782 664 misse
801 588 993 664 cardinalis
1009 614 1039 662 s.
1057 585 1252 664 Clementis
1270 613 1277 658 :
1295 544 1626 686 circdprelationem

314 721 489 790 venerunt
531 713 781 790 Ulixbonensis
816 719 853 788 et
892 712 1181 790 Rechanatensis
1220 717 1256 787 et
1288 720 1371 810 post
1408 711 1627 788 elevationem

320 836 535 914 sacramenti
557 836 872 914 vicecancellarius
890 837 951 934 qui
971 842 1180 912 manserunt
1199 860 1326 914 omnes
1345 859 1459 934 usqua
1474 837 1519 911 ad
1534 838 1627 914 linem

316 963 426 1038 officii
441 987 525 1038 cum
539 962 661 1062 paucis
676 962 836 1062 prelatis.

361 1089 466 1166 Faria
488 1089 625 1188 quinta,
660 1089 784 1164 ultima
813 1089 948 1164 mensis
974 1088 1198 1180 novembris,
1220 1089 1257 1162 in
1275 1088 1414 1187 cepada
1437 1097 1626 1164 sanctorum

307 1216 451 1291 Andree
467 1221 503 1290 et
519 1214 681 1313 Gregorii
697 1215 844 1290 basilice
860 1214 1034 1313 principis
1056 1215 1319 1314 apostolorum,
1340 1215 1434 1290 lesto
1452 1239 1482 1287 s.
1500 1215 1625 1292 Andros
1701 1243 1702 1316 p

305 1341 474 1442 apostoli,
503 1346 546 1416 R.
573 1340 610 1414 in
640 1341 781 1416 Christo
807 1345 847 1415 P.
882 1343 925 1414 D.
955 1340 1235 1416 Bartholomeus
1267 1340 1460 1439 episcopus
1492 1340 1624 1416 civitatis
1701 1333 1702 1338 ’

310 1465 452 1544 Gastelli
468 1467 663 1542 celebravit
678 1466 825 1540 missam
841 1465 1057 1556 solemnem,
1075 1469 1172 1564 Papa
1186 1471 1223 1541 et
1237 1465 1481 1540 cardinalibus
1495 1488 1625 1561 presen-

312 1592 420 1684 tibus,
440 1592 565 1668 ordine
586 1599 775 1668 consueto.
796 1595 874 1666 Nou
900 1591 966 1666 suit
986 1614 1120 1667 sermo.
1146 1596 1233 1667 Post
1251 1591 1401 1666 missam
1423 1590 1622 1680 solemnem,

310 1722 405 1817 Papa
426 1719 524 1794 dedit
546 1718 838 1793 benedictionem
861 1725 897 1792 et
920 1716 1160 1815 indulgentias
1185 1716 1365 1814 plenarias
1380 1739 1469 1812 quas
1484 1737 1625 1813 pronun·

304 1841 410 1916 cievit
429 1840 632 1934 celebrans,
655 1841 785 1916 deinde
804 1839 976 1938 pontifice
996 1839 1034 1914 iu
1051 1838 1250 1914 faldistorio
1270 1846 1354 1914 ante
1375 1839 1489 1914 altare
1506 1840 1622 1936 majus,

305 1971 426 2040 tamen
441 1965 596 2042 distante
613 1967 658 2042 ab
680 1967 797 2058 altari,
820 1965 902 2041 loco
923 1965 1030 2040 solito
1050 1966 1181 2064 posito,
1199 1965 1365 2042 canonici
1381 1965 1478 2041 dicte
1493 1964 1625 2040 basilica

304 2090 539 2168 ostenderunt
562 2100 671 2191 caput
697 2117 727 2166 s.
760 2091 906 2167 Andree
940 2091 1094 2189 apostoli
1123 2089 1287 2189 pontifici
1313 2098 1350 2168 ot
1372 2091 1507 2190 populo
1537 2114 1624 2166 moro

303 2216 434 2308 solit03
462 2216 592 2292 deinde
617 2218 780 2317 pontifex
812 2217 918 2292 rediit
946 2217 992 2292 ad
1022 2216 1207 2316 palatium.
1238 2215 1318 2290 Fuit
1353 2223 1477 2292 autem
1501 2215 1624 2314 capelo

302 2342 462 2440 predicta
480 2343 552 2420 hoc
578 2343 704 2420 ordina
728 2347 921 2443 preparata
947 2370 954 2415 :
986 2341 1092 2417 sedes
1114 2346 1210 2439 Papa
1233 2341 1280 2416 ad
1300 2364 1444 2416 murum
1469 2340 1506 2414 in
1524 2365 1622 2415 cornu

302 2462 453 2560 epistole
477 2463 524 2538 ad
543 2463 725 2541 sinistram
747 2491 862 2560 suam,
885 2468 1012 2542 asede
1037 2468 1083 2542 ad
1102 2467 1276 2564 angulum
1298 2467 1426 2542 sedilia
1445 2466 1549 2540 bassa
1568 2463 1621 2563 pro

302 2585 483 2686 episcopis
498 2589 749 2667 assistentibus
761 2593 1050 2690 quadruplicata;
1068 2593 1114 2667 ab
1125 2592 1258 2691 angulo
1271 2591 1317 2666 ad
1334 2592 1469 2668 ostium
1483 2591 1619 2689 capelle,

303 2736 467 2787 scamma
485 2737 550 2811 pro
570 2715 751 2816 episcopis
775 2717 1039 2808 cardinalibus;
1059 2718 1105 2792 ab
1128 2717 1197 2792 alia
1222 2721 1323 2814 parte
1349 2716 1431 2790 ostii
1458 2713 1622 2813 usquead

301 2839 473 2936 angulum
494 2847 530 2914 et
548 2839 593 2916 ab
610 2843 742 2940 angulo
763 2867 879 2941 usque
906 2846 951 2918 ad
975 2842 1084 2918 alium
1103 2843 1236 2917 ostium
1254 2843 1352 2942 quod
1371 2843 1534 2918 clausum
1553 2841 1618 2928 luit,

300 2987 461 3039 scamma
482 2989 547 3064 pro
571 2969 791 3068 presbyteris
815 2976 851 3046 et
873 2970 1035 3046 diaconis
1059 2968 1314 3060 cardinalibus,
1341 2975 1473 3044 ornata
1491 2967 1617 3066 pannis,

300 3099 339 3164 ut
353 3090 464 3166 moris
477 3097 554 3182 est;
579 3093 623 3166 ad
640 3093 804 3168 dextram
821 3099 915 3194 Papa
933 3095 1061 3170 sedilia
1080 3119 1146 3192 pro
1166 3095 1381 3188 oratoribus,
1400 3103 1438 3169 et
1459 3093 1507 3166 ibi
1521 3115 1619 3190 prope

299 3215 455 3290 serviens
471 3240 554 3290 cum
565 3226 708 3293 secreto
722 3219 943 3294 cubiculario
960 3227 996 3296 at
1012 3219 1223 3295 secretario.
1243 3222 1283 3292 ln
1303 3225 1401 3295 terra
1414 3219 1508 3296 inter
1521 3216 1620 3292 cardi·

297 3341 398 3414 nales
418 3340 595 3416 sedebant
615 3343 841 3436 subdiaconi,
867 3346 1048 3422 auditores
1069 3344 1192 3420 clerici
1212 3367 1371 3435 camere,
1400 3344 1573 3418 auditores
1588 3347 1621 3414 et

296 3466 518 3574 cubicularii.
546 3469 798 3545 Faldistorium
825 3497 891 3570 pro
913 3471 1120 3548 celebrante
1148 3475 1227 3544 erat
1253 3469 1292 3542 in
1319 3491 1436 3544 cornu
1461 3465 1619 3564 evangelii
1704 3545 1705 3566 ἶ

297 3597 334 3666 et
349 3598 445 3666 retro
464 3592 595 3688 ipsum,
614 3619 680 3670 sua
694 3599 891 3674 credentia.
906 3601 1111 3676 Scabcllum
1126 3623 1192 3698 pro
1208 3599 1329 3699 priore
1343 3597 1619 3697 presbyterorum

297 3715 535 3790 cardinalium
551 3726 629 3794 erat
639 3723 684 3796 ad
697 3723 883 3798 dexteram
895 3728 1013 3824 Pape;
1032 3733 1137 3802 extra
1151 3724 1329 3823 capellam
1342 3724 1378 3798 in
1395 3732 1618 3797 transversum

295 3840 403 3938 positi
419 3849 522 3916 erant
541 3843 674 3918 banchi
692 3849 898 3944 complures
919 3874 985 3947 pro
1006 3851 1170 3949 prelatis,
1190 3849 1298 3924 itaut
1315 3849 1448 3924 taciem
1463 3847 1508 3922 ad
1522 3846 1617 3919 altare

294 3971 474 4042 verterent
503 3967 686 4065 digniores
715 3972 752 4046 in
782 3975 1032 4072 propinquiori
1067 3975 1211 4050 bancho
1241 3973 1396 4071 capelle,
1432 3968 1615 4046 successive

294 4091 366 4182 alii,
385 4091 421 4164 iu
438 4092 563 4168 ultimo
583 4099 820 4192 protonotarii
845 4107 881 4174 et
902 4102 1064 4176 abbates.
1089 4102 1160 4176 Sed
1182 4123 1256 4174 non
1276 4097 1366 4172 mihi
1386 4095 1519 4194 placuit
1540 4091 1614 4166 ordo

295 4217 459 4292 sedilium
475 4242 540 4316 pro
563 4220 818 4298 assistentibus
840 4233 876 4298 et
895 4227 1136 4302 cardinalibus
1156 4249 1198 4302 ac
1214 4221 1417 4300 oratoribus
1432 4216 1612 4316 incapella,

294 4366 378 4416 nam
400 4344 447 4418 ad
461 4343 646 4419 dexteram
668 4350 765 4444 Papa
792 4358 961 4446 poterant
980 4352 1066 4450 poni
1085 4352 1210 4428 sedilia
1234 4372 1300 4448 pro
1321 4345 1566 4422 assistentibus
1586 4347 1613 4414 et

295 4467 341 4540 ad
369 4467 551 4542 sinistram
584 4495 649 4568 pro
685 4473 943 4566 cardinalibus,
983 4476 1163 4575 episcopis
1192 4483 1228 4550 ct
1258 4475 1497 4575 presbyteria,
1526 4477 1559 4546 et
1578 4467 1613 4542 ab

296 4593 428 4688 angulo
450 4593 496 4666 ad
515 4593 678 4670 dextram
703 4601 798 4696 Papo
819 4599 855 4672 in
874 4607 1118 4674 transversum
1138 4627 1203 4700 pro
1224 4601 1444 4691 oratoribus;
1463 4623 1506 4674 eo
1522 4592 1612 4671 modo

216 4749 221 4760 ·
292 4717 493 4792 cardinales
530 4721 735 4815 potuissent
771 4725 1000 4797 commodius
1040 4725 1179 4799 venisse
1211 4725 1257 4799 ed
1294 4725 1484 4800 circulum.
1523 4723 1613 4795 Facta

290 4845 493 4920 elevatione
510 4847 741 4938 sacramenti,
762 4849 1005 4924 ascenderunt
1018 4849 1068 4922 illi
1081 4855 1152 4923 tres
1166 4851 1331 4926 canonici
1343 4851 1490 4925 basilice
1505 4866 1610 4944 supra·

290 4970 386 5046 dicte
401 4996 509 5068 supra
524 4971 794 5046 tabernaculum
811 4974 932 5047 altaris
948 4975 1127 5050 ostensuri
1136 4985 1245 5075 caput
1258 5001 1289 5050 s.
1302 4975 1448 5052 Andree
1463 4965 1608 5073 apostoli,

289 5123 376 5173 cum
394 5122 465 5172 uuo
479 5096 694 5172 beneficiato
715 5099 776 5196 qui
792 5099 974 5176 intorticia
988 5101 1167 5176 accendit.
