3508 6034
137 423 210 493 puin
225 419 293 493 aas]
474 415 601 474 annun
624 413 850 474 unanvanuu
872 385 1150 474 conclamans(
1417 425 1470 482 487

135 581 172 649 et
187 577 313 647 sancte
338 569 527 644 Anastasia
548 569 763 660 cardinales,
788 577 993 644 asserentes
1013 572 1224 669 contingere
1249 597 1357 672 posse
1373 580 1468 674 quod

133 699 307 797 princeps
323 701 458 794 Papam
471 695 706 793 adpalatium
724 696 940 786 associaret;
959 703 1009 786 et,
1028 719 1072 770 eo
1093 720 1193 788 casu,
1222 723 1331 796 quem
1347 702 1467 778 locum

134 823 290 922 principi
309 821 468 895 dandum
498 845 519 894 a
543 843 602 893 ma
624 820 715 893 scire
736 820 938 895 voluerunt.
958 822 1141 918 Respondi
1164 824 1366 924 principem
1391 853 1469 905 me-

136 949 237 1022 dium
253 949 349 1022 inter
370 946 468 1044 ipsos
490 945 568 1021 lore
588 945 851 1042 recipiendum,
877 947 974 1043 quod
1001 948 1087 1045 ipsis
1108 948 1276 1024 similiter
1293 959 1329 1026 et
1352 957 1469 1030 cardi-

135 1075 209 1148 nali
228 1071 423 1163 Aleriensi,
451 1071 511 1168 qui
534 1070 675 1144 medius
696 1071 790 1145 inter
809 1095 872 1145 eos
897 1079 987 1162 erat,
1019 1073 1132 1146 visum
1159 1081 1213 1148 est
1238 1100 1467 1178 nequaquam

136 1197 345 1274 convenire.
364 1195 563 1271 Voluerunt
588 1193 698 1291 igitur
713 1193 810 1291 quod
835 1197 1054 1270 RRmorum.
1073 1201 1149 1272 DI).
1165 1199 1463 1299 vicecancellarii,

136 1319 365 1421 Neapolitani
386 1327 422 1394 et
448 1319 621 1394 Senensis
653 1320 851 1394 sententias
881 1345 989 1419 snper
1016 1321 1087 1396 hoc
1118 1323 1340 1422 colligerem,
1370 1327 1465 1424 quod

135 1449 246 1522 etiam
262 1447 351 1536 leci,
366 1445 495 1543 quibus
508 1445 676 1519 omnibus
684 1444 862 1543 judicium
878 1469 1000 1520 meum
1012 1447 1162 1546 placuit;
1181 1473 1252 1548 quo
1267 1451 1464 1544 intellecto,

134 1573 326 1647 voluerunt
341 1572 450 1646 etiam
467 1571 559 1644 Rmi.
588 1575 630 1644 D.
649 1571 842 1645 cardinalis
868 1597 896 1644 s.
921 1574 1033 1646 Marie
1054 1573 1089 1646 in
1115 1577 1258 1650 Porticu
1273 1581 1466 1674 superbos

136 1698 293 1787 habere;
313 1698 373 1794 qui
392 1695 578 1794 respondit
601 1695 670 1768 illis
694 1695 802 1794 hujus
825 1697 877 1770 rei
900 1697 1153 1775 diffinitionem
1177 1701 1381 1799 relinquere
1405 1706 1466 1802 qui

137 1823 292 1923 principi
305 1823 427 1896 locum
439 1827 521 1919 post
536 1821 691 1919 primum
706 1821 897 1896 diaconum
908 1823 1165 1922 assignandum
1182 1831 1390 1906 sensissent.

186 1949 268 2023 Dixi
283 1947 455 2046 predictis
473 1946 716 2021 cardinalibus
742 1951 1011 2041 Beneventano,
1036 1959 1122 2042 etc,
1150 1953 1202 2025 eis
1228 1979 1360 2030 novum
1385 1983 1465 2032 esse

137 2097 210 2146 non
228 2072 362 2148 debera
384 2071 586 2168 principem
606 2072 700 2143 inter
722 2095 760 2145 se
781 2073 1028 2171 recipiendum
1054 2097 1148 2168 esse,
1169 2077 1262 2152 forte
1283 2082 1368 2178 quia
1383 2107 1465 2156 cum

136 2200 239 2272 locus
260 2199 293 2273 ei
317 2199 355 2270 in
378 2196 532 2292 collegio
564 2203 647 2271 ante
672 2221 799 2272 omnes
828 2199 918 2272 alios
938 2199 1123 2292 diaconos,
1153 2205 1270 2300 primo
1297 2215 1465 2302 presente

138 2325 299 2421 dempto,
323 2322 428 2396 datus
451 2322 497 2395 sit
519 2329 554 2395 et
577 2320 654 2418 ipse
683 2329 876 2420 propterea
900 2324 936 2396 in
958 2324 1111 2421 collegio
1134 2337 1324 2423 presentes
1350 2333 1467 2405 cardi-

97 2465 107 2488 ·
137 2447 239 2522 nales
254 2447 441 2546 precedat,
459 2447 651 2520 convenire
668 2447 765 2544 quod
782 2456 883 2523 extra
895 2449 1087 2546 collegium
1107 2476 1234 2526 omnes
1249 2456 1465 2546 cardinales

137 2575 209 2647 hoc
239 2579 308 2664 est,
332 2571 549 2669 singularem
576 2571 707 2669 singuli
729 2573 847 2671 ipsum
872 2574 1072 2666 honorent3
1096 2577 1191 2651 unde
1220 2579 1247 2652 si
1276 2581 1467 2655 cardinalis

136 2721 230 2771 unus
242 2697 299 2771 vel
315 2697 487 2795 quinque,
503 2697 707 2795 presbyteri
722 2699 779 2772 vel
794 2699 950 2790 diaconi,
967 2723 1034 2798 per
1049 2701 1182 2776 Urbem
1206 2728 1289 2778 cum
1304 2707 1467 2803 principe

137 2823 357 2920 equitarent,
375 2823 568 2897 convenire
580 2823 676 2918 quod
693 2823 811 2921 ipsum
826 2826 1026 2921 principem
1042 2825 1137 2900 inter
1148 2851 1187 2902 se
1201 2829 1362 2902 medium
1379 2831 1469 2903 reci-

135 2953 280 3045 perent,
303 2945 412 3044 longe
437 2947 552 3044 magis
576 2947 613 3019 in
634 2947 766 3045 palatio
794 2949 992 3046 apostolico
1016 2951 1051 3022 in
1075 2974 1146 3046 quo
1172 2952 1239 3050 ipsi
1267 2955 1466 3028 cardinales

135 3071 357 3162 residerent3
376 3096 422 3145 an
437 3080 559 3145 autem
576 3073 765 3170 episcopus
791 3073 982 3148 cardinalis
1002 3075 1119 3172 ipsum
1141 3078 1343 3174 principem
1360 3103 1469 3174 super

137 3220 181 3270 eo
195 3219 262 3296 per
277 3197 370 3270 viam
385 3219 521 3295 ponera
539 3195 700 3286 deberet,
714 3196 851 3292 judicio
868 3201 1084 3270 RRmorum.
1117 3203 1192 3272 DD.
1214 3200 1466 3297 episcoporum

138 3321 375 3395 cardinalium
394 3321 535 3418 reliqui.

187 3445 391 3536 Dominica,
410 3451 429 3519 3
446 3445 583 3520 mensis
603 3445 711 3542 junii,
733 3448 770 3520 in
789 3447 907 3543 prima
925 3469 1071 3521 camera
1091 3455 1172 3544 post
1187 3447 1304 3522 aulam
1322 3449 1467 3545 pontifi-

138 3597 235 3662 cum,
252 3595 361 3669 super
373 3572 534 3661 bortum,
546 3577 671 3668 parata
683 3571 748 3646 fuit
762 3571 866 3646 sedes
880 3572 1039 3646 bassaex
1054 3571 1225 3646 bruccato
1239 3594 1348 3645 aureo
1360 3596 1470 3669 snper

138 3721 252 3772 unum
281 3695 434 3794 gradum
465 3697 568 3794 juxta
598 3719 755 3786 murum,
792 3703 828 3771 et
860 3697 1017 3795 desuper
1050 3699 1282 3794 supercilium
1319 3722 1468 3772 aureum
1594 3719 1596 3726 ⁴

137 3829 328 3898 extensum
355 3844 410 3910 ac,
436 3823 538 3918 juxta
565 3820 690 3896 sedem
719 3822 848 3920 ipsam,
876 3821 963 3895 hinc
992 3829 1028 3896 et
1061 3823 1144 3896 inde
1171 3823 1284 3898 multa
1313 3823 1470 3899 scabella

140 3949 259 4023 veluto
280 3953 451 4046 cooperta
471 3947 590 4045 posita
619 3969 685 4046 pro
708 3947 935 4044 sponsalibus
960 3948 1077 4045 neptis
1098 3953 1193 4045 Pape
1216 3949 1351 4023 ibidem
1372 3947 1469 4022 cele-

137 4073 300 4150 brandis.
319 4077 415 4148 Hora
438 4073 568 4147 deinde
593 4073 805 4149 adveniente
829 4073 926 4146 circa
946 4072 1213 4162 duodecimam,
1234 4098 1278 4147 ex
1297 4073 1470 4147 commis-

140 4201 243 4276 sione
260 4201 323 4273 SS.
340 4203 382 4272 D.
400 4203 443 4272 N.
461 4206 638 4274 venerunt
653 4199 778 4273 RRmi.
797 4201 872 4273 bo.
892 4201 1166 4273 beneventanus
1182 4205 1217 4272 et
1233 4223 1262 4272 s.
1282 4200 1468 4274 Anastasia

141 4323 346 4400 cardinales
375 4323 420 4398 ad
440 4323 643 4425 principem
669 4329 803 4422 Capua,
831 4346 940 4422 quem
963 4346 1008 4398 ex
1038 4323 1193 4397 cameris
1215 4323 1287 4396 suis
1309 4322 1470 4397 medium

140 4453 239 4527 iuter
261 4475 300 4526 se
320 4449 546 4527 adduxerunt
568 4450 613 4525 ad
631 4449 855 4548 pontificem,
881 4448 1102 4547 principibus
1125 4453 1161 4522 et
1179 4447 1374 4520 baronibus
1396 4448 1471 4521 suis

141 4579 261 4676 ipsum
301 4577 570 4651 comitantibus.
609 4579 785 4650 Pervento
822 4573 868 4650 ad
902 4575 1125 4672 pontificem,
1164 4577 1350 4671 expectate
1390 4579 1472 4646 sunt

140 4703 328 4792 mulieres,
356 4707 439 4800 post
466 4723 618 4797 quarum
656 4697 848 4775 adventum
878 4699 984 4774 exivit
1016 4696 1179 4796 pontilex
1214 4698 1258 4772 ad
1289 4719 1471 4770 cameram

140 4825 343 4926 predictam
358 4833 394 4901 et
409 4827 446 4898 iu
462 4825 559 4900 dicta
574 4825 660 4900 sede
683 4825 794 4914 sedit;
812 4831 849 4900 et
872 4825 919 4897 ad
935 4826 1015 4922 ejus
1039 4824 1228 4900 dexteram
1244 4822 1368 4896 RRmi.
1393 4825 1469 4896 DD.

140 4978 170 5026 s.
186 4951 283 5027 Petri
298 4949 345 5026 ad
368 4951 523 5029 Vincula
545 4957 582 5025 et
609 4976 639 5024 s.
666 4951 871 5041 Anastasio,
899 4950 945 5024 ad
965 4950 1149 5026 sinistram
1171 4973 1257 5024 vero
1284 4953 1472 5024 Beneven-

143 5089 251 5154 tanus
267 5076 472 5170 cardinalis,
490 5084 525 5153 et
544 5083 626 5176 post
646 5099 730 5152 eum
752 5077 919 5177 princeps
943 5079 1074 5180 Capue.
1103 5081 1188 5152 Post
1211 5102 1240 5149 s.
1268 5075 1469 5156 Anastasio,
