3424 6038
83 495 137 564 {lint
151 497 219 561 1181]
406 493 533 552 RERUM
557 493 785 552 UHBANARUM
809 493 1071 556 COMMENTARll.
1352 503 1403 559 261

79 651 223 744 chriam,
253 675 320 751 per
343 650 504 726 medium
540 648 690 723 milliare
730 655 831 724 extra
873 657 1022 746 pontem
1045 650 1105 751 (l),
1139 658 1286 727 senator
1321 678 1405 728 cum

77 779 382 854 conservatoribus
407 783 444 852 et
468 775 546 850 aliis
574 775 742 849 omnibus
767 773 982 849 officialibus
1004 783 1040 850 et
1064 775 1199 851 civibus
1222 778 1402 870 romanis;

76 905 128 1002 qui
149 911 341 1002 postquam
370 902 492 1002 ipsum
518 909 748 998 receperunt,
778 908 1054 979 antecesserunt
1088 909 1189 976 extra
1212 903 1400 994 ordinem;

76 1029 270 1105 ordinatum
296 1029 394 1104 enim
424 1034 504 1102 erat
524 1026 621 1123 quod
646 1027 722 1100 sola
747 1028 883 1103 lamilia
902 1028 1004 1104 ducis
1026 1051 1092 1102 suo
1112 1028 1237 1102 ordine
1261 1036 1405 1104 autece-

76 1155 169 1230 deret
195 1156 340 1246 ducem,
371 1155 408 1228 in
433 1177 503 1251 qua
528 1159 631 1227 erant
657 1153 803 1230 circiter
828 1179 1001 1246 ccccxxv,
1025 1177 1152 1229 omnes
1175 1155 1334 1230 vestibus
1359 1157 1403 1229 ad

77 1305 175 1378 genu,
205 1281 252 1355 ad
279 1281 467 1356 dexteram
495 1279 604 1376 pauni
633 1279 811 1377 pavonatii
842 1280 984 1356 obscuri
1014 1281 1115 1378 quasi
1147 1281 1268 1377 grisei,
1300 1283 1405 1356 etad

77 1407 249 1481 sinistram
280 1396 387 1504 nigri,
417 1411 500 1480 ante
535 1411 662 1504 pectus
695 1406 850 1480 sormam
886 1406 1038 1482 bordoni
1074 1413 1110 1480 et
1138 1429 1259 1504 panno
1291 1407 1403 1481 rubeo

78 1533 228 1608 excisam
257 1533 435 1608 babentes
464 1537 614 1606 restem.
651 1535 703 1606 Ex
738 1531 868 1608 eodem
899 1555 1033 1630 pauno,
1071 1533 1147 1606 sine
1178 1533 1308 1624 torma,
1334 1533 1405 1606 dux

77 1666 204 1733 restem
219 1657 391 1733 habebat.

124 1787 220 1858 lnter
238 1789 386 1882 pontem
410 1789 444 1858 et
458 1788 599 1880 portam
620 1782 832 1880 predictam,
853 1791 1021 1881 receptus
1044 1785 1110 1858 luit
1132 1784 1204 1858 dux
1225 1775 1252 1858 a¹
1261 1785 1404 1858 familiis

81 1915 290 1984 Rllmorum.
326 1914 403 1984 DD.
433 1908 669 1984 cardinalium
701 1915 737 1982 et
766 1903 971 1996 oratoribus
1003 1935 1129 2008 regum
1153 1911 1295 2008 Anglie,
1323 1913 1405 1984 His-

82 2036 194 2133 panie,
207 2034 445 2133 Neapolitani,
459 2033 655 2132 Huugario,
672 2033 791 2108 Scotie
808 2039 843 2108 et
856 2033 1030 2108 Bohemie
1046 2056 1088 2106 ac
1106 2033 1257 2107 aliorum
1271 2033 1406 2130 princi-

81 2166 235 2255 patuum,
262 2158 324 2255 qui
353 2166 430 2232 tum
455 2158 491 2231 in
517 2159 612 2232 Urbe
640 2165 756 2247 erant,
779 2181 880 2232 more
901 2165 1096 2249 consuet03
1119 2181 1275 2254 quorum
1295 2157 1406 2253 aliqui

82 2284 113 2356 in
130 2283 254 2374 latino,
279 2283 337 2356 alii
361 2283 398 2357 in
417 2283 551 2380 vulgari
576 2281 696 2356 italico
721 2306 803 2356 suas
828 2281 1029 2358 oblationes
1051 2283 1228 2358 lecerunt.
1250 2283 1406 2380 Singulis

83 2407 261 2502 respondit
284 2407 354 2479 dux
380 2406 418 2478 in
441 2405 561 2479 italico
584 2405 642 2478 bis
657 2405 776 2480 vorbis
798 2405 937 2479 lantum
962 2407 1086 2480 dicens
1105 2431 1113 2479 t
1134 2407 1235 2481 Gran
1259 2413 1407 2482 maredo

82 2531 193 2604 Mons.
213 2533 283 2604 mio
305 2530 623 2604 Reverendissimo.
653 2533 696 2604 Et
718 2531 802 2627 quia
829 2530 962 2630 magna
996 2535 1180 2608 contentio
1210 2541 1287 2608 erat
1315 2536 1408 2611 inter

85 2657 385 2749 Herlordiensem,
403 2657 686 2730 Dunelmeusem
702 2663 738 2731 et
753 2657 1022 2750 Lismore'nqem
1040 2658 1233 2756 episcopos
1246 2667 1407 2735 oratores

83 2781 305 2856 illustrissimi
329 2781 426 2878 regis
449 2781 577 2877 Anglic
594 2805 639 2856 ex
653 2805 726 2855 una
745 2789 782 2856 et
803 2783 1090 2880 protonotarium
1106 2784 1151 2858 de
1167 2784 1312 2858 Medina
1326 2809 1408 2858 ora-

85 2914 193 2980 torem
214 2906 311 3003 regis
337 2906 590 3004 Hispaniarum
611 2930 720 3004 super
743 2909 989 3004 precedentis,
1015 2911 1079 2982 SS.
1100 2911 1142 2982 D.
1165 2913 1207 2982 N.
1227 2909 1410 2984 mandavit

85 3033 172 3126 quod
188 3032 296 3105 bodie
319 3055 387 3128 pro
409 3032 617 3128 receptione
637 3031 765 3128 prelati
782 3032 884 3106 ducis
904 3033 1064 3131 episcopi
1080 3036 1243 3110 venirent
1271 3042 1308 3108 et
1336 3059 1409 3108 nou

85 3157 342 3252 protonotarius
357 3156 541 3255 predictus
559 3181 566 3229 :
585 3155 622 3228 in
643 3156 802 3252 vesperis
823 3164 943 3231 autem
962 3158 1101 3232 veniret
1120 3160 1405 3256 protonotarius,

86 3305 149 3355 non
164 3282 341 3381 episcopi;
366 3283 423 3356 die
446 3281 670 3356 ascensionis
691 3281 865 3378 episcopi,
889 3305 961 3355 nou
986 3285 1281 3379 protonotarius3-
1299 3291 1335 3358 ot
1357 3285 1408 3359 sic

86 3403 246 3504 deinceps
272 3431 343 3480 uno
360 3407 541 3497 veniente,
561 3405 651 3480 alius
668 3414 874 3481 remaneret
889 3413 992 3480 extra
1006 3409 1196 3506 capellam.
1215 3410 1317 3484 Unde
1331 3434 1410 3508 pre·

89 3531 162 3604 dicti
183 3532 344 3630 episcopi
367 3555 448 3608 cum
470 3532 549 3605 aliis
574 3532 648 3605 suis
672 3532 822 3628 collegis
851 3531 1030 3629 prelatum
1046 3529 1184 3608 ¹ducem
1213 3558 1279 3608 suo
1297 3557 1409 3609 'more

87 3665 309 3754 receperunt3
326 3663 410 3753 post
424 3680 516 3754 quos
534 3679 658 3732 comes
671 3657 831 3730 Tendille
847 3681 929 3730 oum
945 3660 1194 3755 protonotario
1207 3661 1252 3734 de
1269 3662 1412 3736 Medius

87 3782 252 3875 predicto,¹
271 3805 397 3857 secum
412 3783 591 3856 habentes
614 3781 708 3856 ultra
722 3787 869 3856 centum
890 3784 1031 3880 pedites
1049 3785 1222 3882 hispanos
1237 3794 1408 3878 armatos,
1541 3825 1544 3828 ·

89 3915 362 4002 supervenerunt
395 3906 495 4004 regio
525 3907 673 3981 nomine
708 3931 773 4004 pro
803 3908 889 3982 dicti
923 3911 1023 3985 ducis
1057 3913 1290 4010 receptioue;
1320 3939 1411 4012 quos

89 4031 235 4106 ridentes
266 4015 395 4130 prelati
420 4032 580 4129 episcopi
607 4037 894 4108 retrocesserunt
922 4059 988 4132 pro
1019 4039 1190 4113 scandolo
1218 4040 1408 4129 evitando;

90 4155 145 4248 sic,
172 4158 299 4231 ordine
326 4157 432 4231 solito
461 4159 506 4231 ad
535 4164 676 4254 portam
702 4159 828 4256 Populi
860 4168 1072 4257 perventum
1098 4169 1166 4254 est,
1196 4187 1218 4236 a
1241 4187 1309 4260 qua
1337 4187 1410 4237 uon

88 4279 184 4380 longo
208 4283 343 4358 familia
368 4286 432 4358 SS.
461 4287 504 4357 D.
528 4286 588 4373 N.,
610 4281 705 4357 inter
728 4307 820 4380 quos
844 4291 946 4359 eraut
965 4287 1093 4383 prelati
1114 4311 1231 4378 xxrru,
1255 4288 1410 4363 eundem

90 4405 207 4482 ducem
232 4387 436 4484 honorilice
464 4415 696 4504 receperunt,
721 4411 968 4506 protonotario
996 4412 1280 4504 Mediolanense,
1306 4413 1410 4486 Urbis

89 4531 330 4623 gubernatore,
346 4555 411 4628 pro
427 4533 595 4606 omuibus
610 4534 795 4632 loquente.

128 4660 230 4731 Extra
245 4663 389 4754 portam
405 4664 508 4732 erant
523 4659 647 4733 RRmi.
668 4664 742 4734 ul).
765 4685 793 4732 s.
822 4663 949 4758 Augeli
969 4666 1163 4762 presbyter
1182 4671 1219 4738 et
1237 4666 1412 4741 Ascanius

87 4779 262 4874 diaconus,
277 4781 492 4874 cardinales,
510 4784 570 4879 qui
585 4785 732 4859 nomine
748 4786 888 4882 collegii
900 4786 1038 4862 dictum
1051 4790 1180 4864 ducem
1196 4799 1413 4888 receperunt
1500 4879 1501 4883 Ἴ

88 4902 148 4980 hoc
171 4908 310 4984 ordine.
342 4908 664 5006 Appropinquante
699 4911 792 4986 duce
823 4911 869 4984 ad
895 4933 948 5003 se,
977 4913 1224 5012 deposuerunt
1252 4915 1350 5012 pilea
1375 4924 1412 4988 et

120 5186 143 5238 l.
157 5185 226 5260 Voy.
238 5187 379 5256 bturatori,
398 5187 477 5243 Dcite
492 5187 636 5243 onlicbttd
649 5189 776 5244 Estcrrst.
800 5229 807 5245 .
822 5194 842 5245 t.
864 5189 899 5258 ll,
916 5207 944 5264 p.
960 5191 1024 5247 253.
