3508 6034
109 479 270 547 [naastan]
436 475 562 564 RERUM
586 473 814 532 URBANARUM
839 473 1100 532 COMMENTARM.
1381 481 1433 534 457

108 628 857 717 lito.Prelatisedaruntiuohorolratrum3
870 633 1031 704 oratores
1045 629 1432 727 sederuotpostfinem

110 759 235 836 banchi
251 760 488 834 diacormrum
504 755 740 830 cardinalium
756 754 793 828 in
809 754 950 828 bancho
964 761 1167 829 transverso
1182 778 1297 851 usque
1312 755 1358 830 ad
1374 777 1433 830 os-

111 885 193 960 tium
209 883 315 958 chori
330 889 366 958 ot
378 889 540 956 oratores
552 881 634 955 laici
648 881 684 953 in
698 879 804 954 simili
816 879 958 954 bancho
969 887 1006 953 et
1018 902 1040 952 a
1052 879 1122 953 fine
1138 881 1280 955 banche
1294 880 1433 976 episco-

109 1031 233 1106 porum
250 1015 288 1082 et
301 1007 522 1105 prelatorum
533 1005 661 1104 posita.
674 1005 754 1078 Alia
769 1005 891 1079 omnia
903 1027 1004 1078 more
1018 1004 1122 1078 solito
1134 1011 1218 1078 sunt
1228 1005 1427 1080 observata.

154 1131 291 1206 Eadem
306 1131 379 1224 die,
396 1131 558 1229 prelatus
573 1134 699 1204 Rmus.
718 1131 760 1202 ll.
775 1129 964 1204 cardinalis
975 1129 1019 1203 dc
1030 1129 1179 1202 Medicis
1190 1129 1286 1204 circa
1300 1131 1428 1204 horam

112 1259 318 1356 vigesimam
333 1256 401 1329 sibi
416 1257 624 1354 deputatam
638 1254 790 1328 visitavit
806 1257 868 1328 SS.
879 1249 930 1328 o.
950 1256 992 1326 N.
1007 1263 1043 1328 et
1058 1259 1211 1329 thmos.
1230 1258 1305 1328 llll.
1317 1255 1431 1327 cardi-

111 1385 204 1458 nales
215 1389 342 1458 sancte
358 1379 545 1454 Anastasia
562 1385 598 1452 et
615 1377 728 1452 sancti
740 1376 935 1452 Clementis
947 1405 955 1464 ;
969 1377 1063 1450 venit
1074 1400 1138 1474 per
1157 1375 1305 1450 domum
1318 1377 1431 1452 cardi·
1508 1442 1510 1446 .

110 1509 194 1583 nalis
205 1515 332 1582 sancte
347 1504 459 1579 Maria
472 1505 506 1577 in
524 1503 680 1594 Portica,
698 1525 808 1600 quem
827 1501 937 1575 voluit
949 1502 1110 1593 visitare;
1129 1501 1280 1577 sednon
1296 1502 1361 1576 luit
1376 1526 1433 1574 re-

109 1637 225 1729 pertus
250 1631 289 1704 in
308 1630 430 1704 domo.
457 1633 591 1703 Omnes
612 1627 814 1702 cardinales
828 1627 978 1726 predicti
1003 1606 1146 1716 visitati,
1172 1627 1430 1723 cumprimum

108 1755 293 1830 cardinalis
308 1756 353 1830 da
366 1753 515 1830 Medicis
537 1754 657 1828 aulam
679 1752 927 1828 descendisset
943 1760 978 1827 at
993 1753 1061 1850 ipsi
1077 1751 1216 1828 obviam
1232 1751 1429 1840 venissent,

109 1880 269 1954 lecerunt
286 1879 320 1954 ei
335 1901 486 1976 cappam
502 1877 763 1953 cardinalarem
787 1878 939 1969 extrahi,
966 1885 1117 1977 excepto
1137 1875 1433 1953 vicecancellario

108 2005 262 2102 quicum
283 2027 399 2102 usque
415 2005 461 2079 ad
476 2027 659 2079 cameram
676 2027 778 2078 suam
792 2005 827 2078 in
844 2027 959 2102 cappa
975 2004 1159 2078 conduxit.

152 2130 257 2204 Faria
272 2129 446 2220 secunda,
466 2134 511 2202 26
527 2129 612 2203 dicti
633 2129 769 2204 mensis
791 2129 923 2218 martii,
946 2129 1013 2202 luit
1032 2128 1286 2203 consistorium
1312 2149 1434 2200 secre-

109 2261 190 2345 tum,
214 2255 253 2328 in
275 2279 349 2352 quo
373 2254 437 2328 tuit
460 2254 623 2329 clausum
647 2278 688 2326 os
712 2258 817 2328 Rmo.
841 2257 886 2326 D.
915 2254 1086 2328 cardinali
1102 2255 1146 2329 de
1164 2254 1324 2328 Medicis.
1347 2252 1434 2326 Post

108 2380 294 2476 prandium
309 2380 405 2455 idem
421 2379 626 2470 cardinalis,
650 2379 869 2454 transeundo
886 2379 989 2476 juxta
1010 2379 1157 2453 domurn
1178 2377 1368 2455 cardinalis
1387 2378 1432 2452 dc

110 2505 254 2598 Ursinis,
270 2513 310 2579 ut
323 2528 407 2580 oum
418 2505 591 2588 visitaret,
604 2527 677 2577 non
688 2481 824 2602 reperit
841 2529 924 2579 eum
943 2506 1120 2593 indomo;
1136 2504 1289 2578 visitavit
1301 2501 1431 2577 deinde

111 2631 320 2721 Sanamem,
333 2630 623 2727 Neapolitanum,
639 2630 1184 2722 Rachanatensem,hsaanium,
1200 2633 1432 2703 Parmensem

109 2760 141 2826 at
155 2753 409 2842 camerarium,
427 2777 510 2826 cum
525 2775 598 2850 quo
615 2753 749 2850 reperit
764 2754 873 2828 etiarn
889 2752 1108 2828 cardinalem
1125 2753 1293 2828 Ursinum
1309 2752 1370 2852 (1).

152 2881 252 2954 Faria
267 2880 406 2977 quinta,
425 2884 469 2952 29
487 2877 652 2976 ejusdem
668 2878 804 2951 mensis
820 2879 951 2965 martii,
970 2878 1065 2952 circa
1080 2877 1208 2952 horam
1222 2879 1430 2975 vigesimam

108 3006 267 3101 primam,
292 3001 537 3078 veneruntad
558 3002 692 3077 Urbem
712 3007 788 3077 RR.
811 3003 848 3076 in
871 3003 1011 3077 Christo
1036 3009 1156 3099 patres
1181 3003 1317 3076 domini
1336 3059 1429 3094 ....‚

109 3136 261 3204 oratores
280 3121 512 3202 iNustrissiini
530 3126 625 3224 regis
645 3125 793 3200 l‘olonie
816 3149 882 3222 pro
905 3126 1012 3201 rebus
1032 3129 1163 3223 magne
1183 3127 1427 3224 importantia,

108 3260 142 3325 ut
164 3253 388 3342 asserebant,
415 3251 460 3326 ad
482 3251 744 3349 rempublicam
770 3250 1017 3342 christianam,
1042 3273 1190 3324 causam
1210 3273 1431 3326 concarnore

109 3377 164 3450 SS.
181 3381 224 3450 D.
242 3381 288 3452 N.
307 3399 451 3474 papam,
474 3375 587 3464 missi,
615 3381 699 3450 ante
717 3397 871 3471 quorum
890 3373 1080 3448 adventum
1107 3378 1232 3448 Rmus.
1252 3378 1293 3448 D.
1312 3375 1429 3448 cardi-

108 3501 189 3573 nalis
207 3501 526 3576 vicecancellarius
549 3499 595 3574 ad
614 3521 723 3595 quem
748 3522 812 3572 rex
836 3497 984 3572 Polonie
1011 3521 1076 3595 pro
1100 3499 1208 3572 rebus
1232 3498 1431 3597 majestatis

110 3647 165 3698 sue
185 3627 315 3723 atejus
336 3647 488 3722 regnum
507 3622 811 3698 concernentibus
828 3644 1015 3695 recursum
1040 3620 1179 3712 habuit,
1197 3621 1430 3718 interrogavit

109 3769 161 3821 me
179 3772 224 3823 an
247 3749 383 3823 lamilie
404 3749 568 3824 omnium
583 3747 818 3821 cardinalium
834 3755 871 3821 et
885 3749 950 3820 SS.
972 3750 1016 3819 D.
1035 3749 1077 3820 N.
1095 3767 1187 3844 pape
1214 3746 1266 3820 eis
1286 3746 1429 3820 obviam
1498 3767 1499 3770 ’

110 3874 274 3950 mittenda
296 3880 431 3965 essent,
454 3874 510 3948 val
526 3897 618 3962 non3
637 3878 770 3946 etcum
787 3870 1088 3977 reverendissimo
1105 3871 1348 3945 Dominationi
1363 3895 1429 3948 suc

110 3997 341 4074 declarassem
359 3999 455 4095 quod
481 4021 569 4088 non,
593 4005 630 4072 et
650 4019 760 4093 quaro
787 4019 860 4070 non
886 4003 1010 4070 essent
1032 3995 1221 4084 mittendo,
1249 3995 1431 4070 commisit

109 4122 187 4195 mihi
207 4131 245 4198 ut
271 4126 334 4197 SS.
361 4125 404 4196 D.
432 4126 475 4196 N.
501 4122 741 4220 supplicarem
763 4121 861 4218 quod
888 4121 1017 4194 saltem
1044 4119 1183 4194 duobus
1202 4119 1349 4216 prelatis
1365 4119 1432 4194 do-

110 4248 257 4322 mesticis
275 4248 454 4322 Sanctitas
475 4269 540 4320 sua
558 4247 764 4322 comitteret
780 4246 918 4343 privato
934 4243 1080 4317 nomine
1104 4243 1192 4340 ipsis
1208 4243 1349 4318 obviam
1368 4264 1431 4320 ve-

141 4433 163 4487 t.
182 4431 221 4490 On
243 4435 288 4491 n'a
310 4452 359 4508 pas
384 4433 418 4490 dc
439 4433 600 4489 documenta
621 4431 710 4506 precis
732 4447 780 4488 sur
795 4431 944 4507 l’entrerua
967 4431 1017 4488 des
1043 4429 1116 4487 doux
1138 4431 1285 4488 cardinaux
1306 4431 1373 4490 leun
1396 4431 1431 4490 de

109 4517 211 4578 Medicis
223 4529 251 4580 et
264 4522 300 4580 R.
314 4523 418 4581 Riario.
434 4521 518 4578 Salon
532 4526 609 4578 toute
623 4519 846 4590 vraiaemblance‚
858 4519 909 4576 elle
919 4520 969 4576 dut
978 4524 1036 4577 atre
1048 4537 1118 4594 pour
1127 4521 1235 4576 chacun
1248 4520 1331 4576 d’eux
1340 4520 1430 4595 plaiae

109 4605 139 4662 de
150 4616 217 4681 gene
232 4621 261 4671 et
274 4613 308 4668 de
323 4617 442 4668 rtserve.
458 4611 528 4666 teau
545 4609 578 4664 de
593 4608 708 4664 Medicis
724 4625 754 4664 se
767 4609 887 4665 trouvait
903 4625 937 4665 en
952 4613 1083 4682 presence
1098 4610 1164 4665 d'un
1179 4609 1228 4665 dea
1242 4608 1369 4682 conjures
1383 4609 1431 4683 qui

108 4694 206 4758 'avaient
218 4701 358 4758 assassint
374 4717 423 4758 son
438 4700 516 4756 oncle
530 4697 621 4756 lulien
637 4705 664 4754 et
679 4699 753 4754 tenta
767 4699 801 4754 de
816 4703 877 4753 tuar
891 4714 940 4754 son
953 4701 1026 4771 pere,
1038 4698 1125 4772 lequel
1134 4697 1207 4754 avait
1217 4715 1250 4753 eu
1264 4703 1393 4772 pourtuut
1405 4697 1431 4753 la

110 4785 292 4856 magnanimitt
311 4786 345 4843 de
365 4789 493 4859 protegar
511 4801 542 4842 ce
559 4791 646 4843 meme
666 4785 759 4844 Riario
774 4793 868 4843 contre
886 4785 912 4844 la
931 4786 1022 4844 luraur
1036 4788 1070 4843 de
1082 4786 1110 4844 la
1123 4786 1195 4844 toute
1216 4787 1262 4860 qui
1283 4783 1385 4842 voulait
1403 4784 1428 4841 le

109 4878 195 4929 mettre
207 4891 240 4931 en
253 4875 354 4948 piceas.
371 4872 407 4932 Ge
424 4874 553 4932 souvenir
571 4875 700 4949 sanglant
717 4892 748 4932 sa
763 4874 881 4932 trouvait
894 4874 985 4931 ravivt
1003 4893 1053 4949 par
1073 4881 1144 4934 cette
1159 4875 1357 4946 circonstance,
1370 4881 1399 4934 ot
1413 4876 1432 4932 il

110 4967 146 5016 ast
159 4963 360 5021 vraisemblabla
381 4982 435 5039 que
453 4965 479 5022 la
493 4965 625 5039 presence
646 4965 682 5020 du
704 4963 826 5020 cardinal
841 4963 951 5034 Orsino,
968 4964 1029 5021 altit
1047 4982 1103 5022 aux
1122 4965 1247 5037 Medicis,
1263 4965 1358 5024 n'ttait
1379 4983 1429 5040 pas

111 5047 207 5110 lortoite
220 5054 287 5111 maie
301 5053 375 5112 avait
388 5072 458 5130 pour
471 5053 522 5110 but
531 5054 564 5109 de
578 5053 678 5112 rendra
690 5053 780 5110 moins
791 5052 899 5126 panible
912 5052 938 5109 la
951 5052 1198 5128 visitcobli'gatoire
1207 5073 1259 5129 que
1269 5057 1293 5112 le
1303 5071 1428 5113 noureavr

111 5138 218 5199 cardinal
230 5143 295 5202 evat
304 5153 369 5202 tenu
383 5145 417 5202 de
432 5143 497 5200 taire
511 5146 528 5200 a
544 5157 594 5199 sou
607 5141 729 5218 collegae
742 5142 845 5200 Riario.
