3436 6038
47 510 189 578 [Novsmbre
205 511 275 574 aas]
356 505 483 565 RERUM
508 504 736 566 URBANARUM
759 505 1023 569 COMMENTARII.
1304 513 1356 566 22³

45 668 79 740 o.
95 667 135 738 N.
145 660 363 738 emanaverit
373 663 583 738 mandatum
596 661 738 759 quodin
750 661 900 759 plumbo
911 662 1058 738 decerni
1074 685 1267 763 processus
1283 687 1356 739 non

42 787 212 876 deberent,
226 793 264 860 et
277 784 410 860 ibidem
425 787 575 878 decreti,
593 811 667 862 non
681 787 855 863 valerent.
873 791 952 864 Non
969 795 1093 866 tamen
1108 789 1174 864 luit
1187 791 1357 865 observa-

43 921 106 986 tum
119 911 318 1010 inregistro
333 911 526 1002 bullarum,
545 935 615 1009 que
630 911 789 1010 primum
811 913 929 988 soluta
944 913 1010 988 luit
1028 922 1131 1004 taxa,
1158 921 1194 990 et
1209 915 1359 1015 scripto-

42 1038 137 1120 ribus.
154 1036 252 1112 idem
269 1061 335 1137 pro
351 1037 598 1136 registratura,
616 1037 752 1111 carleni
773 1037 948 1136 quinque,
975 1039 1225 1116 indifferenter
1243 1040 1358 1116 omni-

42 1165 97 1238 bus
110 1163 191 1256 dati,
209 1163 307 1240 bulle
321 1163 528 1239 executoris
543 1185 609 1262 pro
629 1163 861 1262 processibus
877 1163 1128 1240 decernendis.

80 1289 153 1364 Fuit
175 1289 286 1365 etiam
313 1289 450 1364 eisdem
478 1289 714 1388 scriptoribus
739 1313 806 1388 per
829 1293 874 1364 D.
902 1289 1113 1387 episcopum
1143 1288 1356 1366 Auriensem

41 1415 233 1490 mandatum
261 1438 432 1514 expresse
456 1421 493 1490 ct
520 1415 587 1489 sub
612 1438 708 1514 pena
730 1414 939 1514 privationis
964 1414 1126 1490 omnium
1153 1411 1356 1490 officiorum

40 1541 213 1616 inhibitum
227 1566 273 1616 ne
286 1542 381 1616 ultra
392 1541 549 1639 quinque
560 1541 726 1617 carlenos
741 1565 807 1640 pro
821 1541 1054 1639 registratura
1070 1541 1176 1615 unius
1191 1549 1358 1640 expecta·

41 1667 137 1743 tireio
149 1667 290 1742 duabus
300 1667 406 1743 bullis
417 1667 579 1767 recipere
589 1673 857 1766 presumerent;
875 1667 1093 1766 quodetiam
1106 1667 1353 1744 observarunt.

41 1794 107 1866 Fuit
121 1793 281 1869 maxima
303 1793 465 1869 conlusio
488 1793 526 1867 in
548 1793 696 1892 plumbo
718 1791 756 1867 in
774 1791 935 1892 registris
954 1817 1020 1890 pro
1038 1799 1195 1890 quatuor
1213 1791 1353 1884 diebus,

39 1919 116 1994 adeo
130 1920 226 2017 quod
240 1920 338 1995 bulle
354 1943 486 2018 magna
499 1919 711 1995 difficultate
727 1919 1010 2017 reperiebantur,
1029 1941 1113 1992 cum
1126 1917 1187 2016 qui
1204 1917 1357 1994 haberet

40 2047 216 2142 gratiosam
241 2072 318 2124 non
346 2047 530 2123 muniebat
559 2045 785 2136 executoris,
811 2049 846 2120 et
874 2069 894 2118 e
922 2067 1111 2120 converso.
1135 2043 1217 2121 Vidi
1246 2043 1355 2118 etiam

40 2195 131 2248 uram
146 2173 284 2249 bullam
296 2175 539 2250 executoriam
549 2174 746 2274 judicatam
764 2197 830 2272 per
843 2175 883 2246 B.
902 2171 947 2246 de
963 2173 1115 2264 blatieis,
1133 2179 1291 2247 taxatam
1310 2173 1357 2247 ad

40 2319 68 2388 r,
82 2297 113 2371 in
128 2323 195 2396 quo
208 2323 287 2375 non
305 2306 381 2374 erat
397 2322 531 2375 nomen
549 2299 747 2398 scriptoris.

81 2425 205 2500 Eadem
230 2425 306 2517 die,
336 2431 380 2499 tt
407 2425 627 2518 novembris,
651 2425 692 2498 in
714 2425 853 2524 capella
884 2427 1025 2525 majore
1054 2423 1175 2524 palatii
1200 2423 1296 2523 apud
1322 2449 1352 2499 s.

44 2549 181 2641 Petrum,
200 2553 243 2623 u.
262 2555 304 2624 P.
324 2553 366 2624 [t.
384 2552 543 2626 Thomas
559 2551 751 2651 episcopus
773 2551 973 2628 Cerviensis
992 2550 1188 2627 celebravit
1207 2550 1355 2626 missam

42 2674 200 2766 publicam
213 2699 319 2752 more
335 2677 473 2775 capelle
492 2684 615 2754 nostre
637 2701 702 2776 pro
725 2677 845 2753 anima
863 2677 958 2752 bone
979 2676 1156 2754 memorie
1180 2675 1355 2751 Gabrielis

43 2799 117 2876 tituli
138 2811 346 2879 sanctorum
368 2804 484 2902 Sergii
506 2813 542 2880 ct
566 2801 700 2880 Bacchi
725 2803 928 2904 presbyteri
953 2803 1144 2878 cardinalis
1169 2802 1355 2902 Agriensis

42 2927 212 3026 vulgariter
227 2929 427 3028 nuncupati
448 2935 581 3029 etpost
599 2932 748 3006 missam
769 2929 979 3028 hujusmodi
1003 2953 1073 3027 que
1089 2952 1155 3028 pro
1176 2927 1355 3004 defunctis

42 3061 115 3144 erat,
130 3056 294 3146 absolvit,
312 3059 411 3155 Papa
423 3061 606 3156 presente,
624 3061 697 3130 ΒΗ.
716 3057 792 3130 nb.
806 3053 1055 3145 Ulixbonensi‚
1073 3052 1352 3142 Rachanatensi,

43 3199 66 3247 s.
79 3177 263 3254 Clementis
283 3179 516 3280 presbyteris,
537 3181 689 3256 Senensi
707 3187 742 3256 et
760 3179 916 3256 Ascanio
932 3179 1092 3256 diaconis
1109 3177 1353 3254 cardinalibus

43 3303 265 3396 presentibus.

82 3431 239 3524 Sabbata,
262 3439 306 3508 18
322 3432 542 3524 novembris,
560 3433 736 3510 dedicatio
752 3433 982 3509 basilicarum
995 3431 1243 3531 apostolorum
1259 3426 1356 3502 Petri

45 3558 72 3625 et
89 3557 176 3630 Pauli
196 3559 241 3633 dc
267 3557 377 3650 Urbe,
406 3557 443 3632 in
470 3581 592 3650 mane,
609 3561 674 3633 SS.
693 3561 736 3632 b.
755 3561 815 3649 N,
838 3557 984 3632 indutus
1000 3554 1148 3646 amictu,
1166 3555 1260 3648 alba,
1279 3554 1357 3628 cin-

46 3679 123 3774 gulo,
151 3685 242 3758 stola
272 3685 432 3783 pretiosa
459 3683 554 3777 alba,
586 3683 865 3782 precedentibus
895 3707 1004 3758 cruce
1035 3687 1070 3756 et
1100 3681 1355 3772 cardinalibus,

47 3805 177 3884 venitad
194 3809 385 3886 basilicam
408 3835 437 3885 s.
461 3809 557 3886 Petri
578 3809 639 3884 ubi
664 3811 776 3885 oravit
799 3811 1063 3909 aliquantulum
1084 3815 1167 3886 ante
1188 3809 1301 3885 altare
1320 3808 1358 3883 in

47 3931 234 4028 faldistorio,
254 3936 291 4010 in
311 3937 393 4011 loco
414 3941 589 4012 consueto
611 3937 746 4036 posito;
765 3937 894 4013 deinde
915 3937 1021 4012 exivit
1041 3935 1251 4026 ecclesiam,
1270 3933 1358 4010 etin

48 4057 134 4153 plano
157 4088 268 4162 supra
289 4063 404 4138 scalas
424 4063 518 4139 dicte
542 4063 691 4138 basilice
724 4064 790 4137 sub
813 4063 895 4138 loco
924 4063 1067 4162 publica
1093 4059 1358 4138 benedictionis

49 4188 186 4264 ascendit
214 4189 351 4264 mulam
385 4213 486 4264 suam
516 4196 552 4265 et
580 4187 859 4288 precedentibus
889 4211 996 4263 cruce
1026 4195 1063 4264 et
1099 4185 1355 4274 cardinalibus,

49 4311 195 4405 equitavit
209 4316 256 4392 ad
274 4315 458 4391 basilicam
481 4340 510 4388 s.
539 4316 638 4390 Pauli
662 4321 909 4390 extramuros
935 4313 1039 4388 Urbis
1063 4312 1101 4386 in
1124 4311 1250 4386 habitu
1274 4331 1359 4408 pre-

50 4435 140 4533 dicto,
158 4443 216 4518 ubi
231 4468 316 4520 cum
332 4449 434 4520 extra
447 4443 627 4542 porticum
641 4449 828 4539 portarum
843 4437 1096 4536 principalium
1110 4433 1360 4512 descendisset

51 4559 85 4636 de
99 4569 199 4663 mula,
217 4571 373 4646 ordinati
386 4569 520 4645 ibidem
537 4575 639 4645 erant
651 4566 763 4642 abbas
775 4565 893 4641 etduo
904 4566 1032 4638 iratres
1046 4562 1136 4637 albis
1146 4559 1360 4660 pluvialibus

29 4749 30 4768 2
53 4685 158 4786 induti,
176 4719 331 4794 quorum
344 4711 435 4772 unus
451 4695 673 4771 thuribulum
687 4693 944 4783 cumincenso,
960 4689 1052 4765 alter
1069 4711 1127 4762 vas
1143 4713 1235 4785 aque
1252 4687 1363 4762 benc·

54 4811 130 4892 dicte
160 4845 242 4898 cum
274 4821 477 4922 aspersorio
505 4821 690 4910 tenebant,
721 4841 763 4894 ac
790 4817 848 4892 alii
876 4817 1006 4890 tratres
1039 4811 1250 4888 monasterii
1279 4835 1361 4888 cum

31 4951 34 5056 ἰ
55 4959 142 5019 cruce
156 4971 218 5022 sua
233 4947 492 5046 processionali
511 4972 519 5022 :
538 4943 753 5020 intrantibus
768 4941 948 5044 porticum
963 4937 1219 5030 cardinalibus,
1238 4935 1362 5036 accepi

54 5086 180 5146 crucem
194 5073 346 5149 fratrum
360 5075 404 5149 de
421 5095 486 5148 suo
501 5071 644 5164 baculo,
662 5094 743 5146 eam
758 5065 902 5169 porrexi
913 5065 1033 5142 abbati
1043 5064 1105 5164 qui
1120 5063 1364 5163 pannicellum

34 5173 36 5256 l
57 5187 189 5292 habens,
207 5223 287 5277 eam
310 5199 494 5277 mundavit
509 5205 546 5276 et
566 5197 748 5275 osculatus
764 5203 820 5273 est
838 5191 1094 5296 pannicellum.
1114 5195 1267 5268 Crucem
1282 5205 1366 5265 vero
