3422 6034
329 445 384 504 334
666 525 667 530 ἵ
786 443 962 501 lOHANNlS
986 441 1206 514 BURCHARDI,
1504 445 1577 510 [ltere
1589 451 1648 514 rus}

330 600 397 698 ipsi
414 605 487 674 tres
503 600 645 672 luerunt
661 621 683 671 a
697 600 760 672 SS.
781 601 820 670 l).
843 601 884 671 N.
907 598 953 670 ad
973 598 1226 672 consistorium
1248 597 1376 690 vocati,
1399 598 1465 674 ubi
1487 601 1648 676 Sanctitas

333 749 398 798 sua
416 724 504 798 dixit
524 748 587 796 eos
607 724 644 796 in
668 721 870 798 cardinales
897 745 1041 798 creasse
1069 729 1170 797 extra
1194 721 1505 800 communionem.
1528 725 1648 802 Deinde

331 851 476 924 luerunt
489 848 725 948 collegialiter
739 849 906 924 associati
926 872 992 945 per
1008 873 1136 924 omnes
1156 849 1356 924 cardinales
1377 873 1424 925 ex
1446 849 1647 926 consistorio

333 979 379 1054 ad
400 1003 581 1054 cameram
605 975 818 1072 predictam,
847 974 1087 1048 cardinalibus
1108 975 1201 1048 binis
1224 982 1261 1050 et
1280 974 1372 1050 binis
1393 973 1645 1050 incedentibus.

332 1105 610 1178 Beneventanus
625 1098 691 1172 luit
711 1097 805 1172 inter
825 1097 869 1169 de
890 1085 988 1172 Fuso
1011 1104 1046 1172 et
1068 1097 1181 1172 sancti
1205 1098 1350 1194 Georgii
1373 1098 1410 1170 in
1437 1098 1564 1174 ultimo
1582 1100 1647 1176 loeo

330 1227 580 1314 manentibus;
598 1223 794 1299 Aleriensis
806 1222 903 1295 inter
926 1221 970 1294 de
992 1221 1143 1295 Sabellis
1164 1229 1200 1296 et
1220 1223 1395 1296 Columna
1409 1222 1449 1294 in
1467 1223 1647 1320 penultimo

329 1352 431 1444 loco;
449 1359 485 1427 et
500 1349 685 1426 Auriensis
697 1350 734 1422 iu
750 1347 875 1422 ultimo
891 1347 972 1420 loco
988 1347 1083 1421 inter
1098 1347 1267 1420 Ursinum
1282 1353 1319 1422 et
1330 1347 1535 1422 Ascanium
1550 1351 1648 1422 cardi-

329 1477 430 1552 nales
458 1505 466 1550 :
498 1476 725 1550 incesserunt
756 1477 877 1546 autem
910 1470 1064 1568 predicti
1097 1471 1208 1545 creati
1239 1471 1443 1546 cardinales
1472 1473 1511 1546 in
1540 1497 1648 1547 eorum

330 1602 509 1678 mantellis
525 1597 740 1699 quotidianis
756 1601 792 1670 et
806 1595 949 1670 birretis
961 1595 1114 1670 violatiis
1129 1597 1306 1707 obscuris,
1322 1605 1360 1671 ut
1378 1598 1485 1696 prius
1497 1598 1648 1674 incedere

329 1729 504 1804 solebant.

374 1860 463 1930 Cum
478 1861 612 1947 autem,
632 1863 670 1930 ut
686 1856 881 1954 prelertur,
897 1853 960 1924 SS.
980 1853 1021 1922 D.
1046 1851 1089 1922 N.
1114 1847 1335 1922 creationem
1355 1851 1562 1948 predictam
1577 1851 1648 1950 ipsis

329 1977 459 2052 creatis
475 1977 690 2067 nuntiasset,
708 1979 774 2052 luit
796 1999 861 2074 per
884 1981 1026 2050 Rmum.
1050 1977 1092 2046 D.
1116 1973 1337 2050 cardinalem
1359 1977 1480 2050 sancti
1501 1978 1607 2052 Marci
1621 1987 1648 2052 et

329 2102 418 2176 alios
437 2101 637 2178 cardinales
659 2103 794 2176 dictum
815 2103 912 2199 quod
932 2101 1023 2174 nihil
1043 2099 1319 2197 responderent,
1342 2107 1378 2175 et
1396 2101 1536 2177 deiude
1557 2103 1647 2176 etiam

329 2230 488 2305 additum
516 2230 611 2327 quod
641 2227 767 2302 anulos
794 2227 840 2302 ad
868 2225 1096 2325 sigillandum
1126 2232 1162 2300 et
1190 2210 1280 2300 alios
1306 2227 1351 2300 ab
1385 2250 1520 2302 eorum
1545 2227 1646 2325 digitis

328 2355 563 2452 deponerent,
585 2362 620 2428 et
637 2378 709 2429 non
730 2353 914 2427 deferrent
939 2375 1125 2448 quousque
1147 2355 1210 2426 SS.
1236 2355 1279 2423 D.
1303 2355 1346 2425 N.
1370 2353 1504 2428 anulos
1527 2362 1646 2428 sucset

331 2479 451 2554 titulos
466 2479 503 2554 in
519 2477 736 2554 consistorio
753 2477 911 2552 traderet
929 2499 1031 2552 more
1052 2483 1242 2552 consueto.
1268 2477 1469 2553 Associatis
1490 2481 1646 2577 predictis
1707 2575 1708 2580 Ἰ

329 2605 429 2680 novis
459 2605 699 2680 cardinalibus
728 2605 774 2678 ad
794 2627 977 2680 cameram
1001 2602 1216 2700 predictam,
1245 2613 1482 2680 recesserunt
1509 2606 1644 2702 antiqui,

328 2729 396 2826 ipsi
425 2732 505 2804 nori
531 2755 593 2806 eos
625 2731 803 2828 usquead
832 2729 965 2804 ostium
989 2727 1215 2803 associarunt
1237 2736 1273 2803 et
1298 2730 1335 2802 in
1359 2734 1493 2807 eadem
1516 2757 1644 2806 camera

328 2864 537 2931 manserunt
552 2863 588 2932 et
602 2855 735 2930 ibidem
750 2855 811 2930 leti
826 2855 933 2928 simul
948 2855 1069 2952 pransi
1086 2861 1183 2928 sunt.

376 2983 530 3057 Praodio
550 2988 711 3080 peracto,
735 2982 787 3055 eis
806 3003 866 3056 me
886 2980 1207 3078 interrogantibus,
1229 2978 1301 3054 dixi
1324 2979 1422 3076 quod
1446 2979 1592 3069 birreta,
1615 2985 1642 3053 et

326 3108 463 3182 abitum
486 3133 589 3182 suum
608 3131 681 3182 non
701 3115 880 3181 mutarent
900 3129 1087 3204 quousque
1109 3111 1230 3178 essent
1246 3105 1292 3178 ad
1310 3105 1501 3201 publicum
1520 3106 1643 3180 consis-
1706 3137 1707 3158 .

326 3233 457 3306 torium
482 3258 548 3332 pro
572 3231 780 3328 receptione
810 3231 937 3330 capelli
957 3230 1054 3320 ituri,
1079 3237 1116 3304 et
1135 3230 1231 3326 quod
1251 3229 1396 3304 iuterim
1416 3231 1551 3306 domos
1574 3255 1642 3304 sues

324 3383 397 3432 non
419 3359 559 3434 exirent
581 3383 589 3433 ε
615 3364 651 3432 et
671 3357 755 3455 quia
784 3357 952 3431 dixerunt
978 3381 1017 3433 se
1044 3383 1089 3434 ex
1115 3367 1199 3433 tunc
1224 3360 1337 3434 ituros
1365 3359 1412 3433 ad
1437 3364 1503 3436 SS.
1524 3365 1567 3434 D.
1589 3363 1636 3435 N.

323 3485 604 3561 commemoravi
621 3483 707 3582 ipsis
733 3485 828 3580 quod
852 3483 889 3555 in
910 3484 1090 3558 mantellis
1110 3485 1327 3581 quotidianis
1349 3493 1386 3560 el
1405 3485 1554 3560 birretis
1569 3509 1639 3581 pre-

177 3613 183 3630 “
324 3609 428 3682 dictis
442 3609 652 3684 incederent
665 3615 701 3683 et
714 3609 781 3682 sibi
799 3609 953 3683 caudam
969 3609 1101 3683 deferri
1121 3635 1194 3684 non
1210 3612 1465 3709 permitterent
1481 3607 1638 3707 usquead

324 3736 571 3832 receptionem
602 3734 748 3832 capelli,
781 3741 819 3808 ut
846 3735 1043 3832 prefertur,
1080 3741 1115 3810 et
1151 3736 1246 3810 hauc
1278 3761 1399 3811 meam
1432 3735 1633 3812 senteutiam
1705 3729 1706 3772 ³

321 3859 475 3935 laudarit
495 3866 617 3936 Rmus.
640 3865 684 3934 [t.
709 3862 900 3936 cardinalis
922 3889 952 3939 S.
980 3862 1091 3936 Marci
1117 3887 1201 3936 cum
1225 3863 1323 3937 illam
1348 3863 1580 3962 postmodum
1600 3882 1634 3932 er

322 4008 380 4059 me
401 3985 659 4076 intellexisset3
683 3985 844 4061 ordinavi
867 3987 974 4062 etiam
1002 3987 1100 4083 quod
1129 3989 1166 4061 in
1194 3989 1402 4086 receptione
1426 3987 1630 4087 capellarum

320 4109 357 4182 in
372 4111 494 4210 cappis
510 4111 555 4185 de
570 4111 815 4187 ciambellotto
832 4113 996 4186 similiter
1009 4117 1046 4186 et
1061 4111 1097 4184 in
1112 4112 1314 4189 visitatione
1330 4113 1555 4204 incederent,
1570 4119 1630 4184 tom

319 4243 468 4333 propter
489 4241 630 4336 tempus
651 4235 976 4335 quadragesimale,
999 4245 1074 4311 tum
1095 4237 1218 4330 etiam,
1244 4237 1328 4336 quia
1349 4239 1466 4336 magis
1484 4234 1629 4313 convenit

320 4360 418 4455 quod
441 4360 478 4433 in
501 4361 572 4436 hoe
598 4362 775 4460 principio
802 4362 974 4436 humilius
1003 4361 1174 4437 incedant
1206 4388 1213 4437 :
1243 4370 1435 4461 coopertas
1468 4369 1581 4437 tamen
1601 4359 1627 4427 rt
1704 4371 1705 4430 t

321 4484 442 4560 frenos
469 4487 649 4561 mularum
678 4511 825 4562 suarum
849 4489 971 4563 velex
996 4487 1136 4563 rosacio
1166 4489 1222 4562 vel
1246 4488 1399 4580 resacia,
1430 4493 1536 4588 prout
1557 4479 1626 4582 ipsis

319 4613 434 4710 magis
450 4613 618 4710 placebit,
633 4614 799 4688 ordinare
814 4621 977 4711 possent,
994 4615 1157 4712 predicto
1174 4619 1279 4690 Rmo.
1297 4615 1446 4692 domino
1465 4605 1624 4692 cardinale

320 4761 349 4810 s.
376 4737 487 4812 Marci
513 4737 739 4812 solummodo
765 4743 801 4812 et
825 4737 931 4811 simili
958 4738 1065 4813 modo
1087 4739 1256 4815 laudante
1284 4746 1320 4814 et
1344 4747 1526 4816 asserente
1547 4727 1623 4831 quod

319 4862 432 4936 felicis
445 4863 705 4938 recordationis
722 4863 850 4938 Paulus
866 4888 960 4962 papa
980 4865 1161 4939 secundus
1178 4871 1374 4964 'postquam
1393 4865 1511 4963 ipsum
1531 4853 1623 4934 cardi·

318 4987 437 5063 nalem
461 4989 720 5088 publicaverat,
754 5013 838 5063 eum
860 5014 927 5086 per
950 4990 1072 5088 plures
1100 5013 1245 5065 meuses
1272 4989 1409 5087 absque
1436 4985 1551 5063 ralisia
1570 5001 1621 5080 per

318 5112 451 5188 Urbem
479 5113 639 5211 equitare
660 5119 697 5188 et
716 5113 819 5213 quasi
842 5139 907 5213 per
928 5115 1127 5212 biennium,
1149 5113 1348 5214 'antequam
1371 5114 1440 5190 sibi
1462 5107 1618 5190 licentiam
