3424 6038
343 457 396 510 ‘256
797 449 972 506 tondebis
997 451 1219 520 BURCHARDI,
1531 456 1586 519 illul
1601 457 1656 520 ttttj

342 605 578 678 diaconorum
592 601 829 677 cardinalium
844 611 880 680 et
897 606 1137 704 retropositis
1156 631 1164 680 :
1183 605 1366 702 digniores
1382 607 1417 680 in
1431 607 1548 705 prima
1559 609 1656 682 banca

344 729 412 802 vidi
432 727 651 828 proximiore
671 728 788 818 altari,
812 737 975 804 oratores
996 730 1079 805 laici
1098 739 1180 828 post
1200 730 1357 804 bancnm
1377 733 1655 831 presbyterorum

343 854 580 930 cardinalium
594 854 631 926 in
651 879 716 928 sua
739 854 867 944 banca,
890 861 926 931 et
951 855 1060 952 aliqui
1083 857 1223 930 nobiles
1248 857 1294 930 ad
1318 857 1397 931 solii
1429 861 1528 953 Pape
1545 856 1655 952 gradus

341 1006 442 1056 more
455 985 644 1055 consueto.
663 980 765 1056 Prior
783 981 1079 1080 presbyterorum
1101 981 1336 1056 cardinalium
1360 1004 1432 1054 non
1452 979 1565 1054 astitit
1580 985 1655 1075 Papa

341 1107 405 1180 sed
421 1105 551 1180 mansit
570 1105 605 1178 in
620 1105 702 1179 loco
719 1126 784 1179 suo
796 1107 1265 1204 propterlocianxielatem.
1282 1107 1381 1179 Fecit
1395 1104 1556 1178 officium
1569 1129 1654 1178 suun

340 1239 503 1330 tempore
528 1237 745 1329 opportuno.
770 1231 977 1306 cardinales
1004 1233 1113 1307 etiam
1133 1253 1207 1305 non
1229 1237 1405 1306 venerunt
1431 1229 1481 1304 ad
1501 1229 1653 1304 circulum

343 1358 406 1432 sed
426 1363 565 1431 tantum
598 1365 842 1432 surrexerunt.
868 1357 1065 1456 Episcopus
1096 1355 1383 1455 Albengan'ensis
1409 1355 1565 1429 vicarius
1580 1360 1655 1452 Papa

345 1483 429 1557 lecit
449 1482 609 1556 officium
630 1483 665 1556 in
686 1482 906 1582 paramentis
924 1482 1060 1574 rubeis,
1084 1481 1170 1556 dixit
1193 1480 1315 1554 Gloria
1339 1481 1376 1552 in
1399 1479 1562 1566 eccelsia,
1590 1477 1656 1549 Pur

346 1611 451 1700 candia,
477 1632 585 1682 unam
601 1608 800 1683 orationem
818 1615 968 1698 tantum,
990 1608 1116 1700 Credo,
1139 1606 1377 1703 pretationem
1392 1606 1437 1680 de
1454 1603 1655 1702 apostoliset

341 1735 410 1809 alia
428 1759 529 1809 more
545 1746 732 1810 consueto.
1211 1810 1215 1818 ,

389 1865 429 1934 ln
444 1861 517 1936 fine
537 1862 659 1954 misse,
683 1866 781 1959 Papa
797 1863 895 1938 dedit
915 1860 1207 1937 benedictionem
1232 1867 1268 1934 et
1290 1858 1535 1956 indulgentias
1557 1855 1657 1954 plena·

337 1985 409 2059 rias
425 2009 514 2082 quas
530 1985 722 2083 publicavit
735 1987 938 2061 celebrans.
962 1986 1024 2058 llis
1042 1983 1246 2083 publicatis,
1269 1984 1328 2058 ivit
1351 1984 1397 2056 ad
1412 1981 1612 2056 sacristiam
1623 1980 1656 2052 ad

337 2134 375 2186 so
410 2111 614 2186 exuendum
648 2111 709 2184 ubi
746 2112 855 2185 etiarn
888 2117 1100 2209 paramenta
1136 2115 1339 2207 acceperat.
1377 2107 1476 2180 lnlra
1510 2106 1654 2180 missam.

335 2235 524 2311 celebrans
541 2236 633 2311 sedit
648 2235 685 2310 in
701 2237 899 2310 faldistorio
916 2236 952 2309 in
974 2260 1086 2311 cornu
1106 2234 1257 2332 epistole
1279 2239 1441 2330 paratus,
1464 2231 1558 2305 lucie
1578 2233 1653 2324 Papa

335 2369 371 2437 et
386 2363 531 2437 renibus
547 2363 680 2461 populo
696 2362 807 2437 versis
823 2362 869 2436 ad
888 2362 1002 2436 instar
1021 2361 1158 2459 capelle
1179 2359 1327 2434 basilice
1344 2383 1374 2430 s.
1392 2357 1506 2432 Petri.
1527 2353 1653 2428 luterim

335 2487 432 2583 quod
456 2492 552 2584 Papa
578 2485 780 2562 reverentia
805 2487 910 2561 fieret
937 2510 1002 2585 per
1031 2486 1245 2577 cardinales,
1287 2483 1382 2557 venit
1416 2489 1568 2556 senator
1588 2502 1653 2553 cum
1698 2495 1699 2506 ³

336 2612 662 2704 conservatoribus,
698 2611 835 2686 taciens
875 2611 1112 2688 reverentiam
1148 2614 1242 2707 Papo
1280 2615 1317 2683 et
1338 2606 1442 2682 altari
1468 2611 1602 2680 tautum
1626 2609 1652 2675 ct

338 2739 577 2810 recesserunt.

385 2862 483 2949 Post,
505 2859 649 2958 incepta
673 2865 794 2934 autem
822 2861 1092 2952 communione,
1121 2861 1337 2959 inceperunt
1365 2883 1495 2934 ornnes
1525 2855 1651 2932 ordines

334 2983 446 3058 altare
471 2982 622 3058 circuire
645 2983 962 3082 processionaliter
981 2993 1090 3085 prout
1109 3011 1153 3063 ea
1171 2987 1229 3061 die
1251 2986 1329 3060 fieri
1358 2985 1449 3058 solet
1475 2991 1511 3058 el
1535 2977 1650 3056 durarit

332 3109 544 3208 hujusmodi
560 3110 746 3207 processio
767 3111 828 3184 diu
852 3119 933 3208 post
949 3112 1099 3186 missam
1113 3112 1209 3187 circa
1229 3111 1341 3185 finem
1362 3113 1504 3207 Agnus,
1522 3115 1556 3182 et
1573 3109 1649 3198 Papa

332 3234 532 3332 expectavit
546 3233 583 3306 in
600 3233 689 3308 solio
705 3257 770 3306 suo
785 3257 937 3309 manens
956 3259 964 3309 :
982 3235 1135 3310 vicarius
1152 3261 1182 3309 s.
1201 3234 1314 3310 Maria
1332 3234 1483 3330 majoris
1500 3232 1537 3306 in
1553 3227 1648 3328 ponti·
1697 3281 1698 3328 ,

333 3359 496 3434 ficalibus
509 3359 781 3457 processionem
797 3383 966 3456 sequens,
986 3384 1070 3436 cum
1082 3361 1319 3460 pertransiret
1334 3361 1447 3434 altare
1464 3365 1502 3432 et
1518 3363 1645 3452 Papam,
1697 3333 1698 3358 ¹

335 3509 407 3560 non
435 3485 602 3584 deposuit
622 3485 788 3575 mitram;
815 3485 969 3560 vicarius
986 3489 1079 3562 'vero
1100 3487 1255 3562 ecclesie
1278 3485 1532 3561 Lateraneusis
1556 3481 1645 3555 aliam

336 3611 590 3710 pontificaliter
613 3617 772 3708 paratus,
802 3635 885 3685 cum
913 3613 1024 3687 altare
1042 3617 1077 3687 et
1096 3617 1231 3711 Papam
1251 3611 1502 3714 pertransiret,
1523 3609 1642 3682 mitram

333 3736 526 3833 deposuit:
548 3737 634 3811 item
654 3736 739 3812 lecit
759 3737 870 3812 abbas
893 3763 923 3812 s.
951 3739 1095 3836 Georgii
1120 3739 1231 3813 eliam
1253 3737 1643 3836 pontificaliterparatus

330 3861 450 3958 ipsum
470 3860 666 3934 associans.
690 3862 859 3937 Canonici
882 3869 918 3936 et
941 3887 1068 3939 omnes
1092 3865 1137 3938 de
1163 3863 1303 3961 gremio
1323 3862 1472 3938 basilice
1495 3853 1641 3959 principis

331 3983 576 4082 apostolorum
588 4010 657 4060 non
670 3986 848 4062 intrarunt
860 3989 1053 4064 ecclesiam
1069 4014 1098 4061 s.
1113 3989 1225 4062 Marci
1235 3988 1321 4086 quia
1335 3987 1407 4062 boc
1420 4011 1464 4060 ex
1480 3978 1640 4086 privilegio

332 4113 505 4188 asseritur
522 4137 585 4189 eos
607 4114 757 4190 babere.
785 4120 875 4191 Cum
900 4137 1027 4188 omnes
1054 4114 1167 4188 altare
1186 4111 1483 4211 pertransissent,
1511 4103 1638 4184 vicanus
1696 4199 1697 4230 1

334 4243 430 4338 Pape
450 4240 510 4337 qui
535 4240 571 4314 in
593 4241 755 4315 sacristia
776 4240 976 4338 expectavit
1004 4239 1278 4338 processionem
1298 4243 1446 4312 seculus
1470 4243 1526 4312 est
1547 4249 1636 4325 usquc

334 4367 380 4440 ad
405 4391 435 4440 s.
463 4369 623 4441 Petrum.
655 4367 793 4442 Deinde
813 4371 911 4465 Papa
935 4367 1101 4458 surrexit,
1128 4388 1344 4440 ascensurus
1366 4363 1538 4460 palatium
1558 4359 1636 4433 ena

334 4497 476 4589 portam
504 4491 670 4584 ecclesie,
700 4491 904 4568 licenciavit
923 4515 1049 4566 omnes
1079 4489 1281 4567 cardinales
1300 4488 1362 4586 qui
1381 4488 1418 4562 in
1445 4485 1570 4586 palatia
1586 4499 1635 4552 sut

335 4617 532 4692 redierunt.
560 4618 745 4692 Remansit
765 4617 863 4692 solus
886 4641 969 4691 cum
989 4617 1162 4716 pontifice
1183 4614 1375 4689 cardinalis
1394 4601 1632 4709 andegavensis*

333 4749 369 4816 et
401 4743 591 4818 cardinalis
614 4769 643 4816 s.
682 4743 792 4818 Marci
817 4743 853 4815 in
888 4743 997 4817 domo
1026 4741 1185 4840 propria.
1213 4739 1379 4814 Pontifex
1400 4763 1465 4836 per
1499 4731 1631 4810 tinellum

333 4869 494 4942 ascendit
509 4869 554 4943 ad
569 4869 742 4967 palatium
765 4873 801 4942 et
820 4892 885 4964 per
905 4868 1005 4942 aulas
1026 4875 1062 4942 et
1083 4889 1248 4942 cameras
1270 4865 1337 4939 suit
1361 4864 1408 4939 ad
1430 4864 1567 4939 hortum
1588 4848 1630 4926 ubi

334 4993 419 5067 lecit
433 4994 623 5091 prandium
640 5001 675 5069 et
690 4993 836 5091 quievit.
863 4993 1000 5069 Deinde
1017 4994 1114 5068 circa
1131 4993 1260 5067 boram
1274 5015 1334 5080 xx,
1352 4993 1449 5088 Papa
1463 4981 1630 5088 paratust!
1695 5027 1696 5030 =

335 5117 406 5194 hoc
430 5141 550 5211 mane,
569 5119 847 5218 precedentibus
868 5117 1081 5194 officialibus
1101 5140 1209 5192 cruce
1230 5121 1266 5190 et
1285 5113 1533 5198 cardinalibus,
1551 5097 1629 5179 rediit
1695 5141 1696 5150 κ
