3508 6034
312 397 377 461 'loo
782 397 960 454 JOHANNlS
984 393 1207 464 BUHCHARDI,
1494 397 1577 466 [baril
1595 397 1662 468 1112]

327 555 434 655 pelle,
453 553 618 652 deposita
640 575 747 628 cruce
767 549 1027 650 processionali
1048 553 1143 646 Papa
1163 547 1207 620 de
1228 546 1357 620 baculo
1372 569 1454 636 suo,
1470 555 1659 642 portarunt

324 682 423 755 illam
451 681 488 753 in
518 679 740 778 paramentis
768 701 840 775 quo
878 681 1069 762 venerunt,
1092 672 1294 748 cardinales
1325 679 1360 746 et
1388 673 1518 770 prelati
1547 679 1659 772 parati

325 831 465 881 omnes.
497 806 668 903 lbiPapa
693 805 835 902 accepit
859 807 1071 902 paramenta
1097 806 1134 873 et
1158 797 1478 897 processionaliter
1500 797 1598 871 venit
1616 797 1658 872 ad

323 933 442 1006 locum
457 930 699 1029 processionis
716 936 751 1005 et
766 929 911 1027 publice
927 925 1191 1001 benedictionis
1208 926 1281 1016 ubi,
1302 926 1397 999 lacta
1412 925 1480 998 sibi
1499 948 1567 1022 par
1581 948 1657 1000 car-

324 1056 462 1130 dinales
478 1057 677 1130 reverentia
689 1062 875 1144 consueta,
893 1053 976 1128 lecti
991 1052 1136 1126 luerunt
1156 1075 1348 1150 processus
1370 1074 1438 1148 per
1454 1054 1500 1124 D.
1524 1051 1655 1126 lohan-

325 1180 467 1256 nemdc
488 1182 682 1256 Bernardis
705 1180 967 1255 subdiaconum
994 1178 1233 1276 apostolicum
1257 1177 1368 1251 latina
1393 1175 1527 1250 deinde
1546 1176 1657 1250 cardi-

326 1310 446 1384 nalem
475 1310 520 1383 de
548 1308 723 1382 Columna
754 1307 790 1380 in
819 1304 968 1402 vulgari,
1001 1304 1038 1377 in
1074 1303 1204 1399 quibus
1239 1302 1398 1376 additum
1432 1301 1501 1374 suit
1538 1309 1659 1376 contra

326 1435 565 1535 impedientes
586 1431 860 1531 impetrationes
885 1428 1147 1504 beneficiorum
1168 1427 1499 1503 aeclesiasticorum
1516 1428 1661 1504 etiama

326 1563 412 1637 sede
440 1560 652 1656 apostolica.
682 1557 808 1632 Finitis
831 1555 1081 1654 processibus,
1114 1559 1210 1653 Papa
1241 1555 1339 1629 dedit
1366 1553 1658 1629 benedictionem

328 1687 527 1762 solemnem
549 1691 584 1760 et
608 1684 788 1784 plenarias
811 1682 1073 1780 indulgentiam
1100 1681 1244 1772 deinde,
1268 1680 1425 1755 dimissis
1451 1708 1473 1756 a
1495 1681 1659 1756 cardina-

326 1812 420 1886 libus
443 1818 478 1886 et
494 1811 641 1909 prelatis
667 1808 900 1908 paramentis,
928 1811 1025 1906 Papa
1043 1831 1108 1905 per
1123 1806 1223 1882 aulas
1247 1807 1369 1880 solitas
1390 1805 1489 1881 venit
1506 1815 1543 1880 et
1559 1807 1660 1880 rediit

327 1939 371 2012 ad
396 1960 558 2014 cameras
588 1960 684 2008 suas.
716 1933 914 2009 Cardinalis
946 1957 1030 2008 vero
1056 1957 1087 2008 s.
1120 1931 1215 2007 Petri
1248 1932 1293 2006 ad
1317 1932 1472 2009 Vincula
1501 1931 1598 2006 venit
1626 1933 1660 2004 in

326 2063 468 2162 pluviali
490 2087 555 2136 suo
577 2061 658 2135 albo
683 2085 766 2135 cum
790 2065 887 2158 Papa
912 2060 957 2132 ad
977 2059 1121 2134 tertiam
1147 2059 1266 2133 aulam
1295 2059 1369 2148 ubi,
1405 2057 1612 2132 licentiatus
1639 2083 1658 2130 a

328 2199 436 2290 Papa,
459 2190 625 2289 deposuit
647 2186 799 2287 pluviale
827 2186 961 2276 album,
985 2186 1123 2284 accepit
1142 2183 1272 2260 stolam
1295 2183 1496 2258 violaceam
1522 2184 1659 2281 simpli-

327 2343 420 2408 cem,
444 2315 596 2414 pluviale
623 2314 825 2387 violaceum
852 2311 1054 2408 simplicem
1078 2317 1114 2384 et
1135 2311 1280 2386 mitram
1304 2309 1463 2406 planam,
1489 2309 1658 2406 imposuit

328 2439 530 2528 incensum,
572 2435 757 2511 benedixit
790 2436 944 2510 diacono
978 2436 1039 2533 qui
1069 2436 1157 2510 dixit
1190 2436 1429 2533 evangelium.
1460 2433 1659 2508 Cardinalis

326 2565 470 2652 deinde,
500 2567 652 2660 accepto
678 2561 805 2651 linteo,
840 2561 925 2635 lavit
950 2561 1061 2659 pedes
1091 2561 1266 2636 tredecim
1294 2585 1494 2660 pauperum
1523 2567 1561 2634 et
1589 2560 1661 2634 alia

326 2691 514 2764 observata
546 2693 630 2760 sunt
660 2710 761 2760 more
786 2686 904 2761 solito.
936 2687 1179 2762 luterluerunt
1207 2687 1365 2785 quinque
1394 2686 1597 2761 cardinales
1625 2687 1660 2758 in

326 2837 451 2890 eorum
476 2812 600 2911 cappis
630 2811 803 2885 continuo
832 2818 982 2903 stantes,
1011 2811 1179 2887 videlicet
1202 2813 1435 2904 :lanuensia
1470 2815 1660 2886 Beneven—
1745 2817 1746 2912 }

326 2947 445 3029 tanus,
468 2937 680 3026 Aleriensis,
704 2962 733 3010 s.
758 2938 945 3011 Anastasia
967 2943 1003 3012 ct
1025 2936 1069 3012 de
1096 2937 1286 3012 Columna.
1312 2937 1505 3014 Credentia
1532 2945 1660 3034 parata
1745 2919 1746 2967 l

325 3065 391 3138 luit
403 3087 447 3140 eo
463 3064 589 3140 ordine
605 3063 942 3162 percredentiarios
963 3068 1073 3162 Papa,
1091 3087 1133 3138 ac
1147 3064 1176 3138 si
1193 3068 1290 3162 Papa
1312 3065 1439 3138 luisset
1457 3063 1571 3162 pedes
1587 3063 1660 3136 illic

323 3189 477 3265 loturus.
507 3189 643 3264 Bacilia
675 3211 758 3262 cum
796 3189 961 3286 pecuniis
986 3196 1023 3264 et
1050 3189 1258 3264 mantilibus
1295 3189 1548 3264 ministrarunt
1578 3193 1654 3263 DI).

326 3315 633 3414 GasparBloudus
649 3319 685 3389 at
698 3315 883 3390 lohannes
899 3319 1056 3407 Gerona,
1077 3315 1199 3391 clerici
1218 3339 1362 3392 camere
1382 3315 1596 3413 apostolice,
1625 3323 1659 3390 et

324 3441 490 3516 D.Falco
511 3440 756 3514 thesaurarius
786 3445 882 3539 Papa
903 3441 1118 3516 ministravit
1146 3443 1312 3518 manibus
1339 3441 1532 3517 cardinalis
1554 3465 1657 3540 map-

323 3566 424 3662 pulas
440 3572 476 3659 et
491 3566 682 3664 pecunias;
700 3566 770 3640 alia
784 3568 905 3641 omnia
919 3591 1021 3642 moro
1037 3567 1143 3644 solito
1158 3577 1242 3644 sunt
1257 3569 1458 3644 observata.

370 3693 506 3766 Eadem
522 3693 593 3782 die,
612 3693 708 3767 circa
724 3694 853 3768 horam
866 3720 950 3786 unu,
968 3694 1113 3794 incepto
1131 3705 1213 3772 sunt
1236 3697 1272 3770 in
1289 3697 1429 3793 capella
1449 3695 1656 3794 supradicta
1744 3725 1745 3782 ᾗ

324 3818 499 3893 matutine
513 3817 755 3910 tenebrarum,
777 3823 874 3918 Papa
897 3821 1114 3896 absentatu
1132 3823 1218 3914 fine,
1240 3827 1366 3896 Rmus.
1393 3827 1436 3897 D.
1461 3821 1653 3896 cardinalis
1744 3797 1745 3883 l

324 3969 354 4019 s.
369 3943 465 4019 Petri
485 3945 530 4018 ad
545 3944 709 4035 Vincula,
733 3945 892 4020 crastina
918 3947 974 4020 die
998 3947 1118 4022 divina
1136 3957 1295 4040 acturus,
1320 3948 1413 4022 dixit
1436 3948 1649 4024 orationem.

371 4073 515 4147 Venere
532 4077 669 4160 saneta,
700 4075 746 4144 10
763 4070 848 4145 dicti
872 4072 1009 4146 mensis
1025 4073 1162 4171 aprilis,
1186 4077 1310 4148 Rmus.
1334 4077 1381 4147 D.
1413 4073 1605 4148 cardinalis
1621 4097 1649 4144 s.

324 4195 420 4270 Petri
446 4196 493 4270 ad
517 4195 669 4272 Vincula
696 4196 734 4268 in
764 4197 904 4295 capella
927 4199 1091 4295 predicta
1116 4200 1257 4298 peregit
1286 4199 1446 4274 divinum
1476 4198 1649 4276 officium.

323 4325 420 4420 Papa
434 4321 598 4396 absente.
627 4321 764 4395 Dicturi
787 4323 995 4420 passionem
1021 4335 1235 4422 paramenta
1255 4327 1374 4425 nigra,
1392 4326 1558 4400 similiter
1577 4324 1650 4398 dia-

323 4471 436 4524 conus
448 4455 484 4523 et
500 4448 743 4522 subdiaconus
772 4450 910 4546 capelle
926 4450 1090 4547 planetas
1106 4452 1232 4550 nigras
1254 4458 1339 4527 ante
1363 4457 1491 4550 pectus
1506 4450 1648 4549 plicatas

321 4577 539 4651 habuerunt.
567 4579 645 4649 Dux
670 4577 832 4650 Ferraria
849 4601 921 4651 non
944 4579 1009 4650 luit
1025 4578 1061 4651 in
1077 4579 1217 4677 capella
1236 4603 1305 4654 nec
1320 4578 1450 4676 aliquis
1463 4578 1508 4652 ad
1522 4573 1647 4675 gradus

323 4701 401 4776 solii
430 4701 602 4776 interluit.
634 4707 731 4799 Papa
755 4701 853 4775 misit
882 4701 1080 4776 celebranti
1108 4727 1173 4801 per
1195 4703 1384 4779 sacristam
1412 4727 1481 4776 xxv
1505 4701 1645 4775 ducatos
1743 4749 1744 4800 3

322 4826 419 4900 cruci
437 4825 662 4917 offerendos;
682 4849 890 4902 sermonem
907 4827 993 4901 lecit
1008 4827 1304 4927 archiepiscopus
1329 4827 1552 4903 Patracensis
1567 4823 1641 4896 siue

323 4973 453 5048 magna
467 4951 585 5028 laude.
604 4951 857 5027 Celebraturus
878 4954 973 5027 venit
991 4953 1037 5027 ad
1058 4977 1229 5052 magnam
1249 4955 1426 5054 capellam
1449 4977 1513 5054 pro
1535 4969 1644 5025 sacra-

322 5086 460 5164 mento,
481 5079 601 5155 atalia
615 5079 738 5155 omnia
752 5102 853 5154 more
874 5078 980 5153 solito
1001 5085 1084 5152 sunt
1104 5079 1305 5156 observata.
