3600 6094
267 486 304 543 ao
367 469 370 476 '
724 484 899 542 tonsurus
923 483 1145 554 suasuram,
1420 486 1597 552 ,nouum

269 642 429 729 sionem,
460 638 787 736 presentationem,
819 639 1055 730 electionem,
1092 639 1426 731 confirmationem,
1457 642 1601 716 iustitu-

269 769 425 857 tionem,
457 790 520 841 seu
546 765 705 862 quamvis
738 765 843 838 aliam
877 765 1032 838 similem
1068 765 1124 838 vel
1155 765 1366 840 dissimilem
1397 751 1602 865 dispositio-

268 919 353 968 nem
374 893 420 993 (f)
445 893 654 966 eorumdem
679 890 815 964 ratione
841 890 1075 964 ecclesiarum
1099 896 1135 963 et
1158 890 1342 965 titulorum
1366 893 1601 967 cardinalium

269 1042 394 1093 eorum
416 1025 450 1092 et
473 1018 581 1118 etiam
603 1017 857 1108 ecclesiarum,
880 1016 1199 1108 monasteriorum,
1224 1019 1461 1116 prioratuum,
1484 1019 1601 1115 digni-

270 1149 399 1234 tatum,
423 1149 699 1242 personatuum,
725 1142 1073 1216 administrationum
1096 1149 1132 1215 et
1153 1143 1354 1216 officiorum
1376 1143 1599 1240 aliorumque

269 1269 530 1344 beneficiorum
564 1269 915 1360 ecclesiasticorum,
946 1270 1076 1366 quibus
1097 1275 1249 1367 presunt
1275 1276 1311 1343 et
1338 1293 1408 1366 que
1436 1270 1600 1344 obtinent

269 1421 404 1494 eosque
425 1421 573 1496 preesse
594 1404 630 1472 et
650 1421 716 1495 pro
738 1403 902 1494 ternpore
929 1396 1091 1468 obtinere
1114 1396 1300 1492 continget
1323 1395 1359 1468 in
1384 1395 1525 1470 titulum
1544 1395 1600 1468 vel

268 1525 520 1598 commendam
536 1521 581 1624 (Ξ)
598 1547 662 1596 seu
677 1521 763 1596 alias
786 1545 1013 1618 quocumque
1031 1522 1113 1618 jure
1134 1521 1190 1595 vel
1209 1521 1310 1594 titulo
1333 1521 1601 1617 quomodolibet

268 1651 520 1748 spectantium,
546 1649 711 1746 quodque
728 1649 949 1745 expectative
971 1647 1098 1744 gratie,
1123 1647 1299 1745 speciales
1321 1648 1597 1738 reservatioues,

267 1778 436 1850 mandata
450 1777 494 1850 de
510 1775 667 1850 uniendo
684 1780 720 1848 et
739 1774 861 1869 quevis
884 1773 951 1848 alie
974 1772 1228 1870 dispositiones
1251 1779 1287 1848 et
1309 1771 1438 1870 regule
1455 1773 1599 1846 cancel-

267 1901 376 1994 larie,
404 1901 617 2000 dignitatum
648 1901 825 1997 majorum
858 1906 893 1974 et
923 1898 1175 1997 principalium
1206 1898 1429 1994 aliorumque
1459 1898 1599 1972 benefr-

268 2027 406 2102 ciorum
432 2033 468 2101 et
488 2025 717 2101 familiarium
747 2025 998 2116 cardinalium,
1028 2029 1087 2098 aut
1113 2047 1347 2098 romanorum
1371 2024 1597 2122 pontificum,

267 2173 338 2228 seu¹
352 2143 569 2227 eorumdem
595 2159 656 2226 aut
677 2151 772 2224 dicte
796 2150 891 2224 sedis
914 2149 1140 2240 officialium,
1167 2173 1229 2238 seu
1253 2149 1340 2224 alias
1363 2150 1599 2246 quovismodo

266 2275 528 2351 reservationes
562 2275 749 2373 generales
786 2271 858 2345 sive
890 2271 1065 2370 speciales
1100 2272 1345 2362 continentes,
1382 2273 1455 2348 sive
1494 2273 1599 2346 indu-

266 2408 390 2476 centes
415 2402 708 2488 constitutiones,
735 2399 842 2474 etiam
864 2397 1138 2495 precedentium
1159 2397 1391 2488 innovantes,
1422 2404 1482 2472 aut
1513 2399 1599 2472 alias

266 2525 535 2622 quomodolibet
560 2526 708 2599 effectus
732 2523 920 2612 facientes,
953 2521 1116 2597 addicta
1146 2525 1378 2614 monasteria,
1404 2525 1596 2622 prioratus,

264 2653 529 2750 preposituras,
557 2649 768 2748 dignitates,
794 2653 1028 2745 personatus,
1057 2648 1384 2723 administrationes
1406 2656 1442 2724 et
1463 2649 1596 2736 officia,

265 2777 497 2851 canonicatus
521 2784 557 2851 et
577 2775 779 2874 prebendas
807 2773 945 2868 aliaque
974 2773 1151 2847 beneficia
1180 2775 1382 2849 nullatenus
1406 2799 1444 2850 se
1472 2781 1598 2850 exten.

167 2877 169 2882 ι
264 2903 368 2994 dant,
398 2905 461 2977 sed
489 2904 534 2977 do
563 2902 649 3000 ipsis
680 2924 746 2998 pro
775 2906 939 2996 tempore
970 2899 1240 2994 quomodolibet
1273 2907 1375 2976 extra
1412 2925 1597 2974 romanam

264 3027 401 3100 curiam
434 3027 542 3101 etiam
577 3025 802 3100 cessantibus
843 3025 1068 3099 commendis
1099 3025 1312 3124 illorumque
1346 3031 1598 3104 commendate

263 3143 638 3243 forent,'vacautibus,
664 3151 863 3226 cardinales
886 3149 954 3248 ipsi
977 3150 1180 3248 disponant,
1203 3154 1352 3250 perinde
1368 3179 1409 3230 ac
1432 3155 1460 3228 si
1484 3155 1599 3253 gratie

264 3278 484 3376 expectative
508 3277 684 3376 speciales
710 3283 745 3350 et
769 3279 837 3352 alie
865 3279 1145 3368 reservationes,
1171 3279 1400 3371 affectiones,
1425 3280 1595 3370 uniones,

265 3388 538 3478 constitutiones
562 3410 597 3477 et
621 3403 790 3476 mandata
814 3402 1023 3500 hujusmodi
1045 3427 1117 3477 uon
1146 3411 1374 3502 appararent.
1401 3409 1489 3480 Cum
1513 3429 1597 3479 vero

261 3515 381 3598 illa'iu
405 3527 500 3600 dicta
529 3527 629 3600 curia
655 3549 783 3600 vacare
813 3529 1010 3626 continget,
1041 3528 1110 3600 uisi
1139 3529 1184 3604 de
1215 3551 1387 3628 expresso
1417 3553 1598 3605 consensu

263 3649 374 3747 ipsius
397 3651 588 3726 cardinalis
612 3651 781 3726 ordinarii
805 3675 868 3727 seu
889 3656 1185 3730 commendatarii
1208 3657 1244 3731 in
1267 3659 1494 3757 expeditione
1515 3656 1599 3732 lite-

218 3845 221 3850 .
262 3799 382 3848 rarum
407 3777 562 3875 desuper
585 3777 802 3868 adhibendo,
829 3777 905 3852 sine
931 3803 1001 3875 quo
1025 3781 1247 3878 provisiones
1273 3783 1350 3880 ipse
1372 3783 1501 3858 nullius
1527 3783 1597 3856 sint

261 3901 405 3998 penitus
426 3904 566 3976 roboris
594 3902 649 3976 vel
677 3904 863 3993 momenti,
889 3905 1060 3979 ecclesias
1083 3929 1238 4003 quoque,
1263 3909 1496 3999 monasteria,
1517 3931 1599 4007 pre·
1676 3967 1681 3980 .

262 4027 453 4122 posituras,
479 4027 674 4124 prioratus,
699 4028 909 4126 dignitates,
934 4037 1165 4126 personatus,
1191 4034 1519 4109 administrationes
1539 4035 1596 4108 rel

262 4149 398 4240 officia,
432 4152 664 4226 canonicatus
698 4158 733 4226 et
760 4153 962 4248 prebendas
994 4155 1174 4253 reliquave
1199 4159 1377 4234 beneficia
1403 4159 1596 4236 ecclesias-

262 4273 333 4346 tica
364 4274 537 4348 secularia
571 4281 607 4350 et
636 4273 801 4348 ordinum
835 4297 1144 4375 quorumcumque
1179 4282 1359 4379 regularia
1393 4305 1476 4358 cum
1510 4303 1597 4357 cura

263 4391 298 4472 et
314 4399 389 4474 sine
411 4424 510 4492 cura,
528 4400 817 4497 qualiacumque,
839 4425 906 4498 per
926 4403 1077 4496 obitum,
1101 4408 1366 4503 promotionem
1388 4432 1452 4484 seu
1473 4431 1595 4506 quam-

262 4523 313 4595 vis
328 4525 432 4597 aliam
449 4527 697 4602 dimissionem
711 4527 767 4601 vel
787 4525 1059 4625 dispositionem
1078 4529 1320 4621 familiarium,
1342 4531 1595 4605 continuorum

263 4653 560 4725 commensalium
584 4653 816 4728 cardinalium
839 4655 1065 4746 corumdem,
1091 4679 1157 4754 pro
1182 4659 1345 4754 tompore
1371 4655 1479 4730 etiam
1501 4654 1596 4754 apud

180 4753 187 4780 '
263 4771 387 4844 sedem
407 4776 580 4870 prefatam
599 4779 773 4869 vacantia,
799 4780 907 4854 ctiam
930 4781 959 4854 si
978 4781 1171 4855 familiares
1190 4781 1259 4880 ipsi
1280 4779 1511 4874 decedentes,
1535 4782 1597 4856 illa

301 4999 325 5052 f.
347 4995 563 5070 Institutionem,
588 5015 638 5058 seu
661 4999 787 5076 quamvis
814 4999 894 5060 uliam
924 5001 1039 5062 similem
1062 4999 1107 5060 vel
1134 5002 1292 5062 dissimilem
1321 5004 1539 5080 dispositionem.
1559 5034 1597 5050 —

263 5083 382 5159 Manque
396 5086 466 5142 dans
479 5085 570 5144 Riual.

297 5177 324 5230 2.
346 5175 396 5233 Vel
410 5179 606 5237 commendam.
624 5208 656 5226 -
671 5181 708 5239 Iri
721 5181 831 5241 s'arrete
847 5183 872 5242 la
887 5182 998 5243 citatior
1013 5183 1046 5244 de
1062 5185 1205 5245 Burcbard
1220 5185 1290 5245 dans
1307 5186 1400 5245 Riual.
