3424 6038
83 457 266 524 [assumtae]
405 457 531 514 RERUM
556 453 783 516 URBANARUM
808 451 1069 516 COMMENTARH.
1345 469 1396 524 291

125 617 198 700 Quo
208 614 319 703 facto,
334 615 407 687 duo
431 613 574 688 diaconi
595 610 795 687 cardinales
817 619 991 686 venerunt
1011 613 1057 687 ad
1075 613 1315 690 assistendum
1332 619 1395 690 SS.

81 745 117 815 o.
142 745 200 833 N.,
227 740 392 818 omnibus
418 741 496 816 aliis
523 737 763 814 cardinalibus
789 745 825 812 et
844 738 991 836 prelatis
1012 739 1126 812 firmis
1152 739 1189 813 in
1212 739 1302 814 locis
1327 740 1399 812 suis

80 867 309 942 manentibus.
328 871 427 942 'lunc
440 867 618 941 intrarunt
637 889 703 962 per
720 864 986 956 consistorium,
1004 865 1049 939 ad
1068 866 1264 940 secundam
1280 865 1399 939 aulam

79 993 303 1084 divertentes
344 991 489 1068 circiter
527 997 673 1068 centum
711 991 840 1082 Mauri,
883 989 1012 1089 singuli
1054 990 1215 1089 singulos
1248 989 1399 1063 annulos

78 1141 214 1214 grossos
238 1119 376 1194 ferreos
401 1119 446 1193 ad
477 1117 609 1191 collum
630 1117 821 1206 habentes,
846 1115 956 1212 longa
976 1123 1105 1190 catena
1130 1121 1165 1189 et
1187 1116 1271 1188 fune
1292 1113 1398 1187 simul

74 1243 177 1340 ligati,
200 1245 277 1342 pari
299 1243 426 1318 habitu
452 1267 579 1318 omnes
600 1241 728 1332 induti,
751 1265 842 1338 quos
865 1247 1010 1316 secutus
1030 1249 1085 1315 est
1106 1241 1252 1339 quidam
1277 1245 1399 1313 orator

75 1371 160 1468 regis
172 1371 344 1469 Hispania
361 1378 396 1446 ct
411 1371 549 1468 regine,
563 1369 622 1465 qui
634 1389 758 1442 coram
774 1369 837 1441 SS.
852 1370 895 1441 o.
912 1369 954 1441 N.
970 1366 1195 1472 genuflexus,
1214 1365 1396 1440 osculatus

74 1501 122 1568 est
140 1497 219 1594 ejus
238 1496 370 1594 pedem
397 1502 539 1570 tantum
559 1502 596 1569 et
614 1491 832 1592 presentavit
855 1491 976 1565 literas
994 1491 1215 1588 prefatorum
1239 1493 1333 1590 regis
1361 1497 1397 1566 et

75 1620 205 1716 regine,
224 1621 357 1719 uulgari
375 1621 529 1720 hispano
552 1620 716 1717 scriptas,
739 1643 827 1715 quas
849 1622 891 1690 R.
919 1621 960 1691 P.
983 1621 1026 1690 D.
1053 1618 1284 1692 Antoniottus
1300 1617 1396 1716 epis-

73 1769 177 1843 copus
198 1745 399 1839 Auriensis,
423 1747 594 1838 deterius,
614 1745 758 1843 publice
778 1743 878 1840 legit,
901 1743 1130 1818 continentes
1150 1744 1246 1840 quod
1265 1742 1395 1841 prefati

72 1893 128 1944 rex
151 1878 188 1946 et
210 1872 337 1970 regina
351 1872 541 1947 mittebant
561 1870 833 1946 Sanctitatisue
856 1874 1003 1942 centum
1028 1873 1187 1960 Mauros,
1209 1869 1305 1942 inter
1326 1869 1396 1943 alia

71 1993 177 2090 spolia
202 2001 316 2070 estate
348 1996 522 2093 preterita
547 1994 585 2067 in
606 1991 768 2082 victoria,
794 2015 903 2088 quam
933 2001 1060 2068 contra
1086 2019 1210 2093 regem
1239 1998 1395 2070 Granate

71 2119 282 2216 babuerunt,
296 2129 435 2220 captos,
447 2119 754 2220 quosSanctitatis
768 2143 831 2192 sue
847 2119 943 2193 dono
959 2119 1092 2194 dabant
1102 2129 1138 2193 et
1152 2119 1272 2217 plures
1288 2119 1392 2211 alios,

70 2252 241 2340 quatenus
257 2247 444 2321 Sauctitati
459 2271 520 2321 sue
536 2247 710 2344 placeret,
726 2246 873 2322 daturos
889 2245 1090 2320 offerebant
1106 2247 1117 2345 (
1141 2245 1166 2346 ).

111 2373 227 2448 Lectis
239 2371 368 2464 literis,
387 2377 509 2448 orator
524 2372 583 2446 ille
599 2371 719 2469 aliqua
734 2373 843 2446 verba
856 2371 1067 2470 genuflexus
1081 2394 1205 2446 coram
1221 2371 1393 2470 pontifice

72 2493 229 2594 exposuit
247 2521 255 2570 :
273 2497 435 2595 pontifex
460 2497 658 2596 respondit.
685 2501 872 2575 Venerunt
896 2497 1026 2571 deinde
1049 2491 1183 2572 familie
1207 2503 1392 2572 oratorum

71 2622 319 2717 predictorum,
348 2626 592 2698 Romanorum
618 2629 654 2697 et
675 2623 846 2720 Hispania
864 2645 1005 2720 regum,
1028 2623 1073 2697 ad
1093 2623 1258 2698 osculum
1287 2623 1389 2721 pedis

71 2747 171 2844 Papa,
186 2749 248 2846 qui
264 2747 395 2823 deinde
409 2749 563 2824 surrexit
579 2755 614 2822 et
635 2747 740 2822 rediit
760 2747 805 2822 ad
820 2772 1018 2839 cameram,
1036 2749 1132 2823 dicto
1146 2747 1330 2824 Bernardo
1346 2749 1391 2823 de

70 2871 224 2948 Polhaim
239 2881 381 2949 oratore
394 2875 545 2950 caudam
558 2874 721 2973 pluvialis
738 2879 832 2973 Pepe
848 2898 950 2950 mora
965 2875 1070 2950 solito
1086 2875 1285 2952 deferente.

109 3001 304 3074 Hoomaue
321 3003 363 3074 R.
383 3004 422 3074 P.
447 3005 489 3074 D.
515 3000 698 3075 lohannes
723 3000 915 3099 episcopus
934 3001 1187 3094 Tomacensis,
1217 3001 1391 3098 magister

69 3119 188 3198 domus
200 3125 322 3224 palatii
337 3124 538 3222 apostolici,
556 3125 601 3200 de
617 3126 787 3200 mandato
801 3129 864 3200 SS.
878 3130 920 3199 D.
937 3129 978 3200 N.
992 3150 1098 3225 pape,
1114 3151 1197 3201 cum
1211 3127 1389 3222 aliquibus

69 3248 283 3324 cubiculariis
313 3259 350 3324 et
376 3251 554 3325 scutiferis
588 3255 697 3349 Pape,
729 3251 918 3326 associavit
947 3251 1129 3348 predictos
1155 3259 1316 3327 oratores
1344 3275 1389 3326 ex

68 3371 167 3450 domo
182 3399 309 3450 eorum
320 3375 512 3451 residentia
523 3399 636 3473 usque
649 3375 695 3450 ad
709 3375 881 3474 palatium
896 3376 942 3451 ad
954 3400 1136 3451 cameram
1152 3377 1388 3476 apostolicam

70 3497 122 3573 ubi
138 3507 390 3600 expectarunt3
409 3501 506 3576 idem
529 3501 637 3576 ctiam
660 3501 826 3576 lecerunt
846 3502 1089 3600 superioribus
1105 3503 1208 3577 annis
1225 3510 1388 3579 oratores

70 3625 155 3722 regis
181 3627 331 3702 Francia
355 3651 423 3726 pro
454 3627 659 3702 obedientia
687 3627 882 3725 prestanda
911 3627 1026 3720 missi,
1059 3635 1183 3727 preter
1206 3630 1389 3727 antiquam

70 3753 376 3844 consuetudinem
409 3753 518 3828 credo
541 3759 663 3828 tamen
691 3753 727 3826 id
753 3759 874 3826 actum
902 3777 982 3829 esse
1006 3755 1048 3828 ad
1075 3755 1205 3852 prefati
1227 3755 1388 3854 episcopi

71 3875 297 3952 fornacensis
314 3876 603 3974 instantiamqui
614 3875 671 3949 his
683 3876 811 3950 mediis
825 3877 970 3973 placere
987 3879 1125 3952 studuit
1142 3883 1387 3952 Romanorum

71 4003 101 4071 ef
124 4001 341 4076 Francorum
366 4002 525 4101 regibus,
550 4001 587 4075 in
617 4021 768 4098 quorum
795 4001 964 4077 dominiis
990 4003 1145 4078 ecclesia
1173 4011 1208 4078 et
1232 4003 1386 4079 diecesis

69 4124 296 4202 fornacensis
315 4124 382 4203 site
405 4134 502 4218 sunt,
524 4129 625 4226 cujus
649 4127 801 4203 ecclesie
821 4129 1091 4225 possessionem
1116 4129 1212 4204 idem
1235 4134 1277 4203 D.
1300 4132 1386 4203 Tor-

71 4251 688 4350 necansisnondumhaberepotuit.
1398 4337 1401 4344 ,

112 4376 226 4454 Prima
254 4373 438 4454 dominica
467 4379 704 4478 sexagesimo,
734 4403 803 4475 que
827 4381 891 4456 fuit
932 4385 975 4455 10
1004 4381 1172 4456 februarii
1197 4403 1310 4476 usque
1340 4379 1385 4453 ad

72 4501 176 4575 carnis
190 4501 356 4601 pririum,
375 4507 437 4580 SS.
457 4508 501 4579 D.
528 4509 570 4580 N.
599 4521 643 4580 ex
666 4527 813 4580 camera
837 4506 941 4580 Urbis
962 4507 1128 4605 exposuit
1142 4506 1249 4605 pallia
1267 4505 1383 4579 diver-

72 4645 182 4702 sorum
197 4630 346 4704 sortium
359 4653 425 4730 pro
440 4629 639 4706 volentibus
655 4655 814 4723 currere,
828 4629 992 4707 videlicet
1004 4656 1069 4730 pro
1084 4637 1102 4706 J
1106 4633 1220 4707 udeis.

99 4885 121 4942 1.
140 4886 176 4945 Le
185 4905 255 4963 pope
265 4885 297 4946 ut
308 4886 373 4944 loire
387 4885 524 4962 plusieurs
539 4887 592 4946 lots
605 4889 639 4945 de
653 4907 699 4947 ces
712 4889 888 4948 malheureux
899 4896 926 4948 et
937 4891 977 4948 les
991 4889 1126 4948 distribuo
1140 4909 1174 4948 en
1189 4892 1311 4950 cadeaux
1327 4910 1381 4950 aux

70 4976 206 5034 curdiuaux
225 4985 253 5036 et
271 4995 326 5034 aux
346 4977 477 5052 premiere
498 4979 622 5053 citoyens
641 4979 675 5036 de
694 4979 720 5036 la
738 4979 809 5037 ville.
826 5003 861 5023 -ι
884 4980 1003 5052 ninum,
1019 4988 1040 5039 t.
1061 4981 1149 5047 XXX,
1167 5000 1193 5056 p.
1211 4983 1272 5048 138,
1288 4993 1320 5038 n⁰
1336 4986 1384 5052 15,

70 5063 237 5214 {torlepfggrio
251 5069 284 5123 di
294 5067 385 5123 Roma
400 5068 448 5124 aet
456 5067 578 5142 Notata,
590 5075 654 5144 etc,
665 5069 735 5128 dans
746 5070 858 5142 Mutat„
867 5069 931 5128 ae.
945 5071 1017 5128 Ital.
1033 5071 1241 5144 sortpr.,t.111‚
1256 5075 1285 5128 2ῦ
1298 5079 1381 5148 part,
