3508 6034
343 453 395 508 aaa
755 409 759 416 ⁴
796 451 972 510 Jounuurs
997 450 1218 521 concussor,
1508 453 1589 524 [driu
1605 455 1668 526 ron

342 603 388 676 ad
403 603 575 700 palatium
598 603 832 678 habitationis
854 627 932 694 sne,
957 603 1114 702 publice,
1144 604 1271 678 ordine
1295 603 1400 678 solito
1423 604 1593 678 associari
1612 605 1666 702 (l).

345 732 423 813 Quo
439 728 547 816 iacto,
567 727 744 801 Sanctitas
761 730 936 802 suevenit
950 727 996 801 ad
1007 728 1183 826 capellam
1195 725 1396 826 predictam
1413 725 1474 800 ubi
1488 727 1668 802 benedixit

343 852 481 949 palmas
502 857 537 926 et
557 851 738 926 distribuit
757 875 858 928 more
879 853 1000 927 solito.
1021 851 1219 927 Cardinalis
1240 849 1451 936 Moriensis,
1477 873 1563 926 cum
1586 851 1668 926 ordo

344 977 461 1073 ipsum
479 983 657 1074 tangeret,
675 1001 719 1050 ex
734 977 932 1052 faldistorio
949 979 1046 1052 venit
1057 1001 1123 1074 pro
1142 975 1280 1074 palma;
1298 976 1430 1051 deinde
1455 975 1542 1049 illuc
1558 977 1668 1050 rediit.

344 1100 486 1175 Palmas
515 1100 604 1175 duas
637 1125 787 1200 magnas
814 1126 896 1175 suas
927 1107 1026 1200 Papa
1054 1101 1153 1176 dedit
1182 1101 1265 1174 duci
1296 1104 1385 1175 Sore
1410 1109 1447 1174 et
1475 1101 1671 1175 marchioni

345 1225 475 1298 Finarii
492 1225 679 1300 tenendas.
704 1231 784 1300 Dux
802 1227 964 1300 Ferraria
987 1227 1149 1300 interfuit
1173 1233 1210 1299 et
1232 1226 1373 1323 accepit
1393 1225 1556 1322 palmam
1579 1249 1670 1298 suam

343 1357 425 1448 post
439 1375 565 1426 omnes
581 1351 782 1428 cardinales
796 1358 831 1425 et
844 1360 926 1448 post
942 1375 1027 1424 eum
1043 1353 1253 1448 capitaneus
1265 1349 1438 1438 Ecclesia,
1455 1349 1529 1422 dux
1540 1351 1627 1424 Sere
1641 1359 1671 1424 et

345 1475 508 1550 marchio
524 1477 671 1564 Finarii‚
686 1475 818 1551 deinde
834 1476 962 1573 prelati
981 1478 1192 1550 assistentes
1214 1482 1291 1549 tum
1314 1474 1387 1547 alii.
1414 1477 1494 1548 Dux
1515 1477 1670 1548 Ferraria

343 1599 470 1674 babuit
494 1601 616 1674 locum
651 1623 761 1696 quem
799 1599 843 1675 de
874 1601 1045 1674 mandato
1078 1603 1139 1674 SS.
1168 1603 1210 1672 Ι).
1244 1599 1360 1673 nostri
1389 1599 1572 1694 assignavi
1600 1607 1670 1695 post

344 1726 510 1800 ultimum
542 1727 734 1800 diaconum
757 1725 992 1812 cardinalem,
1017 1721 1185 1796 videlicet
1214 1720 1260 1796 de
1286 1721 1437 1794 Medicis
1464 1721 1527 1817 qui
1548 1721 1585 1793 in
1599 1745 1671 1818 pro

346 1850 525 1938 cessione,
542 1856 578 1924 et
594 1854 690 1948 Papa
704 1850 750 1925 ad
763 1849 939 1947 capellam
954 1848 1134 1936 veniente,
1153 1846 1303 1920 incessit
1315 1851 1397 1943 post
1415 1869 1567 1920 erucem
1583 1845 1670 1920 solus

344 1981 428 2050 anto
444 1997 571 2050 omnes
588 1976 801 2051 cardinales.
821 1974 911 2049 Dedi
928 1974 1038 2048 etiarn
1051 1997 1096 2048 ex
1109 1971 1257 2070 speciali
1274 1971 1537 2045 commissione
1554 1973 1616 2046 SS.
1632 1975 1667 2044 o.

343 2101 456 2173 nostri
480 2099 600 2174 locum
629 2107 783 2198 quatuor
808 2100 1001 2174 comitibus
1031 2105 1067 2172 et
1090 2097 1287 2172 baronibus
1318 2119 1363 2168 ex
1389 2095 1531 2169 familia
1561 2096 1666 2180 ducis,

343 2223 510 2302 videlicet
525 2225 562 2299 in
577 2227 695 2323 primo
710 2225 823 2322 gradu
840 2224 920 2299 solii
935 2223 1143 2299 Sanctitatis
1154 2245 1218 2296 sue
1234 2221 1295 2293 ubi
1308 2227 1487 2296 steterunt
1498 2245 1584 2296 cum
1599 2221 1667 2296 aliis

346 2350 540 2424 comitibus
564 2355 600 2424 et
623 2335 832 2425 baronibus.
869 2354 953 2423 Post
976 2347 1267 2422 distributionem
1295 2347 1516 2445 palmorum,
1542 2350 1668 2444 Magni·

346 2473 436 2548 licus
452 2478 495 2547 D.
512 2483 633 2549 orator
647 2475 743 2572 regis
756 2475 906 2548 Polonie
921 2474 1020 2548 dedit
1037 2495 1168 2570 aquam
1183 2471 1351 2545 manibus
1365 2475 1429 2546 SS.
1449 2476 1494 2545 D.
1511 2475 1555 2546 N.
1571 2497 1664 2571 papo.

344 2602 441 2696 Papa
455 2599 551 2672 venit
566 2599 885 2697 processionaliter
898 2599 943 2670 ad
956 2598 1077 2672 locum
1094 2620 1213 2684 suum,
1236 2595 1297 2669 ubi
1316 2597 1491 2694 proJectis
1504 2597 1666 2672 olivarum

343 2723 455 2797 ramis
470 2723 618 2821 populo,
636 2723 778 2796 intravit
804 2722 940 2798 ibidem
961 2745 1144 2798 cameram
1165 2720 1360 2795 cardinalis
1381 2745 1411 2794 s.
1435 2723 1624 2796 Anastasie
1638 2730 1667 2795 et

278 2869 283 2882 ·
343 2848 529 2943 processio
543 2847 621 2920 sine
637 2849 734 2944 Papa
747 2847 852 2921 rediit
868 2847 913 2921 ad
935 2847 1112 2945 capellam
1133 2847 1348 2944 predictam.
1368 2851 1524 2922 Crucem
1540 2847 1666 2944 accepit

344 2971 584 3048 subdiaconus
613 2972 750 3070 capelle
775 2979 897 3047 nostre
922 2997 1030 3070 quam
1054 2973 1207 3070 portavit
1231 2973 1268 3045 in
1293 2971 1388 3062 alba,
1418 2974 1507 3070 quia
1534 2973 1665 3071 planeta
1734 2973 1735 2986 ’

343 3097 442 3170 nulla
453 3121 519 3194 pro
540 3121 584 3170 eo
601 3097 729 3172 baberi
750 3103 913 3194 poterat:
932 3097 1150 3171 candelabra
1176 3102 1212 3169 et
1236 3095 1461 3169 thuribulum
1488 3105 1663 3193 portarunt

343 3219 413 3293 duo
451 3219 626 3316 capellani
668 3219 898 3294 celebrantis
937 3219 1136 3294 Cardinelis
1171 3219 1375 3294 Aleriensis
1425 3221 1663 3296 celebraturus
1733 3199 1734 3220 ἶ

342 3345 491 3418 incessit
506 3345 542 3416 in
559 3343 685 3417 ultimo
700 3343 782 3417 loco
793 3351 874 3442 post
888 3365 1015 3418 omnes
1032 3343 1232 3433 cardinales
1248 3344 1456 3441 inplaueta,
1477 3354 1598 3420 lamen
1610 3368 1665 3443 per

342 3469 641 3543 inadvertentiam
665 3475 847 3556 nostram3
873 3467 1029 3542 debebat
1059 3468 1157 3541 enim
1183 3468 1337 3566 pluviale
1369 3469 1558 3559 detulisse,
1582 3493 1665 3543 asso·
1732 3523 1733 3577 ,

343 3593 521 3666 cientibus
551 3594 669 3690 ipsum
696 3592 851 3666 diacono
877 3599 913 3667 et
936 3593 1124 3689 capellano
1149 3592 1355 3682 assistente,
1373 3593 1454 3667 aliis
1480 3593 1660 3693 capellanis

342 3717 461 3813 ipsum
478 3718 724 3814 sequentibus.

378 3905 404 3961 1.
425 3901 538 3962 Stelauo
553 3903 580 3960 di
595 3902 756 3961 Castroearo
771 3902 802 3960 lit
815 3907 879 3976 part
899 3901 933 3959 de
956 3908 1027 3959 cette
1046 3901 1216 3960 nomination
1234 3907 1251 3960 d
1269 3902 1362 3960 Pierre
1375 3903 1410 3960 ds
1424 3901 1539 3960 Medicis
1558 3901 1622 3958 dans
1638 3899 1659 3954 la

342 3993 461 4068 depecbe
477 3993 621 4052 salvante:

422 4130 437 4160 «
452 4109 601 4184 Magnilieo
616 4110 672 4167 viro
687 4109 768 4167 Petro
782 4109 816 4166 de
830 4109 956 4182 Medicis,
972 4110 1067 4184 majori
1081 4127 1142 4168 meo
1156 4110 1417 4168 observandissime.
1433 4109 1579 4168 Florentio.

377 4231 391 4260 u
408 4207 557 4282 Magnifica
575 4207 656 4266 Piero
670 4208 725 4265 mio
736 4207 800 4266 bon.
818 4207 922 4276 Questa
936 4209 1051 4266 mattiae
1060 4209 1177 4266 essendo
1189 4209 1296 4266 invitati
1305 4209 1322 4264 li
1338 4208 1474 4267 Cardinali
1484 4205 1656 4270 all'olbcio,et

341 4297 434 4354 Messa
448 4297 474 4354 in
486 4297 588 4371 capella
602 4315 651 4371 per
664 4297 690 4354 la
705 4296 895 4353 benedictione
908 4295 978 4353 delle
993 4298 1096 4371 palma;
1112 4298 1282 4373 congregati,
1298 4299 1349 4354 ebe
1366 4299 1463 4354 lurono
1477 4298 1552 4368 tutti,
1566 4305 1592 4353 et
1604 4300 1655 4350 ante

341 4385 487 4443 Missurum
508 4386 649 4456 solemnia,
666 4387 766 4443 Nostro
781 4385 899 4459 Signore
918 4386 936 4441 li
955 4387 1062 4443 cbiarnd
1084 4387 1182 4445 dentro
1200 4386 1274 4445 nella
1293 4387 1432 4444 audientia
1450 4404 1501 4442 sun
1519 4389 1617 4442 secreta
1634 4385 1655 4434 et

341 4473 415 4546 quivi
429 4481 555 4547 presente
570 4481 641 4532 tutto
655 4475 672 4532 il
689 4473 809 4548 Collegio
824 4474 944 4548 publico,
962 4483 989 4532 et
1003 4476 1124 4534 dichiard
1141 4479 1262 4542 Monere,
1274 4483 1366 4534 vostro
1381 4475 1498 4534 Fratello
1509 4475 1607 4546 Legata
1619 4467 1653 4524 del

341 4561 522 4632 Patrimonio;
533 4568 568 4621 nd
581 4564 607 4620 vi
622 4563 708 4638 petrei
723 4564 780 4620 dire
790 4570 893 4636 quanto
909 4567 923 4620 ὲ
939 4569 1011 4621 stato
1018 4573 1098 4640 grata
1108 4573 1207 4640 questa
1219 4565 1480 4624 demonstrationes
1495 4567 1653 4636 tntuqnesu

341 4651 430 4714 Corte,
447 4661 475 4709 et
493 4653 573 4711 citu.
591 4653 670 4728 Dipoi
683 4655 783 4711 Nostro
799 4654 915 4728 Signcre
930 4655 1002 4712 ando
1021 4656 1048 4711 in
1063 4655 1185 4731 Capella,
1201 4664 1229 4715 et
1246 4657 1393 4714 benedisse
1410 4656 1436 4713 le
1453 4655 1538 4730 palme
1552 4661 1578 4710 et
1594 4650 1651 4706 cele-

341 4737 427 4796 brassi
442 4759 497 4796 una
511 4742 619 4812 Messa3
635 4742 662 4800 la
675 4743 754 4816 quale
769 4741 856 4811 linita,
872 4742 992 4800 Monsre.
1006 4751 1110 4802 nostro.
1126 4745 1208 4803 Rmo.
1223 4749 1305 4819 parti,
1321 4752 1349 4803 et
1365 4745 1394 4804 lu
1409 4747 1612 4819 accompagnato
1623 4737 1652 4792 111
1728 4739 1729 4751 ’

340 4833 411 4885 tutto
430 4829 449 4886 il
469 4830 589 4906 Collegio
608 4831 699 4889 insino
720 4850 737 4890 a
757 4847 832 4902 casa,
848 4848 899 4888 con
926 4833 1110 4906 grandissimo
1126 4835 1239 4906 honore,
1258 4843 1287 4893 et
1309 4835 1337 4891 iu
1357 4851 1423 4892 cosa
1438 4834 1508 4892 bella
1523 4851 1540 4890 a
1558 4831 1649 4888 sedere.

340 4914 442 4974 Giunta
455 4920 542 4978 arrivd
554 4919 602 4995 qui
615 4920 744 4987 hieroam,
761 4920 798 4978 lui
814 4930 841 4980 et
859 4922 995 4994 llariotlo,
1012 4932 1040 4982 et
1054 4926 1077 4983 si
1091 4927 1271 4986 raccomanda
1285 4927 1338 4985 alla
1352 4927 1389 4985 M.
1406 4927 1441 4984 V.
1458 4933 1485 4984 el
1499 4924 1523 4981 io
1541 4919 1649 4980 insieme.

341 5001 415 5063 Bene
426 5008 495 5066 vale.
940 5035 955 5067 o
968 5013 1074 5086 Roma,
1090 5015 1134 5073 die
1146 5015 1205 5074 llV.
1222 5017 1333 5091 Aprilis,
1348 5017 1428 5074 1192.
1440 5039 1455 5068 »

376 5111 506 5186 (Roscoe,
524 5118 579 5174 rte
593 5121 644 5188 tite
646 5157 702 5176 .....
717 5123 754 5191 of
764 5119 819 5176 Lro
833 5121 880 5176 tlte
900 5123 989 5190 tenth,
1007 5127 1026 5182 t.
1049 5122 1099 5191 lll,
1114 5141 1189 5198 app,
1204 5143 1232 5199 p.
1248 5125 1311 5195 119,
1325 5133 1357 5181 n⁰
1371 5125 1430 5198 21.)
