3422 6034
314 441 366 498 346
772 433 948 492 ιῙΟΗΑΝΝΙΞ
972 432 1196 506 BURCHARDI,
1479 433 1562 497 [Avrtl
1573 435 1639 502 tlte]

316 595 392 668 tina
407 593 463 667 vel
479 594 562 684 alia,
581 592 651 666 sibi
668 591 847 689 placente,
866 589 937 681 die,
954 593 1018 664 SS.
1036 593 1081 664 D.
1099 594 1141 664 N.
1159 613 1291 688 papam
1306 590 1340 663 in
1358 613 1473 688 cappa
1486 589 1644 664 cardina-

320 721 387 794 lari
400 743 442 793 ac
459 724 614 793 RRmos.
634 721 708 792 llll.
728 715 929 790 cardinales
943 714 1101 803 visitare,
1119 722 1155 790 et
1168 741 1234 814 pro
1245 741 1347 792 more
1365 717 1499 815 gratias
1512 740 1640 813 agere:

321 869 393 943 quo
424 845 622 935 intellecto,
648 842 848 916 Paternitas
869 844 942 916 Sua
962 864 1130 917 asserens
1154 843 1424 941 promotionem
1448 866 1553 917 suam
1577 865 1643 916 non

319 969 540 1066 intelligere,
562 975 757 1068 propterea
775 991 961 1043 assumere
983 991 1057 1042 non
1079 969 1184 1061 velle,
1202 969 1340 1066 rogavit
1359 992 1419 1043 me
1441 977 1480 1042 ut
1502 973 1642 1041 Rmum.

320 1101 364 1171 l).
387 1095 726 1171 vicecancellarium
740 1095 952 1169 accederem
969 1095 1048 1193 ejus
1063 1094 1224 1187 nomine,
1246 1101 1283 1170 et
1302 1095 1470 1168 ordinem
1486 1117 1553 1168 sue
1573 1118 1645 1191 pra-

319 1223 490 1297 motionis
503 1222 757 1319 intelligerem,
772 1229 808 1297 et
824 1219 890 1294 sibi
910 1219 995 1317 quid
1009 1219 1230 1296 laciendum.

369 1327 533 1424 lntellexi
549 1373 570 1422 a
586 1353 689 1422 Rmo.
710 1352 753 1421 D.
769 1347 1063 1422 vicecancellario
1080 1349 1143 1421 SS.
1160 1351 1203 1420 D.
1221 1351 1251 1421 N
1256 1404 1281 1437 .,
1307 1347 1513 1445 predictum
1537 1347 1647 1420 dorni-

319 1499 408 1548 num
430 1474 588 1548 electum
608 1481 709 1548 motu
729 1473 876 1570 proprio
897 1474 941 1546 ad
968 1472 1161 1546 ecclesiam
1189 1473 1387 1570 prodiciam
1415 1472 1588 1569 elegisse,
1612 1497 1647 1546 ac

321 1600 390 1673 sibi
412 1600 624 1698 simpliciter
642 1599 765 1674 omnia
785 1621 851 1672 sua
869 1599 1047 1674 beneficia
1069 1621 1272 1673 reservasse
1300 1604 1336 1672 et
1357 1598 1483 1671 locum
1513 1597 1648 1672 audito-

319 1732 419 1800 ratus
443 1747 558 1821 usque
581 1724 627 1798 ad
649 1723 811 1796 habitam
833 1723 928 1797 dicte
953 1723 1107 1798 ecclesie
1132 1722 1403 1820 possessionem
1429 1722 1646 1819 pacificam:

318 1873 467 1950 prorsus
493 1849 728 1924 sanctitatem
749 1873 852 1923 suam
873 1849 1019 1942 dixisse,
1043 1849 1145 1922 litem
1162 1871 1243 1922 esse
1262 1847 1356 1921 inter
1376 1852 1420 1922 D.
1445 1848 1606 1922 electum
1620 1855 1649 1919 et

320 1977 513 2074 quemdam
530 1975 788 2050 cubicularium
804 1975 1008 2050 Sanctitatis
1025 1997 1089 2049 sue
1106 1998 1215 2071 super
1237 1975 1393 2070 quadam
1408 1974 1647 2071 prepositura,

321 2126 429 2199 quam
446 2103 547 2177 litem
573 2125 638 2174 sua
659 2101 839 2174 Sanctitas
859 2106 983 2200 aptare
1003 2100 1129 2190 vellet;
1150 2105 1273 2174 tamen
1293 2099 1361 2173 sibi
1379 2099 1570 2174 licentiam
1595 2101 1649 2175 dc·

321 2229 430 2320 disse,
449 2228 547 2324 quod
561 2227 598 2300 in
615 2227 788 2302 schedula
805 2249 913 2324 super
931 2226 1160 2324 promotione
1183 2225 1392 2323 hujusmodi
1413 2225 1646 2300 conficienda.

322 2354 589 2454 preposituram
605 2352 816 2450 hujusmodi
836 2375 909 2426 non
929 2353 1126 2450 exciperet,
1144 2352 1207 2424 sed
1228 2351 1441 2449 simpliciter
1455 2351 1582 2426 omnia
1594 2352 1650 2425 be-

321 2479 453 2554 neficia
469 2484 683 2554 reservaret.
703 2477 765 2549 His
778 2477 908 2552 deinde
923 2477 1069 2552 domino
1084 2479 1201 2552 electo
1218 2476 1352 2567 relatis,
1371 2476 1470 2551 idem
1490 2477 1649 2552 domiuus

322 2605 471 2695 electus,
492 2603 557 2678 sibi
577 2603 654 2677 lieri
668 2603 843 2701 permisit.

370 2730 475 2804 Faria
499 2729 636 2826 quinta,
667 2735 688 2802 9
714 2728 848 2802 mensis
883 2729 1018 2826 aprilis,
1058 2730 1157 2804 circa
1183 2731 1311 2806 horam
1338 2729 1564 2828 vigesimam,
1594 2751 1650 2825 per

322 2862 464 2953 portam
490 2854 659 2932 Viridarii
681 2855 860 2929 intrarunt
877 2855 1011 2930 Urbem
1033 2858 1105 2932 duo
1134 2856 1229 2950 laici,
1253 2865 1416 2932 oratores
1436 2853 1648 2931 serenissimi

323 2979 419 3077 regis
436 2979 621 3078 Hispanis,
641 3003 733 3053 unus
749 2979 867 3072 miles,
885 2980 975 3054 alius
999 2981 1139 3073 doctor,
1157 2965 1347 3080 ad'regem
1365 2983 1645 3082 Neapolitanum,

323 3105 370 3179 ad
382 3103 589 3178 instantiam
606 3108 714 3203 Pape,
729 3105 973 3198 utdicebatur,
992 3131 1057 3204 pro
1074 3109 1268 3182 concordia
1283 3111 1482 3201 tractanda,
1504 3118 1542 3186 et
1557 3109 1648 3184 nobi-

207 3313 211 3322 ,
233 3305 240 3320 ,
322 3232 415 3306 libus
429 3230 593 3305 ducentis
608 3230 804 3304 liberandis
818 3231 933 3322 missi,
956 3233 1015 3328 qui
1027 3235 1164 3332 recepti
1180 3242 1262 3308 suut
1276 3258 1343 3334 per
1356 3235 1512 3310 familias
1524 3239 1592 3311 SS.
1609 3237 1644 3306 ll.

325 3363 367 3433 N.
385 3381 492 3456 pape,
510 3363 546 3431 et
574 3360 792 3430 RRmorum.
819 3359 895 3430 DD.
924 3357 1173 3450 cardinalium,
1202 3384 1246 3435 eo
1264 3385 1366 3435 more
1387 3385 1429 3434 ac
1446 3362 1474 3434 si
1490 3385 1558 3459 pro
1573 3362 1648 3436 obe·

325 3481 658 3558 dientiaSanctitati
673 3505 737 3554 sue
755 3483 947 3579 prestanda
970 3484 1138 3572 venirent
1155 3511 1163 3560 :
1179 3485 1312 3561 familie
1338 3489 1559 3562 RRmorum.
1582 3491 1645 3562 lJD.

326 3608 558 3684 cardinalium
573 3607 854 3703 andegavensis,
868 3610 1124 3702 Beneventani,
1142 3611 1412 3687 vicecamerarii
1428 3621 1463 3687 et
1479 3616 1524 3688 de
1543 3613 1647 3689 Comi-

326 3734 423 3808 tibus
436 3733 641 3829 equitarunt
653 3733 745 3806 ultra
762 3739 925 3807 montem
946 3735 1111 3827 Marium,
1132 3735 1200 3810 alie
1219 3737 1321 3830 citra,
1338 3747 1378 3811 ut
1393 3739 1530 3813 lamilia
1548 3745 1642 3836 Pape.

326 3861 358 3931 Α
379 3857 512 3956 palatio
533 3857 577 3932 de
600 3857 767 3956 Spinellis
793 3858 960 3933 associati
990 3866 1073 3933 sunt
1099 3863 1278 3958 usquead
1306 3864 1455 3938 domum
1480 3865 1526 3940 de
1547 3869 1643 3940 Cruce

328 3984 422 4057 ultra
450 4006 618 4081 campum
634 3985 739 4059 Flore
755 3985 790 4057 in
807 4009 878 4080 qua
897 3985 1068 4083 hospitati
1092 3993 1187 4080 sunt,
1206 3993 1288 4063 ante
1304 4013 1411 4086 quam
1430 3992 1563 4089 gratias
1578 4013 1643 4086 ege-

329 4114 413 4183 runt
428 4132 531 4183 more
553 4116 746 4200 consueto;
772 4111 977 4206 equitarunt
999 4118 1132 4203 autem,
1151 4113 1256 4188 miles
1276 4115 1371 4189 inter
1391 4117 1483 4190 duos
1502 4117 1642 4214 prelatos

331 4235 467 4333 palatii,
485 4234 615 4309 deinde
633 4238 677 4308 D.
702 4235 942 4308 Astoricensis
958 4243 994 4310 et
1011 4243 1172 4312 oratores
1187 4239 1272 4313 dicti
1293 4241 1387 4339 regis
1404 4242 1440 4314 in
1457 4243 1554 4318 Urbe
1569 4239 1641 4315 resi-

330 4361 498 4436 dentes'a
517 4360 669 4434 sinistris
690 4359 835 4434 alterius
857 4362 984 4458 prelati
1009 4363 1144 4461 palatii,
1163 4366 1364 4440 successive
1384 4367 1459 4456 alii,
1481 4375 1522 4442 ul
1548 4365 1639 4442 moris

330 4495 398 4563 est.
915 4497 920 4504 ’

379 4614 572 4689 coninua
599 4614 814 4713 palmarum,
844 4619 887 4687 lt
913 4615 1049 4688 mensis
1078 4615 1212 4714 aprilis,
1240 4621 1365 4692 Rmus.
1393 4597 1437 4692 n.
1469 4615 1638 4694 cardinalis

333 4740 529 4815 Alerieusis
550 4741 796 4816 celebraturus
819 4741 1040 4838 pervenitad
1059 4742 1234 4840 capellam
1258 4745 1434 4840 majorem
1456 4745 1530 4834 ubi,
1556 4747 1637 4817 antc-

332 4889 439 4964 quam
456 4869 524 4941 SS.
544 4870 587 4941 D.
606 4871 648 4940 N.
666 4869 816 4957 veniret,
833 4867 972 4965 accepit
988 4869 1109 4941 omnia
1118 4875 1342 4966 paramenta,
1359 4869 1522 4966 exceptis
1539 4867 1637 4941 chiro-

331 4991 447 5065 thecis
458 4998 494 5066 et
505 4993 610 5066 anulo
625 4992 835 5091 pontificali,
856 4991 986 5065 deinde
1002 4993 1097 5067 venit
1113 4993 1275 5090 pontifex
1288 4993 1362 5090 qui,
1376 4993 1635 5070 lactaorationo

334 5116 471 5214 recepit
486 5118 685 5193 cardinales
700 5118 747 5192 ad
760 5118 999 5194 reverentiam
1014 5117 1050 5191 in
1067 5119 1190 5217 cappis
1206 5119 1414 5195 existentes.
1436 5121 1545 5195 Facta
1560 5137 1638 5190 rere·
