3600 6094
331 405 367 460 62
784 400 960 458 lOHANNIS
985 399 1207 468 BURCIIARDI,
1502 399 1590 462 [lent
1603 401 1665 463 tter]

335 555 574 630 cardinalibus
604 579 647 628 ac
676 560 751 628 toto
787 555 947 653 ipsorum
978 555 1213 629 cardinalium
1243 553 1397 651 collegio
1431 553 1663 646 unanimiter,

333 681 478 756 nemine
494 681 719 777 discrepante
734 681 797 780 (t),
819 681 855 754 in
876 708 909 755 s.
941 707 971 754 r.
998 705 1039 755 ac
1064 681 1273 754 universatis
1295 679 1457 754 Ecclesia
1482 703 1666 754 summurn

335 807 545 908 pontificem
561 812 616 880 est
637 813 841 902 assumptus
865 813 902 882 et
922 813 1103 904 receptus,
1129 813 1164 880 et
1185 806 1386 904 insignum
1409 806 1669 904 assumptionis

335 933 541 1032 hujusmodi
562 932 764 1006 cardinales
785 932 852 1006 sibi
876 933 1120 1030 deposuerunt
1137 932 1301 1006 croculas
1321 936 1358 1005 et
1373 931 1574 1006 induerunt
1593 953 1670 1004 eum

336 1058 533 1157 cappuccio
565 1082 673 1156 supro
702 1058 904 1132 rochetum.
936 1058 1208 1132 Collocarerunt
1239 1056 1384 1131 eumin
1408 1059 1495 1132 sede
1519 1057 1671 1154 pulchra

337 1183 506 1258 camerali
533 1183 651 1282 posita
673 1182 779 1274 interv
794 1183 906 1256 attare
933 1189 969 1256 et
994 1205 1158 1257 mensam
1182 1205 1328 1279 parram
1352 1182 1618 1279 supradictam,
1641 1189 1673 1254 et

336 1311 585 1408 imposuerunt
601 1308 667 1382 sibi
684 1308 828 1382 anulum
849 1307 911 1382 tel.
933 1331 1009 1382 rec.
1033 1307 1121 1382 Sixti
1141 1331 1232 1406 pape
1252 1308 1369 1404 quarti
1388 1332 1498 1404 quem
1525 1307 1674 1382 sacrista

336 1443 500 1536 paratum
516 1436 563 1509 ad
580 1434 650 1508 hoc
676 1435 833 1508 habebat
851 1457 859 1508 :
879 1433 956 1531 ipso
979 1443 1177 1531 assumpto,
1202 1432 1254 1506 sic
1284 1433 1447 1524 sedente,
1473 1433 1558 1532 ipse
1581 1432 1672 1506 idem

337 1561 447 1660 elegit
462 1561 528 1636 sibi
544 1584 677 1634 nomen
690 1563 935 1634 Innocnnrrun
952 1563 1077 1634 Parnm
1098 1562 1283 1640 Ooruvou.
1299 1561 1376 1645 Quo
1392 1558 1502 1648 tact0,
1519 1557 1672 1632 surrexit

337 1687 414 1785 ipse
430 1691 648 1784 assumptus
666 1691 703 1780 et
716 1685 834 1782 posita
848 1691 904 1759 est
925 1685 1031 1760 sedes
1052 1709 1116 1758 sua
1136 1684 1299 1782 predicta
1313 1691 1396 1759 ante
1412 1707 1585 1758 mensam
1600 1707 1674 1780 pre

338 1812 493 1903 dictam,
520 1810 650 1910 amotis
674 1809 757 1884 inde
782 1810 895 1884 tribus
918 1809 1096 1898 scabellis,
1122 1833 1191 1906 que
1215 1807 1314 1907 prius
1340 1814 1455 1900 crant,
1482 1813 1672 1908 apportata

340 1937 485 2010 luerunt
512 1936 667 2033 capitula
691 1935 907 2032 supradicta,
930 1958 996 2032 per
1019 1933 1233 2024 cardinales,
1260 1937 1419 2008 Foscaro
1442 1940 1616 2032 excepto,
1641 1940 1672 2006 ut

340 2085 449 2158 supra
472 2068 556 2135 ante
583 2061 738 2160 primum
767 2059 978 2134 scrutinium
1005 2059 1231 2150 dictumest,
1259 2059 1472 2158 subscripta,
1498 2085 1573 2158 que
1597 2066 1674 2158 post

342 2187 644 2286 subscriptionem
690 2186 806 2277 ultimi
848 2185 1062 2276 cardinalis,
1102 2184 1268 2259 videlicet
1301 2184 1395 2258 Rmi.
1432 2189 1475 2258 D.
1508 2185 1672 2271 Ascanii,

341 2313 519 2389 Sanctitas
535 2337 599 2386 sua
617 2311 828 2408 subscripsit
842 2311 880 2384 in
896 2310 1044 2408 singulis
1068 2333 1131 2386 sex
1150 2309 1351 2407 quinternis
1373 2311 1438 2384 sub
1463 2311 1520 2384 his
1539 2309 1671 2400 verbis,

342 2439 533 2512 videlicet:
1061 2523 1063 2526 ,

395 2597 427 2660 ι
444 2568 518 2663 Ego
548 2561 779 2638 Innocentius
804 2565 955 2636 Octavus
979 2559 1115 2635 electus
1140 2569 1177 2635 et
1197 2569 1403 2659 assumptus
1429 2563 1467 2636 in
1496 2584 1674 2637 summum

345 2691 555 2788 pontificem
586 2689 764 2788 premissa
790 2687 912 2761 omnia
944 2693 980 2761 et
1009 2687 1151 2784 singula
1181 2687 1367 2786 promitto,
1397 2713 1510 2763 voveo
1537 2697 1577 2764 et
1596 2691 1674 2786 juro

347 2817 538 2892 observare
564 2821 600 2888 et
624 2813 820 2912 adimplere
849 2813 887 2885 in
920 2813 1087 2892 omnibus
1116 2819 1152 2885 et
1180 2837 1245 2911 per
1269 2813 1390 2888 omnia
1413 2839 1501 2912 pure
1533 2821 1572 2889 et
1595 2815 1675 2888 sim-

348 2941 503 3040 pliciter,
529 2946 565 3014 et
588 2937 791 3030 bonafide,
819 2937 965 3011 realiter
990 2944 1026 3011 et
1052 2962 1134 3010 cnm
1164 2938 1297 3012 ellectu
1324 2939 1389 3012 sub
1409 2964 1504 3036 pena
1531 2936 1675 3038 perjurii

347 3073 383 3140 et
411 3065 665 3157 anathematis,
696 3089 717 3137 a
744 3063 874 3161 quibus
894 3087 963 3136 uec
989 3087 1048 3136 me
1077 3063 1195 3160 ipsum
1225 3063 1407 3138 absolvam
1438 3089 1508 3138 nec
1541 3063 1677 3139 absolu-

348 3190 484 3264 tionem
506 3189 612 3264 alicui
635 3188 871 3264 committam.
895 3190 947 3262 Ita
965 3210 1023 3260 me
1049 3190 1146 3261 Deus
1169 3188 1311 3285 adjuret
1333 3195 1369 3263 et
1388 3189 1458 3264 hec
1474 3197 1602 3265 sancta
1617 3187 1674 3262 Dei

349 3315 534 3412 evangelia
548 3314 609 3412 (2).
630 3344 647 3381 n

397 3441 545 3514 Interim
566 3445 688 3513 Rmus.
713 3443 756 3512 I).
782 3438 972 3532 cardinalis
998 3439 1184 3528 Senensis,
1202 3440 1382 3538 repositis,
1409 3465 1453 3516 ex
1475 3439 1676 3516 fenestrelle
1760 3497 1761 3543 ,

352 3563 512 3637 sacristis
537 3587 643 3662 parve
666 3565 773 3666 juxta
791 3565 902 3637 altare
927 3562 1022 3654 dicte
1043 3563 1204 3661 cappelte
1226 3563 1431 3656 existentis,
1453 3565 1585 3664 tegulis
1612 3567 1674 3640 sire
1760 3548 1761 3576 ¹

352 3689 522 3763 mattonis
544 3690 672 3787 quibus
696 3690 862 3784 obturata
880 3695 956 3764 erat
975 3689 1136 3780 remotis,
1161 3691 1326 3787 exposuit
1344 3714 1411 3787 per
1434 3715 1515 3766 eam
1535 3713 1675 3766 erucem

352 3815 485 3912 populo
500 3815 634 3889 ibidem
655 3815 691 3888 in
716 3815 815 3910 curia
833 3814 955 3912 palatii
980 3821 1214 3912 congregato,
1240 3821 1277 3890 et
1299 3840 1387 3891 voce
1409 3816 1545 3914 potenti
1570 3816 1678 3892 excla-

353 3940 461 4014 mavit
476 3939 599 4015 dicens
619 3965 627 4015 :
644 3983 693 3996 -
706 3939 900 4014 Aonctncio
923 3940 1015 4013 vobis
1034 3939 1207 4038 pendium
1223 3965 1408 4039 moenum.
1426 3941 1568 4038 Papum
1583 3942 1675 4016 lode—
1761 3947 1762 3974 *

390 4201 416 4259 1.
447 4198 520 4274 Voy.
544 4203 561 4257 t
581 4199 758 4274 I'Appendice
779 4199 822 4270 (ut
840 4198 887 4272 29)
911 4197 938 4254 Ie
960 4195 1085 4254 curiense
1113 4197 1234 4272 depeohe
1255 4198 1290 4255 ds
1313 4197 1448 4272 Vespucei
1472 4203 1490 4255 a
1511 4199 1629 4258 Laurent
1647 4198 1675 4253 de

353 4287 468 4348 Medicis
487 4305 536 4346 sur
549 4288 682 4346 I'tlecIIon
701 4287 739 4344 du
753 4285 873 4344 cardinal
897 4286 931 4343 de
945 4285 1034 4357 Melie,
1056 4293 1083 4344 et
1103 4286 1143 4342 tes
1158 4286 1255 4344 details
1267 4305 1315 4343 sur
1328 4287 1354 4344 Ia
1367 4287 1465 4344 tamitta
1480 4295 1507 4346 et
1522 4287 1562 4346 les
1578 4289 1675 4348 entants

354 4382 391 4437 du
411 4396 540 4438 nouveeu
560 4375 668 4436 PontiIe
687 4393 741 4451 que
759 4375 976 4434 I'nmbassadeur
994 4375 1104 4451 depeInt
1123 4393 1189 4433 sous
1208 4376 1257 4434 des
1275 4377 1401 4434 couleurs
1424 4395 1503 4436 assez
1522 4377 1674 4436 lavorabtes.

354 4468 426 4544 Voy.
442 4468 596 4542 &galement
609 4468 635 4526 Ia
648 4466 768 4542 dtpeche
782 4466 816 4524 da
830 4465 915 4537 Loeti,
930 4483 962 4522 no
980 4467 1025 4524 30.
1586 4470 1589 4478 '

390 4561 417 4614 2.
438 4559 570 4617 Innocent
594 4558 668 4624 VIII,
691 4561 707 4614 a
731 4556 758 4613 Ia
777 4556 911 4613 demands
934 4557 983 4614 des
1007 4561 1216 4614 conservateurs
1239 4557 1274 4614 de
1296 4556 1323 4614 la
1341 4557 1414 4630 ville,
1434 4557 1525 4618 s'ttnit
1548 4557 1676 4634 engngtt

357 4649 485 4704 necorde'r
507 4647 626 4706 certains
652 4645 797 4722 priuileges
821 4663 875 4703 aux
897 4645 1021 4720 citopens
1043 4645 1164 4704 romains
1189 4646 1401 4704 exclusivement
1422 4651 1439 4705 t
1458 4647 1518 4706 leur
1540 4657 1674 4719 nrantoge·

356 4737 495 4795 Intessura
508 4738 612 4796 affirmo
628 4737 703 4795 avotr
715 4755 753 4794 vu
765 4735 792 4793 la
804 4735 900 4793 cedute
914 4753 962 4794 our
976 4736 1091 4810 laquelle
1104 4737 1129 4792 Io
1144 4736 1220 4810 Papo
1234 4736 1307 4794 avait
1316 4737 1446 4794 eonttrme
1461 4756 1506 4795 ses
1520 4751 1674 4813 promesses.

393 4825 430 4883 Ce
444 4825 554 4882 dernier
567 4827 607 4882 les
625 4827 657 4882 tit
670 4829 757 4882 meme
770 4824 876 4881 inserer
893 4824 963 4881 dens
983 4841 1037 4880 une
1056 4824 1128 4880 bulte
1147 4841 1216 4897 pour
1230 4824 1289 4880 leur
1303 4827 1408 4883 donner
1422 4845 1459 4884 un
1474 4833 1611 4886 caractere
1624 4825 1676 4901 ptus

357 4915 447 4989 grand
460 4914 675 4972 d'authenticitt.
686 4915 707 4972 It
723 4919 765 4971 est
779 4915 835 4970 urai
850 4914 984 4988 d'ajouter
995 4913 1061 4988 qu'it
1075 4931 1093 4989 y
1108 4913 1264 4972 Introduisit
1279 4916 1413 4974 cerIaInes
1428 4917 1626 4975 modifications
1639 4912 1676 4988 qui

357 5003 538 5063 detruisaient
554 5005 590 5061 de
602 5004 650 5062 tait
664 5004 704 5062 les
719 5009 874 5076 avantages
891 5009 952 5064 tout
963 5003 1078 5062 d'abord
1098 5006 1221 5061 reserves
1238 5019 1292 5062 nux
1315 5007 1439 5082 citoyens
1458 5006 1588 5066 rumeins.
1605 5007 1676 5083 (Vos.

357 5093 497 5152 Intessure
511 5093 580 5151 dans
594 5094 707 5166 Eccard,
722 5094 774 5152 col.
791 5094 884 5168 1950.)
