3496 6056
371 467 407 523 30
823 457 999 518 JOHANNlS
1024 459 1245 534 BURCHARDI,
1537 463 1611 526 [ΛΟΜ
1624 468 1677 534 ¹⁴⁸⁸}

373 620 511 693 diocles
537 615 747 691 assistentes
779 591 952 710 poterunt
978 617 1039 691 illo
1071 641 1179 716 parvo
1207 625 1369 715 tempore
1406 617 1558 714 pedibus
1584 625 1676 712 stare;

422 745 554 820 Sedem
572 742 793 818 eminentem
815 747 851 814 et
873 741 1026 816 chorum
1042 743 1188 820 basilice
1209 769 1238 818 s.
1255 745 1429 819 lobannis
1449 749 1678 822 Lateranensis

371 873 535 946 similiter
558 874 687 943 ornent
718 865 821 963 paliis
854 873 890 942 et
919 867 956 940 in
977 875 1073 943 tarra
1097 869 1226 967 pannis
1249 870 1419 944 viridibus
1442 877 1476 944 et
1494 880 1679 946 amoveatur

379 1021 424 1074 ex
438 1019 482 1074 eo
499 997 611 1071 altare
625 1017 668 1069 ex
685 993 815 1066 tabulis
840 995 1081 1092 compositum
1103 1018 1176 1093 quo
1195 996 1360 1072 canonici
1382 995 1515 1072 ibidem
1533 1004 1676 1088 utuntur;

421 1125 574 1196 Ornatur
588 1119 696 1196 etiam
714 1118 825 1194 altore
847 1119 963 1216 majus
978 1119 1206 1213 solemniter3

424 1251 463 1322 ln
484 1247 623 1346 capella
647 1273 675 1321 s.
691 1245 871 1320 Laurentii
893 1269 964 1342 que
985 1247 1116 1320 Sancta
1136 1249 1350 1321 Sanctorum
1370 1247 1502 1322 dicitur
1519 1248 1556 1321 in
1570 1247 1678 1346 palatiu

376 1373 607 1452 Lateranausi
623 1378 898 1470 prosternentur
909 1370 1030 1468 aliqua
1047 1372 1181 1470 tapetia
1194 1373 1230 1446 in
1248 1379 1362 1463 terra;

419 1499 600 1600 Capellam
618 1523 646 1572 s.
668 1496 827 1572 Silvestri
839 1495 876 1570 in
892 1495 1021 1572 eodem
1032 1497 1164 1594 palatio
1180 1504 1309 1574 ornent
1324 1499 1428 1597 paliis
1443 1499 1554 1576 etiam
1573 1503 1676 1577 sedem

375 1629 595 1704 eminentem
612 1626 648 1698 in
663 1623 790 1700 eadem
808 1645 874 1722 pro
890 1623 1074 1721 pontifice,
1093 1629 1129 1698 et
1144 1623 1180 1696 in
1195 1630 1304 1716 terra,
1316 1625 1444 1724 paonis
1460 1625 1636 1715 viridibus;

422 1747 558 1830 Ornent
573 1751 730 1850 aliquem
742 1749 861 1824 locum
870 1749 974 1847 jrrxta
987 1747 1166 1846 porticum
1183 1750 1330 1826 basilice
1343 1775 1372 1824 s.
1392 1751 1487 1826 Petri
1495 1759 1613 1851 aptum
1624 1777 1674 1852 pro

369 1879 531 1956 iacienda
539 1875 730 1953 collatione
745 1897 810 1972 pro
823 1873 995 1972 pontifice
1008 1881 1044 1948 st
1056 1874 1311 1968 cardinalibus,
1329 1883 1524 1974 antequam
1536 1879 1596 1954 liat
1608 1903 1674 1978 pro-

371 2005 488 2081 cessio
505 2003 551 2078 ad
566 2007 795 2090 Lateranum,
814 2006 850 2074 et
868 1997 958 2073 alius
983 1999 1116 2074 ibidem
1134 1999 1237 2076 locus
1256 2009 1404 2100 paretur
1417 2025 1483 2101 pro
1498 2005 1635 2102 prelatis
1647 2013 1673 2080 et

368 2129 596 2208 officialibus.

417 2261 470 2333 De
487 2255 609 2334 otticio
624 2252 787 2352 magistri
803 2251 933 2326 domus
948 2249 1070 2349 palatii
1085 2251 1305 2349 apostolici:

415 2379 715 2479 Provideatqnod
730 2379 766 2450 n
785 2376 874 2452 roas
898 2375 958 2450 un
986 2379 1050 2450 ss.
1075 2380 1117 2451 o.
1138 2381 1180 2450 n.
1203 2401 1289 2451 oum
1308 2377 1551 2454 cardinalibus
1569 2387 1601 2454 a
1619 2379 1672 2453 aaa

367 2511 427 2586 ubi
442 2508 570 2608 prelati
587 2513 623 2582 et
637 2503 810 2580 officiales
825 2501 1056 2578 collationem
1078 2502 1225 2594 iaciant,
1246 2503 1317 2576 sint
1338 2527 1464 2580 mense
1485 2513 1523 2580 el
1537 2527 1673 2580 scamma
1731 2467 1732 2544 Ῑ

367 2661 410 2712 ac
422 2634 548 2710 sedilia
567 2633 613 2708 ad
628 2626 946 2730 opportunitatem,
960 2627 1082 2702 tabule
1099 2634 1135 2702 et
1150 2629 1355 2722 servitores,
1367 2631 1551 2722 malvasia,
1565 2653 1673 2705 marza-

368 2751 494 2860 pdnos,
513 2753 746 2858 pinocchiati,
767 2752 969 2828 canazzioni
988 2761 1024 2828 et
1043 2753 1113 2828 alia
1127 2765 1344 2853 opportuna.

416 2891 573 2984 Deputet
587 2879 779 2958 duodecim
794 2879 986 2954 familiares
1001 2883 1096 2977 Papo
1110 2904 1217 2956 roseo
1234 2905 1354 2980 panno
1367 2881 1515 2960 vestitos
1531 2885 1587 2982 qui
1601 2883 1672 2956 dno·

365 3006 682 3108 decimintortioia
700 3011 784 3080 ante
801 3026 933 3104 corpus
955 3003 1090 3079 domini
1109 3013 1266 3102 portent,
1289 3007 1472 3105 provideat
1492 3011 1537 3084 de
1557 3008 1628 3081 rino
1646 3013 1671 3080 st

363 3141 441 3216 aliis
456 3137 669 3216 necessariis
685 3157 750 3234 pro
765 3130 915 3231 prandio
930 3128 965 3202 in
980 3129 1112 3226 palatio
1129 3133 1374 3226 lateranensi,
1389 3135 1549 3210 romanis
1563 3141 1596 3208 ot
1609 3129 1671 3206 otti-

362 3267 511 3342 cialibus
525 3287 567 3341 ao
582 3262 750 3339 omnibus
766 3255 959 3334 curialibus
974 3253 1105 3329 dando.

411 3394 463 3467 lte
478 3389 601 3466 ollioio
614 3386 742 3487 prioris
758 3384 993 3458 diaconorum
1009 3378 1246 3456 cardinalium
1264 3409 1271 3456 :

414 3513 516 3591 l‘rior
541 3513 777 3589 diaconorum
797 3503 1048 3596 cardinalium,
1075 3502 1171 3578 lacta
1194 3529 1259 3604 par
1278 3507 1481 3584 cardinales
1502 3509 1538 3582 in
1558 3506 1671 3606 capelo

366 3668 396 3717 s.
420 3639 580 3738 Georgii,
606 3639 643 3712 in
667 3634 859 3712 basilicas.
875 3629 984 3722 Petri,
1011 3632 1109 3726 Papo
1132 3631 1345 3723 reverentia,
1369 3633 1465 3732 capit
1486 3637 1671 3732 paramenta

368 3791 446 3857 sua,
465 3765 629 3840 videlicet
651 3789 659 3836 ε
680 3761 865 3850 amictum,
886 3757 1017 3848 albam,
1033 3755 1231 3853 cingulum,
1251 3756 1380 3832 stolam
1400 3764 1437 3833 ct
1451 3758 1668 3844 dalmaticam,

366 3899 404 3969 ot
418 3891 589 3992 pontifice
606 3888 773 3965 omuibus
788 3881 1008 3984 paramentis
1023 3880 1163 3974 induto,
1182 3881 1310 3980 accipit
1326 3882 1561 3981 manipulum.

414 4017 526 4093 Dictis
551 4015 678 4106 tertiis,
705 4019 808 4112 parat
828 4006 1038 4108 pontificem
1063 4005 1230 4080 omnibus
1255 4005 1476 4103 paramentis
1502 4007 1667 4108 pontifica-

363 4145 472 4235 libus,
502 4142 611 4242 pallio
642 4142 804 4238 dempto,
827 4158 929 4211 more
958 4132 1082 4208 solito.
1113 4133 1241 4206 lnduto
1274 4131 1444 4230 pontifice
1472 4131 1667 4232 paramentis

364 4268 548 4345 consuetis
569 4274 605 4344 st
633 4265 747 4342 tertiis
773 4261 897 4352 sinitis,
924 4257 1056 4356 accipit
1077 4257 1230 4332 ferulam
1259 4257 1332 4331 sive
1358 4256 1529 4334 baculum
1554 4259 1665 4340 album,

367 4403 405 4470 et
414 4393 685 4492 processionem
701 4387 842 4465 ordinat
857 4385 902 4461 ad
910 4384 1021 4460 altare
1035 4371 1152 4484 majus
1163 4381 1452 4482 perVaticanum
1460 4383 1532 4459 hoc
1542 4383 1664 4459 ordine:

412 4519 592 4619 lmprimis
605 4515 805 4616 procedunt
818 4507 979 4586 scutiferi
993 4512 1102 4608 Papo,

412 4645 620 4722 cubicularii
635 4649 735 4719 extra
749 4665 944 4730 cameram,

415 4782 576 4850 oratores
591 4770 672 4848 laici
686 4775 723 4845 at
736 4767 871 4856 clerici,
887 4791 958 4842 non
975 4765 1102 4866 prelati
1115 4790 1157 4842 ac
1171 4767 1339 4860 barones,

413 4899 594 4974 secretarii
609 4905 645 4972 et
660 4893 821 4971 aduocati
832 4891 984 4984 mixtim,

405 5023 575 5123 acolythi,

410 5145 703 5238 clericicamere,
