<?xml version="1.0" encoding="UTF-8"?>
<!DOCTYPE html PUBLIC "-//W3C//DTD XHTML 1.0 Transitional//EN"
    "http://www.w3.org/TR/xhtml1/DTD/xhtml1-transitional.dtd">
<html xmlns="http://www.w3.org/1999/xhtml" xml:lang="en" lang="en">
 <head>
  <title>
</title>
<meta http-equiv="Content-Type" content="text/html;charset=utf-8" />
  <meta name='ocr-system' content='tesseract 3.04.00' />
  <meta name='ocr-capabilities' content='ocr_page ocr_carea ocr_par ocr_line ocrx_word'/>
</head>
<body>
  <div class='ocr_page' id='page_1' title='image "./johannisburchar02burcgoog/johannisburchar02burcgoog_0326.png"; bbox 0 0 3424 6038; ppageno 0'>
   <div class='ocr_carea' id='block_1_1' title="bbox 56 447 1390 542">
    <p class='ocr_par' dir='ltr' id='par_1_1' title="bbox 56 447 1390 542">
     <span class='ocr_line' id='line_1_1' title="bbox 56 447 1390 542; baseline 0.009 -42"><span class='ocrx_word' id='word_1_1' title='bbox 56 449 132 514; x_wconf 74' lang='lat' dir='ltr'><strong>[tunt</strong></span> <span class='ocrx_word' id='word_1_2' title='bbox 149 447 218 518; x_wconf 69' lang='grc'><strong>14881</strong></span> <span class='ocrx_word' id='word_1_3' title='bbox 387 453 514 514; x_wconf 81' lang='lat' dir='ltr'>RERUM</span> <span class='ocrx_word' id='word_1_4' title='bbox 537 453 767 512; x_wconf 78' lang='lat' dir='ltr'>URBANARUM</span> <span class='ocrx_word' id='word_1_5' title='bbox 792 451 1054 512; x_wconf 80' lang='lat' dir='ltr'><strong>COMMENTARD.</strong></span> <span class='ocrx_word' id='word_1_6' title='bbox 1227 537 1230 542; x_wconf 23' lang='grc'>1</span> <span class='ocrx_word' id='word_1_7' title='bbox 1336 455 1390 514; x_wconf 87' lang='grc'><strong>313</strong></span> 
     </span>
    </p>
   </div>
   <div class='ocr_carea' id='block_1_2' title="bbox 54 608 1398 5216">
    <p class='ocr_par' dir='ltr' id='par_1_2' title="bbox 55 608 1390 931">
     <span class='ocr_line' id='line_1_2' title="bbox 55 608 1390 706; baseline 0.003 -26"><span class='ocrx_word' id='word_1_8' title='bbox 55 629 144 693; x_wconf 74' lang='lat' dir='ltr'><strong>naen,</strong></span> <span class='ocrx_word' id='word_1_9' title='bbox 168 613 261 699; x_wconf 77' lang='lat' dir='ltr'><strong>etc,</strong></span> <span class='ocrx_word' id='word_1_10' title='bbox 283 631 367 684; x_wconf 89' lang='lat' dir='ltr'><strong>cum</strong></span> <span class='ocrx_word' id='word_1_11' title='bbox 387 613 616 682; x_wconf 86' lang='lat' dir='ltr'><strong>sacramento</strong></span> <span class='ocrx_word' id='word_1_12' title='bbox 635 608 770 706; x_wconf 92' lang='lat' dir='ltr'><strong>populo</strong></span> <span class='ocrx_word' id='word_1_13' title='bbox 790 608 991 696; x_wconf 80' lang='lat' dir='ltr'><strong>benedixit3</strong></span> <span class='ocrx_word' id='word_1_14' title='bbox 1014 610 1113 706; x_wconf 89' lang='lat' dir='ltr'><strong>prins</strong></span> <span class='ocrx_word' id='word_1_15' title='bbox 1136 617 1272 702; x_wconf 90' lang='lat' dir='ltr'><strong>autem,</strong></span> <span class='ocrx_word' id='word_1_16' title='bbox 1293 611 1390 684; x_wconf 90' lang='lat' dir='ltr'><strong>vide·</strong></span> 
     </span>
     <span class='ocr_line' id='line_1_3' title="bbox 55 731 1388 830; baseline 0.004 -26"><span class='ocrx_word' id='word_1_17' title='bbox 55 733 149 820; x_wconf 89' lang='lat' dir='ltr'><strong>licet,</strong></span> <span class='ocrx_word' id='word_1_18' title='bbox 168 731 276 807; x_wconf 89' lang='lat' dir='ltr'><strong>linita</strong></span> <span class='ocrx_word' id='word_1_19' title='bbox 289 733 400 806; x_wconf 86' lang='lat' dir='ltr'><strong>missa</strong></span> <span class='ocrx_word' id='word_1_20' title='bbox 414 732 524 808; x_wconf 88' lang='lat' dir='ltr'><strong>etiam</strong></span> <span class='ocrx_word' id='word_1_21' title='bbox 535 733 670 830; x_wconf 93' lang='lat' dir='ltr'><strong>populo</strong></span> <span class='ocrx_word' id='word_1_22' title='bbox 686 733 919 808; x_wconf 85' lang='lat' dir='ltr'><strong>benedixerat</strong></span> <span class='ocrx_word' id='word_1_23' title='bbox 934 734 1011 808; x_wconf 90' lang='lat' dir='ltr'><strong>sine</strong></span> <span class='ocrx_word' id='word_1_24' title='bbox 1027 734 1146 826; x_wconf 88' lang='lat' dir='ltr'><strong>mitra,</strong></span> <span class='ocrx_word' id='word_1_25' title='bbox 1171 735 1237 810; x_wconf 89' lang='lat' dir='ltr'><strong>sed</strong></span> <span class='ocrx_word' id='word_1_26' title='bbox 1254 741 1290 808; x_wconf 89' lang='lat' dir='ltr'><strong>et</strong></span> <span class='ocrx_word' id='word_1_27' title='bbox 1310 735 1388 809; x_wconf 92' lang='lat' dir='ltr'><strong>sine</strong></span> 
     </span>
     <span class='ocr_line' id='line_1_4' title="bbox 55 863 300 931; baseline -0.004 -2"><span class='ocrx_word' id='word_1_28' title='bbox 55 863 300 931; x_wconf 88' lang='lat' dir='ltr'><strong>sacramento.</strong></span> 
     </span>
    </p>

    <p class='ocr_par' dir='ltr' id='par_1_3' title="bbox 54 983 1386 1206">
     <span class='ocr_line' id='line_1_5' title="bbox 102 983 1386 1085; baseline 0.004 -29"><span class='ocrx_word' id='word_1_29' title='bbox 102 988 141 1056; x_wconf 94' lang='lat' dir='ltr'><strong>ln</strong></span> <span class='ocrx_word' id='word_1_30' title='bbox 155 984 281 1080; x_wconf 81' lang='lat' dir='ltr'><strong>vigilia</strong></span> <span class='ocrx_word' id='word_1_31' title='bbox 296 991 332 1058; x_wconf 88' lang='lat' dir='ltr'><strong>et</strong></span> <span class='ocrx_word' id='word_1_32' title='bbox 347 983 440 1058; x_wconf 90' lang='lat' dir='ltr'><strong>lesto</strong></span> <span class='ocrx_word' id='word_1_33' title='bbox 456 984 649 1058; x_wconf 87' lang='lat' dir='ltr'><strong>nativitatis</strong></span> <span class='ocrx_word' id='word_1_34' title='bbox 665 1009 695 1057; x_wconf 92' lang='lat' dir='ltr'><strong>s.</strong></span> <span class='ocrx_word' id='word_1_35' title='bbox 710 983 884 1058; x_wconf 82' lang='lat' dir='ltr'><strong>lobannis</strong></span> <span class='ocrx_word' id='word_1_36' title='bbox 896 985 1055 1082; x_wconf 88' lang='lat' dir='ltr'><strong>Baptiste</strong></span> <span class='ocrx_word' id='word_1_37' title='bbox 1068 1009 1141 1059; x_wconf 91' lang='lat' dir='ltr'><strong>non</strong></span> <span class='ocrx_word' id='word_1_38' title='bbox 1155 985 1220 1060; x_wconf 85' lang='lat' dir='ltr'><strong>luit</strong></span> <span class='ocrx_word' id='word_1_39' title='bbox 1235 987 1386 1085; x_wconf 89' lang='lat' dir='ltr'><strong>capella,</strong></span> 
     </span>
     <span class='ocr_line' id='line_1_6' title="bbox 54 1108 859 1206; baseline 0 -24"><span class='ocrx_word' id='word_1_40' title='bbox 54 1111 116 1184; x_wconf 89' lang='lat' dir='ltr'><strong>sed</strong></span> <span class='ocrx_word' id='word_1_41' title='bbox 128 1113 232 1206; x_wconf 85' lang='lat' dir='ltr'><strong>Papa</strong></span> <span class='ocrx_word' id='word_1_42' title='bbox 243 1108 312 1182; x_wconf 92' lang='lat' dir='ltr'><strong>luit</strong></span> <span class='ocrx_word' id='word_1_43' title='bbox 326 1109 387 1184; x_wconf 92' lang='lat' dir='ltr'><strong>illo</strong></span> <span class='ocrx_word' id='word_1_44' title='bbox 403 1108 461 1182; x_wconf 89' lang='lat' dir='ltr'><strong>die</strong></span> <span class='ocrx_word' id='word_1_45' title='bbox 481 1109 519 1182; x_wconf 95' lang='lat' dir='ltr'><strong>in</strong></span> <span class='ocrx_word' id='word_1_46' title='bbox 534 1117 652 1184; x_wconf 88' lang='lat' dir='ltr'><strong>castro</strong></span> <span class='ocrx_word' id='word_1_47' title='bbox 669 1134 698 1184; x_wconf 91' lang='lat' dir='ltr'><strong>s.</strong></span> <span class='ocrx_word' id='word_1_48' title='bbox 718 1109 859 1206; x_wconf 75' lang='lat' dir='ltr'><strong>Angeli.</strong></span> 
     </span>
    </p>

    <p class='ocr_par' dir='ltr' id='par_1_4' title="bbox 56 1233 1392 1960">
     <span class='ocr_line' id='line_1_7' title="bbox 100 1233 1387 1334; baseline 0.002 -26"><span class='ocrx_word' id='word_1_49' title='bbox 100 1233 279 1324; x_wconf 88' lang='lat' dir='ltr'><strong>Sabbato,</strong></span> <span class='ocrx_word' id='word_1_50' title='bbox 303 1239 348 1306; x_wconf 83' lang='lat'><strong>28</strong></span> <span class='ocrx_word' id='word_1_51' title='bbox 369 1234 474 1332; x_wconf 87' lang='lat' dir='ltr'><strong>junii,</strong></span> <span class='ocrx_word' id='word_1_52' title='bbox 508 1235 628 1332; x_wconf 85' lang='lat' dir='ltr'><strong>vigilia</strong></span> <span class='ocrx_word' id='word_1_53' title='bbox 655 1235 902 1334; x_wconf 87' lang='lat' dir='ltr'><strong>apostolorum</strong></span> <span class='ocrx_word' id='word_1_54' title='bbox 927 1236 1022 1310; x_wconf 91' lang='lat' dir='ltr'><strong>Petri</strong></span> <span class='ocrx_word' id='word_1_55' title='bbox 1048 1245 1084 1310; x_wconf 92' lang='lat' dir='ltr'><strong>et</strong></span> <span class='ocrx_word' id='word_1_56' title='bbox 1109 1237 1221 1326; x_wconf 89' lang='lat' dir='ltr'><strong>Pauli,</strong></span> <span class='ocrx_word' id='word_1_57' title='bbox 1246 1237 1387 1311; x_wconf 88' lang='lat' dir='ltr'><strong>luerunt</strong></span> 
     </span>
     <span class='ocr_line' id='line_1_8' title="bbox 57 1359 1392 1460; baseline 0.004 -30"><span class='ocrx_word' id='word_1_58' title='bbox 57 1382 209 1457; x_wconf 88' lang='lat' dir='ltr'><strong>vespere</strong></span> <span class='ocrx_word' id='word_1_59' title='bbox 222 1360 371 1457; x_wconf 86' lang='lat' dir='ltr'><strong>papales</strong></span> <span class='ocrx_word' id='word_1_60' title='bbox 386 1359 569 1434; x_wconf 80' lang='lat' dir='ltr'><strong>solemnes</strong></span> <span class='ocrx_word' id='word_1_61' title='bbox 581 1361 619 1434; x_wconf 94' lang='lat' dir='ltr'><strong>in</strong></span> <span class='ocrx_word' id='word_1_62' title='bbox 632 1361 781 1436; x_wconf 81' lang='lat' dir='ltr'><strong>basilica</strong></span> <span class='ocrx_word' id='word_1_63' title='bbox 794 1385 824 1434; x_wconf 92' lang='lat' dir='ltr'><strong>s.</strong></span> <span class='ocrx_word' id='word_1_64' title='bbox 844 1361 938 1436; x_wconf 89' lang='lat' dir='ltr'><strong>Petri</strong></span> <span class='ocrx_word' id='word_1_65' title='bbox 948 1361 992 1435; x_wconf 88' lang='lat' dir='ltr'><strong>de</strong></span> <span class='ocrx_word' id='word_1_66' title='bbox 1009 1360 1118 1450; x_wconf 90' lang='lat' dir='ltr'><strong>Urbe,</strong></span> <span class='ocrx_word' id='word_1_67' title='bbox 1135 1362 1180 1434; x_wconf 88' lang='lat' dir='ltr'><strong>ad</strong></span> <span class='ocrx_word' id='word_1_68' title='bbox 1191 1385 1280 1457; x_wconf 87' lang='lat' dir='ltr'><strong>quas</strong></span> <span class='ocrx_word' id='word_1_69' title='bbox 1296 1366 1392 1460; x_wconf 84' lang='lat' dir='ltr'><strong>Papa</strong></span> 
     </span>
     <span class='ocr_line' id='line_1_9' title="bbox 56 1484 1391 1583; baseline 0.003 -27"><span class='ocrx_word' id='word_1_70' title='bbox 56 1484 154 1557; x_wconf 92' lang='lat' dir='ltr'><strong>venit</strong></span> <span class='ocrx_word' id='word_1_71' title='bbox 171 1491 323 1582; x_wconf 88' lang='lat' dir='ltr'><strong>paratus</strong></span> <span class='ocrx_word' id='word_1_72' title='bbox 343 1507 445 1559; x_wconf 91' lang='lat' dir='ltr'><strong>more</strong></span> <span class='ocrx_word' id='word_1_73' title='bbox 461 1485 580 1559; x_wconf 87' lang='lat' dir='ltr'><strong>solito.</strong></span> <span class='ocrx_word' id='word_1_74' title='bbox 600 1485 807 1561; x_wconf 77' lang='lat' dir='ltr'>cardinales</span> <span class='ocrx_word' id='word_1_75' title='bbox 822 1486 858 1558; x_wconf 91' lang='lat' dir='ltr'><strong>in</strong></span> <span class='ocrx_word' id='word_1_76' title='bbox 881 1485 1004 1583; x_wconf 82' lang='lat' dir='ltr'><strong>cappis</strong></span> <span class='ocrx_word' id='word_1_77' title='bbox 1021 1486 1094 1558; x_wconf 88' lang='lat' dir='ltr'><strong>suis</strong></span> <span class='ocrx_word' id='word_1_78' title='bbox 1110 1485 1275 1567; x_wconf 80' lang='lat' dir='ltr'><strong>facerunt</strong></span> <span class='ocrx_word' id='word_1_79' title='bbox 1290 1510 1391 1560; x_wconf 91' lang='lat' dir='ltr'><strong>reve-</strong></span> 
     </span>
     <span class='ocr_line' id='line_1_10' title="bbox 57 1609 1387 1708; baseline -0.001 -25"><span class='ocrx_word' id='word_1_80' title='bbox 57 1609 229 1700; x_wconf 81' lang='lat' dir='ltr'><strong>rentiam,</strong></span> <span class='ocrx_word' id='word_1_81' title='bbox 250 1609 381 1682; x_wconf 91' lang='lat' dir='ltr'><strong>deinde</strong></span> <span class='ocrx_word' id='word_1_82' title='bbox 397 1617 617 1707; x_wconf 87' lang='lat' dir='ltr'><strong>acceperunt</strong></span> <span class='ocrx_word' id='word_1_83' title='bbox 638 1617 850 1708; x_wconf 88' lang='lat' dir='ltr'><strong>paramenta</strong></span> <span class='ocrx_word' id='word_1_84' title='bbox 868 1618 904 1684; x_wconf 93' lang='lat' dir='ltr'><strong>et</strong></span> <span class='ocrx_word' id='word_1_85' title='bbox 927 1613 1024 1707; x_wconf 88' lang='lat' dir='ltr'><strong>Papa</strong></span> <span class='ocrx_word' id='word_1_86' title='bbox 1042 1610 1177 1708; x_wconf 78' lang='lat' dir='ltr'><strong>incepit</strong></span> <span class='ocrx_word' id='word_1_87' title='bbox 1191 1633 1358 1708; x_wconf 89' lang='lat' dir='ltr'><strong>vesperas</strong></span> <span class='ocrx_word' id='word_1_88' title='bbox 1380 1635 1387 1682; x_wconf 95' lang='lat'>:</span> 
     </span>
     <span class='ocr_line' id='line_1_11' title="bbox 60 1734 1392 1833; baseline 0.001 -27"><span class='ocrx_word' id='word_1_89' title='bbox 60 1735 191 1830; x_wconf 92' lang='lat' dir='ltr'><strong>quibus</strong></span> <span class='ocrx_word' id='word_1_90' title='bbox 213 1735 339 1825; x_wconf 87' lang='lat' dir='ltr'><strong>linitis,</strong></span> <span class='ocrx_word' id='word_1_91' title='bbox 363 1735 563 1810; x_wconf 82' lang='lat' dir='ltr'><strong>cardinales</strong></span> <span class='ocrx_word' id='word_1_92' title='bbox 583 1741 619 1809; x_wconf 88' lang='lat' dir='ltr'><strong>et</strong></span> <span class='ocrx_word' id='word_1_93' title='bbox 638 1735 780 1831; x_wconf 89' lang='lat' dir='ltr'><strong>prelati,</strong></span> <span class='ocrx_word' id='word_1_94' title='bbox 802 1734 959 1809; x_wconf 87' lang='lat' dir='ltr'><strong>dimissis</strong></span> <span class='ocrx_word' id='word_1_95' title='bbox 979 1736 1213 1833; x_wconf 73' lang='lat' dir='ltr'><strong>paramentis,</strong></span> <span class='ocrx_word' id='word_1_96' title='bbox 1237 1735 1392 1808; x_wconf 91' lang='lat' dir='ltr'><strong>associa·</strong></span> 
     </span>
     <span class='ocr_line' id='line_1_12' title="bbox 61 1861 802 1960; baseline 0.001 -29"><span class='ocrx_word' id='word_1_97' title='bbox 61 1867 139 1934; x_wconf 91' lang='lat' dir='ltr'><strong>runt</strong></span> <span class='ocrx_word' id='word_1_98' title='bbox 154 1865 292 1960; x_wconf 84' lang='lat' dir='ltr'><strong>Papam</strong></span> <span class='ocrx_word' id='word_1_99' title='bbox 308 1861 353 1936; x_wconf 90' lang='lat' dir='ltr'><strong>ad</strong></span> <span class='ocrx_word' id='word_1_100' title='bbox 368 1861 541 1959; x_wconf 86' lang='lat' dir='ltr'><strong>palatium</strong></span> <span class='ocrx_word' id='word_1_101' title='bbox 557 1867 595 1934; x_wconf 94' lang='lat' dir='ltr'><strong>ut</strong></span> <span class='ocrx_word' id='word_1_102' title='bbox 608 1861 718 1934; x_wconf 92' lang='lat' dir='ltr'><strong>moris</strong></span> <span class='ocrx_word' id='word_1_103' title='bbox 734 1867 802 1934; x_wconf 86' lang='lat' dir='ltr'><strong>est.</strong></span> 
     </span>
    </p>

    <p class='ocr_par' dir='ltr' id='par_1_5' title="bbox 62 1986 1392 3084">
     <span class='ocr_line' id='line_1_13' title="bbox 107 1986 1392 2084; baseline 0.001 -24"><span class='ocrx_word' id='word_1_104' title='bbox 107 1987 313 2078; x_wconf 89' lang='lat' dir='ltr'><strong>Dominica,</strong></span> <span class='ocrx_word' id='word_1_105' title='bbox 333 1992 378 2060; x_wconf 80' lang='lat'><strong>29</strong></span> <span class='ocrx_word' id='word_1_106' title='bbox 388 1986 493 2084; x_wconf 87' lang='lat' dir='ltr'><strong>junii,</strong></span> <span class='ocrx_word' id='word_1_107' title='bbox 510 1986 643 2060; x_wconf 88' lang='lat' dir='ltr'><strong>lestum</strong></span> <span class='ocrx_word' id='word_1_108' title='bbox 655 1986 898 2083; x_wconf 90' lang='lat' dir='ltr'><strong>apostolorum</strong></span> <span class='ocrx_word' id='word_1_109' title='bbox 916 1987 1011 2059; x_wconf 88' lang='lat' dir='ltr'><strong>Petri</strong></span> <span class='ocrx_word' id='word_1_110' title='bbox 1027 1993 1063 2062; x_wconf 91' lang='lat' dir='ltr'><strong>et</strong></span> <span class='ocrx_word' id='word_1_111' title='bbox 1078 1987 1190 2077; x_wconf 89' lang='lat' dir='ltr'><strong>Pauli,</strong></span> <span class='ocrx_word' id='word_1_112' title='bbox 1210 1988 1272 2060; x_wconf 90' lang='lat' dir='ltr'><strong>SS.</strong></span> <span class='ocrx_word' id='word_1_113' title='bbox 1292 1990 1335 2060; x_wconf 89' lang='lat' dir='ltr'><strong>D.</strong></span> <span class='ocrx_word' id='word_1_114' title='bbox 1349 1990 1392 2062; x_wconf 88' lang='lat' dir='ltr'><strong>N.</strong></span> 
     </span>
     <span class='ocr_line' id='line_1_14' title="bbox 62 2110 1390 2209; baseline -0.002 -23"><span class='ocrx_word' id='word_1_115' title='bbox 62 2119 221 2208; x_wconf 88' lang='lat' dir='ltr'><strong>paratus,</strong></span> <span class='ocrx_word' id='word_1_116' title='bbox 244 2119 284 2186; x_wconf 92' lang='lat' dir='ltr'><strong>ut</strong></span> <span class='ocrx_word' id='word_1_117' title='bbox 306 2112 417 2186; x_wconf 92' lang='lat' dir='ltr'><strong>moris</strong></span> <span class='ocrx_word' id='word_1_118' title='bbox 434 2119 501 2203; x_wconf 90' lang='lat' dir='ltr'><strong>est,</strong></span> <span class='ocrx_word' id='word_1_119' title='bbox 519 2111 798 2209; x_wconf 67' lang='lat' dir='ltr'><strong>precedentibus</strong></span> <span class='ocrx_word' id='word_1_120' title='bbox 821 2133 944 2200; x_wconf 85' lang='lat' dir='ltr'><strong>eruca,</strong></span> <span class='ocrx_word' id='word_1_121' title='bbox 965 2110 1125 2207; x_wconf 88' lang='lat' dir='ltr'><strong>prelatis,</strong></span> <span class='ocrx_word' id='word_1_122' title='bbox 1149 2111 1390 2185; x_wconf 88' lang='lat' dir='ltr'><strong>cardinalibus</strong></span> 
     </span>
     <span class='ocr_line' id='line_1_15' title="bbox 63 2235 1391 2335; baseline 0 -25"><span class='ocrx_word' id='word_1_123' title='bbox 63 2245 95 2310; x_wconf 86' lang='lat' dir='ltr'><strong>et</strong></span> <span class='ocrx_word' id='word_1_124' title='bbox 109 2239 204 2328; x_wconf 88' lang='lat' dir='ltr'><strong>aliis,</strong></span> <span class='ocrx_word' id='word_1_125' title='bbox 221 2237 318 2312; x_wconf 91' lang='lat' dir='ltr'><strong>venit</strong></span> <span class='ocrx_word' id='word_1_126' title='bbox 337 2239 383 2312; x_wconf 89' lang='lat' dir='ltr'><strong>ad</strong></span> <span class='ocrx_word' id='word_1_127' title='bbox 402 2237 593 2312; x_wconf 89' lang='lat' dir='ltr'><strong>ecclesiam</strong></span> <span class='ocrx_word' id='word_1_128' title='bbox 619 2237 936 2335; x_wconf 85' lang='lat' dir='ltr'><strong>processionaliter</strong></span> <span class='ocrx_word' id='word_1_129' title='bbox 959 2237 1023 2309; x_wconf 92' lang='lat' dir='ltr'><strong>sub</strong></span> <span class='ocrx_word' id='word_1_130' title='bbox 1043 2235 1280 2328; x_wconf 79' lang='lat' dir='ltr'><strong>baldachin03</strong></span> <span class='ocrx_word' id='word_1_131' title='bbox 1297 2237 1391 2310; x_wconf 88' lang='lat' dir='ltr'><strong>laeta</strong></span> 
     </span>
     <span class='ocr_line' id='line_1_16' title="bbox 64 2361 1391 2460; baseline -0.002 -26"><span class='ocrx_word' id='word_1_132' title='bbox 64 2365 275 2438; x_wconf 86' lang='lat' dir='ltr'><strong>omniaante</strong></span> <span class='ocrx_word' id='word_1_133' title='bbox 290 2363 416 2452; x_wconf 89' lang='lat' dir='ltr'><strong>altare,</strong></span> <span class='ocrx_word' id='word_1_134' title='bbox 439 2363 579 2460; x_wconf 89' lang='lat' dir='ltr'><strong>accepit</strong></span> <span class='ocrx_word' id='word_1_135' title='bbox 603 2363 639 2435; x_wconf 94' lang='lat' dir='ltr'><strong>in</strong></span> <span class='ocrx_word' id='word_1_136' title='bbox 660 2363 745 2436; x_wconf 88' lang='lat' dir='ltr'><strong>sedo</strong></span> <span class='ocrx_word' id='word_1_137' title='bbox 762 2369 936 2436; x_wconf 89' lang='lat' dir='ltr'><strong>consueta</strong></span> <span class='ocrx_word' id='word_1_138' title='bbox 954 2361 999 2434; x_wconf 88' lang='lat' dir='ltr'><strong>od</strong></span> <span class='ocrx_word' id='word_1_139' title='bbox 1020 2361 1258 2435; x_wconf 87' lang='lat' dir='ltr'><strong>reverentiam</strong></span> <span class='ocrx_word' id='word_1_140' title='bbox 1273 2361 1391 2435; x_wconf 89' lang='lat' dir='ltr'><strong>cardi-</strong></span> 
     </span>
     <span class='ocr_line' id='line_1_17' title="bbox 66 2486 1392 2586; baseline 0.002 -28"><span class='ocrx_word' id='word_1_141' title='bbox 66 2488 164 2562; x_wconf 88' lang='lat' dir='ltr'><strong>nales</strong></span> <span class='ocrx_word' id='word_1_142' title='bbox 181 2495 217 2563; x_wconf 89' lang='lat' dir='ltr'><strong>et</strong></span> <span class='ocrx_word' id='word_1_143' title='bbox 237 2489 394 2586; x_wconf 88' lang='lat' dir='ltr'><strong>prelatos</strong></span> <span class='ocrx_word' id='word_1_144' title='bbox 417 2493 573 2585; x_wconf 86' lang='lat' dir='ltr'><strong>paratos.</strong></span> <span class='ocrx_word' id='word_1_145' title='bbox 598 2486 735 2562; x_wconf 86' lang='lat' dir='ltr'><strong>Deinde</strong></span> <span class='ocrx_word' id='word_1_146' title='bbox 763 2487 859 2584; x_wconf 90' lang='lat' dir='ltr'><strong>cepit</strong></span> <span class='ocrx_word' id='word_1_147' title='bbox 887 2487 1043 2577; x_wconf 86' lang='lat' dir='ltr'><strong>tertiam,</strong></span> <span class='ocrx_word' id='word_1_148' title='bbox 1064 2492 1099 2560; x_wconf 94' lang='lat' dir='ltr'><strong>et</strong></span> <span class='ocrx_word' id='word_1_149' title='bbox 1114 2487 1182 2562; x_wconf 88' lang='lat' dir='ltr'><strong>alia</strong></span> <span class='ocrx_word' id='word_1_150' title='bbox 1204 2487 1392 2562; x_wconf 90' lang='lat' dir='ltr'><strong>observata</strong></span> 
     </span>
     <span class='ocr_line' id='line_1_18' title="bbox 69 2611 1390 2712; baseline 0.001 -28"><span class='ocrx_word' id='word_1_151' title='bbox 69 2620 148 2688; x_wconf 91' lang='lat' dir='ltr'><strong>sunt</strong></span> <span class='ocrx_word' id='word_1_152' title='bbox 167 2621 273 2712; x_wconf 94' lang='lat' dir='ltr'><strong>prout</strong></span> <span class='ocrx_word' id='word_1_153' title='bbox 296 2613 332 2686; x_wconf 96' lang='lat' dir='ltr'><strong>in</strong></span> <span class='ocrx_word' id='word_1_154' title='bbox 360 2612 604 2688; x_wconf 89' lang='lat' dir='ltr'><strong>ceremoniali.</strong></span> <span class='ocrx_word' id='word_1_155' title='bbox 633 2611 749 2687; x_wconf 88' lang='lat' dir='ltr'><strong>Finita</strong></span> <span class='ocrx_word' id='word_1_156' title='bbox 768 2611 891 2702; x_wconf 89' lang='lat' dir='ltr'><strong>missa,</strong></span> <span class='ocrx_word' id='word_1_157' title='bbox 918 2615 1015 2708; x_wconf 88' lang='lat' dir='ltr'><strong>Papa</strong></span> <span class='ocrx_word' id='word_1_158' title='bbox 1031 2611 1136 2686; x_wconf 92' lang='lat' dir='ltr'><strong>rediit</strong></span> <span class='ocrx_word' id='word_1_159' title='bbox 1156 2611 1201 2686; x_wconf 88' lang='lat' dir='ltr'><strong>ad</strong></span> <span class='ocrx_word' id='word_1_160' title='bbox 1220 2611 1390 2710; x_wconf 89' lang='lat' dir='ltr'><strong>palatium</strong></span> 
     </span>
     <span class='ocr_line' id='line_1_19' title="bbox 68 2738 1391 2837; baseline 0.003 -29"><span class='ocrx_word' id='word_1_161' title='bbox 68 2738 138 2828; x_wconf 88' lang='lat' dir='ltr'><strong>ubi,</strong></span> <span class='ocrx_word' id='word_1_162' title='bbox 160 2741 197 2812; x_wconf 91' lang='lat' dir='ltr'><strong>in</strong></span> <span class='ocrx_word' id='word_1_163' title='bbox 223 2740 305 2814; x_wconf 88' lang='lat' dir='ltr'><strong>aula</strong></span> <span class='ocrx_word' id='word_1_164' title='bbox 319 2739 545 2837; x_wconf 88' lang='lat' dir='ltr'><strong>pontificum,</strong></span> <span class='ocrx_word' id='word_1_165' title='bbox 564 2739 748 2814; x_wconf 86' lang='lat' dir='ltr'><strong>osculatus</strong></span> <span class='ocrx_word' id='word_1_166' title='bbox 778 2761 856 2810; x_wconf 91' lang='lat' dir='ltr'><strong>sum</strong></span> <span class='ocrx_word' id='word_1_167' title='bbox 883 2738 1014 2837; x_wconf 91' lang='lat' dir='ltr'><strong>pedem</strong></span> <span class='ocrx_word' id='word_1_168' title='bbox 1033 2739 1238 2812; x_wconf 86' lang='lat' dir='ltr'><strong>Sanctitatis</strong></span> <span class='ocrx_word' id='word_1_169' title='bbox 1262 2764 1338 2830; x_wconf 91' lang='lat' dir='ltr'><strong>sue,</strong></span> <span class='ocrx_word' id='word_1_170' title='bbox 1357 2748 1391 2812; x_wconf 86' lang='lat' dir='ltr'><strong>et</strong></span> 
     </span>
     <span class='ocr_line' id='line_1_20' title="bbox 71 2841 1392 2963; baseline 0.002 -28"><span class='ocrx_word' id='word_1_171' title='bbox 71 2864 201 2937; x_wconf 92' lang='lat' dir='ltr'><strong>obtinui</strong></span> <span class='ocrx_word' id='word_1_172' title='bbox 234 2865 454 2963; x_wconf 90' lang='lat' dir='ltr'><strong>repatriandi</strong></span> <span class='ocrx_word' id='word_1_173' title='bbox 490 2871 526 2939; x_wconf 90' lang='lat' dir='ltr'><strong>et</strong></span> <span class='ocrx_word' id='word_1_174' title='bbox 564 2862 737 2939; x_wconf 89' lang='lat' dir='ltr'><strong>redeundi</strong></span> <span class='ocrx_word' id='word_1_175' title='bbox 772 2865 849 2959; x_wconf 81' lang='lat' dir='ltr'><strong>(per</strong></span> <span class='ocrx_word' id='word_1_176' title='bbox 888 2871 1001 2936; x_wconf 89' lang='lat' dir='ltr'><strong>totum</strong></span> <span class='ocrx_word' id='word_1_177' title='bbox 1032 2885 1197 2937; x_wconf 91' lang='lat' dir='ltr'><strong>mensem</strong></span> <span class='ocrx_word' id='word_1_178' title='bbox 1234 2841 1392 2938; x_wconf 85' lang='lat' dir='ltr'><strong>octobris</strong></span> 
     </span>
     <span class='ocr_line' id='line_1_21' title="bbox 71 2989 628 3084; baseline 0.004 -24"><span class='ocrx_word' id='word_1_179' title='bbox 71 2989 227 3084; x_wconf 86' lang='lat' dir='ltr'><strong>proxime</strong></span> <span class='ocrx_word' id='word_1_180' title='bbox 240 2989 413 3083; x_wconf 81' lang='lat' dir='ltr'><strong>futurum)</strong></span> <span class='ocrx_word' id='word_1_181' title='bbox 433 2989 628 3064; x_wconf 91' lang='lat' dir='ltr'><strong>licentiam.</strong></span> 
     </span>
    </p>

    <p class='ocr_par' dir='ltr' id='par_1_6' title="bbox 74 3113 1392 3338">
     <span class='ocr_line' id='line_1_22' title="bbox 117 3113 1392 3213; baseline 0 -27"><span class='ocrx_word' id='word_1_182' title='bbox 117 3115 216 3190; x_wconf 87' lang='lat' dir='ltr'><strong>Fcn&#39;a</strong></span> <span class='ocrx_word' id='word_1_183' title='bbox 229 3116 401 3208; x_wconf 88' lang='lat' dir='ltr'><strong>secunda,</strong></span> <span class='ocrx_word' id='word_1_184' title='bbox 418 3120 463 3190; x_wconf 86' lang='lat'><strong>30</strong></span> <span class='ocrx_word' id='word_1_185' title='bbox 475 3115 581 3213; x_wconf 89' lang='lat' dir='ltr'><strong>junii,</strong></span> <span class='ocrx_word' id='word_1_186' title='bbox 598 3115 694 3189; x_wconf 87' lang='lat' dir='ltr'><strong>circa</strong></span> <span class='ocrx_word' id='word_1_187' title='bbox 706 3115 834 3190; x_wconf 84' lang='lat' dir='ltr'><strong>horem</strong></span> <span class='ocrx_word' id='word_1_188' title='bbox 848 3139 952 3190; x_wconf 84' lang='lat' dir='ltr'><strong>xxrnr</strong></span> <span class='ocrx_word' id='word_1_189' title='bbox 970 3116 1059 3190; x_wconf 87' lang='lat' dir='ltr'><strong>exivi</strong></span> <span class='ocrx_word' id='word_1_190' title='bbox 1076 3117 1223 3204; x_wconf 87' lang='lat' dir='ltr'><strong>Urbem,</strong></span> <span class='ocrx_word' id='word_1_191' title='bbox 1240 3113 1392 3211; x_wconf 87' lang='lat' dir='ltr'><strong>patrium</strong></span> 
     </span>
     <span class='ocr_line' id='line_1_23' title="bbox 74 3237 1057 3338; baseline 0.009 -32"><span class='ocrx_word' id='word_1_192' title='bbox 74 3237 283 3329; x_wconf 89' lang='lat' dir='ltr'><strong>visitaturus,</strong></span> <span class='ocrx_word' id='word_1_193' title='bbox 301 3240 366 3314; x_wconf 91' lang='lat' dir='ltr'><strong>Dei</strong></span> <span class='ocrx_word' id='word_1_194' title='bbox 383 3241 509 3338; x_wconf 82' lang='lat' dir='ltr'><strong>gratia.</strong></span> <span class='ocrx_word' id='word_1_195' title='bbox 1055 3335 1057 3338; x_wconf 11' lang='grc'>1</span> 
     </span>
    </p>

    <p class='ocr_par' dir='ltr' id='par_1_7' title="bbox 76 3365 1395 3838">
     <span class='ocr_line' id='line_1_24' title="bbox 119 3365 1393 3464; baseline 0 -25"><span class='ocrx_word' id='word_1_196' title='bbox 119 3365 226 3440; x_wconf 91' lang='lat' dir='ltr'><strong>Die...</strong></span> <span class='ocrx_word' id='word_1_197' title='bbox 242 3365 379 3440; x_wconf 91' lang='lat' dir='ltr'><strong>mensis</strong></span> <span class='ocrx_word' id='word_1_198' title='bbox 391 3367 484 3464; x_wconf 83' lang='lat' dir='ltr'><strong>julii,</strong></span> <span class='ocrx_word' id='word_1_199' title='bbox 503 3371 627 3442; x_wconf 85' lang='lat' dir='ltr'><strong>Rmus.</strong></span> <span class='ocrx_word' id='word_1_200' title='bbox 643 3370 680 3441; x_wconf 93' lang='lat' dir='ltr'><strong>in</strong></span> <span class='ocrx_word' id='word_1_201' title='bbox 696 3369 838 3442; x_wconf 88' lang='lat' dir='ltr'><strong>Christo</strong></span> <span class='ocrx_word' id='word_1_202' title='bbox 853 3372 892 3441; x_wconf 93' lang='lat' dir='ltr'><strong>P.</strong></span> <span class='ocrx_word' id='word_1_203' title='bbox 906 3373 949 3441; x_wconf 89' lang='lat' dir='ltr'><strong>D.</strong></span> <span class='ocrx_word' id='word_1_204' title='bbox 968 3365 1134 3440; x_wconf 90' lang='lat' dir='ltr'><strong>dominus</strong></span> <span class='ocrx_word' id='word_1_205' title='bbox 1149 3369 1274 3439; x_wconf 88' lang='lat' dir='ltr'><strong>Petrus</strong></span> <span class='ocrx_word' id='word_1_206' title='bbox 1289 3388 1393 3439; x_wconf 88' lang='lat' dir='ltr'><strong>sanc-</strong></span> 
     </span>
     <span class='ocr_line' id='line_1_25' title="bbox 76 3487 1395 3587; baseline 0.002 -27"><span class='ocrx_word' id='word_1_207' title='bbox 76 3495 184 3565; x_wconf 90' lang='lat' dir='ltr'><strong>torum</strong></span> <span class='ocrx_word' id='word_1_208' title='bbox 199 3493 328 3565; x_wconf 84' lang='lat' dir='ltr'><strong>Cosme</strong></span> <span class='ocrx_word' id='word_1_209' title='bbox 351 3495 387 3564; x_wconf 89' lang='lat' dir='ltr'><strong>et</strong></span> <span class='ocrx_word' id='word_1_210' title='bbox 408 3489 589 3582; x_wconf 91' lang='lat' dir='ltr'><strong>Damiani,</strong></span> <span class='ocrx_word' id='word_1_211' title='bbox 609 3492 782 3566; x_wconf 84' lang='lat' dir='ltr'><strong>diaeonus</strong></span> <span class='ocrx_word' id='word_1_212' title='bbox 806 3489 997 3564; x_wconf 88' lang='lat' dir='ltr'><strong>cardinalis</strong></span> <span class='ocrx_word' id='word_1_213' title='bbox 1017 3487 1061 3560; x_wconf 90' lang='lat' dir='ltr'><strong>de</strong></span> <span class='ocrx_word' id='word_1_214' title='bbox 1084 3489 1183 3559; x_wconf 84' lang='lat' dir='ltr'><strong>Fuxo</strong></span> <span class='ocrx_word' id='word_1_215' title='bbox 1202 3489 1395 3587; x_wconf 85' lang='lat' dir='ltr'><strong>vulgariter</strong></span> 
     </span>
     <span class='ocr_line' id='line_1_26' title="bbox 76 3611 1394 3713; baseline 0.004 -29"><span class='ocrx_word' id='word_1_216' title='bbox 76 3623 307 3713; x_wconf 79' lang='lat' dir='ltr'><strong>nuncupatuS,</strong></span> <span class='ocrx_word' id='word_1_217' title='bbox 336 3614 487 3688; x_wconf 84' lang='lat' dir='ltr'><strong>recessit</strong></span> <span class='ocrx_word' id='word_1_218' title='bbox 506 3639 550 3688; x_wconf 89' lang='lat' dir='ltr'><strong>ex</strong></span> <span class='ocrx_word' id='word_1_219' title='bbox 574 3616 669 3689; x_wconf 91' lang='lat' dir='ltr'><strong>Urbe</strong></span> <span class='ocrx_word' id='word_1_220' title='bbox 689 3617 804 3690; x_wconf 89' lang='lat' dir='ltr'><strong>iturus</strong></span> <span class='ocrx_word' id='word_1_221' title='bbox 831 3613 1018 3711; x_wconf 89' lang='lat' dir='ltr'><strong>Neapolim</strong></span> <span class='ocrx_word' id='word_1_222' title='bbox 1041 3611 1246 3686; x_wconf 87' lang='lat' dir='ltr'><strong>visitaturus</strong></span> <span class='ocrx_word' id='word_1_223' title='bbox 1271 3639 1394 3712; x_wconf 84' lang='lat' dir='ltr'><strong>regem</strong></span> 
     </span>
     <span class='ocr_line' id='line_1_27' title="bbox 76 3739 778 3838; baseline 0.004 -26"><span class='ocrx_word' id='word_1_224' title='bbox 76 3739 340 3838; x_wconf 81' lang='lat' dir='ltr'><strong>Neapolitanum</strong></span> <span class='ocrx_word' id='word_1_225' title='bbox 359 3761 424 3834; x_wconf 93' lang='lat' dir='ltr'><strong>pro</strong></span> <span class='ocrx_word' id='word_1_226' title='bbox 440 3739 586 3836; x_wconf 86' lang='lat' dir='ltr'><strong>speciali</strong></span> <span class='ocrx_word' id='word_1_227' title='bbox 607 3740 778 3815; x_wconf 86' lang='lat' dir='ltr'><strong>amicitia.</strong></span> 
     </span>
    </p>

    <p class='ocr_par' dir='ltr' id='par_1_8' title="bbox 79 3865 1396 4467">
     <span class='ocr_line' id='line_1_28' title="bbox 123 3865 1395 3967; baseline 0.001 -27"><span class='ocrx_word' id='word_1_228' title='bbox 123 3865 219 3941; x_wconf 80' lang='lat' dir='ltr'><strong>Faria</strong></span> <span class='ocrx_word' id='word_1_229' title='bbox 234 3870 376 3962; x_wconf 89' lang='lat' dir='ltr'><strong>quarta,</strong></span> <span class='ocrx_word' id='word_1_230' title='bbox 395 3869 437 3938; x_wconf 82' lang='lat'><strong>13</strong></span> <span class='ocrx_word' id='word_1_231' title='bbox 454 3865 590 3938; x_wconf 89' lang='lat' dir='ltr'><strong>mensis</strong></span> <span class='ocrx_word' id='word_1_232' title='bbox 612 3867 768 3963; x_wconf 84' lang='lat' dir='ltr'><strong>augusti,</strong></span> <span class='ocrx_word' id='word_1_233' title='bbox 784 3871 824 3940; x_wconf 87' lang='lat' dir='ltr'><strong>R.</strong></span> <span class='ocrx_word' id='word_1_234' title='bbox 845 3871 888 3940; x_wconf 94' lang='lat' dir='ltr'><strong>D.</strong></span> <span class='ocrx_word' id='word_1_235' title='bbox 907 3870 1035 3941; x_wconf 89' lang='lat' dir='ltr'><strong>Petrus</strong></span> <span class='ocrx_word' id='word_1_236' title='bbox 1057 3868 1189 3942; x_wconf 89' lang='lat' dir='ltr'><strong>Paulus</strong></span> <span class='ocrx_word' id='word_1_237' title='bbox 1206 3869 1395 3967; x_wconf 86' lang='lat' dir='ltr'><strong>episeopus</strong></span> 
     </span>
     <span class='ocr_line' id='line_1_29' title="bbox 79 3989 1396 4090; baseline 0.002 -28"><span class='ocrx_word' id='word_1_238' title='bbox 79 4013 102 4062; x_wconf 93' lang='lat' dir='ltr'><strong>s.</strong></span> <span class='ocrx_word' id='word_1_239' title='bbox 127 3991 276 4090; x_wconf 80' lang='lat' dir='ltr'><strong>Agathe,</strong></span> <span class='ocrx_word' id='word_1_240' title='bbox 304 3993 431 4080; x_wconf 87' lang='lat' dir='ltr'><strong>Rome,</strong></span> <span class='ocrx_word' id='word_1_241' title='bbox 456 3989 492 4062; x_wconf 93' lang='lat' dir='ltr'><strong>in</strong></span> <span class='ocrx_word' id='word_1_242' title='bbox 514 3992 657 4088; x_wconf 91' lang='lat' dir='ltr'><strong>majore</strong></span> <span class='ocrx_word' id='word_1_243' title='bbox 684 3992 822 4089; x_wconf 91' lang='lat' dir='ltr'><strong>capella</strong></span> <span class='ocrx_word' id='word_1_244' title='bbox 845 3991 966 4090; x_wconf 88' lang='lat' dir='ltr'><strong>palatii</strong></span> <span class='ocrx_word' id='word_1_245' title='bbox 988 3993 1175 4090; x_wconf 90' lang='lat' dir='ltr'><strong>apostolici</strong></span> <span class='ocrx_word' id='word_1_246' title='bbox 1204 3993 1396 4068; x_wconf 88' lang='lat' dir='ltr'><strong>celebravit</strong></span> 
     </span>
     <span class='ocr_line' id='line_1_30' title="bbox 79 4114 1392 4214; baseline -0.001 -24"><span class='ocrx_word' id='word_1_247' title='bbox 79 4117 212 4192; x_wconf 89' lang='lat' dir='ltr'><strong>nissam</strong></span> <span class='ocrx_word' id='word_1_248' title='bbox 242 4114 473 4190; x_wconf 88' lang='lat' dir='ltr'><strong>anniversarii</strong></span> <span class='ocrx_word' id='word_1_249' title='bbox 506 4115 625 4190; x_wconf 91' lang='lat' dir='ltr'><strong>obitus</strong></span> <span class='ocrx_word' id='word_1_250' title='bbox 651 4117 766 4191; x_wconf 92' lang='lat' dir='ltr'><strong>lelicis</strong></span> <span class='ocrx_word' id='word_1_251' title='bbox 795 4117 1054 4193; x_wconf 88' lang='lat' dir='ltr'><strong>recordationis</strong></span> <span class='ocrx_word' id='word_1_252' title='bbox 1084 4118 1172 4192; x_wconf 81' lang='lat' dir='ltr'><strong>Sixti</strong></span> <span class='ocrx_word' id='word_1_253' title='bbox 1196 4141 1289 4214; x_wconf 90' lang='lat' dir='ltr'><strong>pape</strong></span> <span class='ocrx_word' id='word_1_254' title='bbox 1316 4120 1392 4209; x_wconf 91' lang='lat' dir='ltr'><strong>llll,</strong></span> 
     </span>
     <span class='ocr_line' id='line_1_31' title="bbox 80 4241 1395 4342; baseline -0.001 -26"><span class='ocrx_word' id='word_1_255' title='bbox 80 4265 159 4340; x_wconf 90' lang='lat' dir='ltr'><strong>papa</strong></span> <span class='ocrx_word' id='word_1_256' title='bbox 179 4250 350 4342; x_wconf 90' lang='lat' dir='ltr'><strong>presente</strong></span> <span class='ocrx_word' id='word_1_257' title='bbox 365 4249 402 4316; x_wconf 89' lang='lat' dir='ltr'><strong>ot</strong></span> <span class='ocrx_word' id='word_1_258' title='bbox 416 4241 669 4316; x_wconf 89' lang='lat' dir='ltr'><strong>cardinalibus.</strong></span> <span class='ocrx_word' id='word_1_259' title='bbox 689 4246 786 4340; x_wconf 90' lang='lat' dir='ltr'><strong>Papa</strong></span> <span class='ocrx_word' id='word_1_260' title='bbox 803 4243 954 4317; x_wconf 89' lang='lat' dir='ltr'><strong>absolvit</strong></span> <span class='ocrx_word' id='word_1_261' title='bbox 966 4251 1047 4338; x_wconf 89' lang='lat' dir='ltr'><strong>post</strong></span> <span class='ocrx_word' id='word_1_262' title='bbox 1066 4241 1214 4316; x_wconf 91' lang='lat' dir='ltr'><strong>missam</strong></span> <span class='ocrx_word' id='word_1_263' title='bbox 1231 4249 1270 4316; x_wconf 92' lang='lat' dir='ltr'><strong>ut</strong></span> <span class='ocrx_word' id='word_1_264' title='bbox 1284 4241 1395 4316; x_wconf 91' lang='lat' dir='ltr'><strong>moris</strong></span> 
     </span>
     <span class='ocr_line' id='line_1_32' title="bbox 81 4367 1116 4467; baseline 0 -29"><span class='ocrx_word' id='word_1_265' title='bbox 81 4377 136 4459; x_wconf 88' lang='lat' dir='ltr'><strong>est,</strong></span> <span class='ocrx_word' id='word_1_266' title='bbox 153 4370 215 4446; x_wconf 88' lang='lat' dir='ltr'><strong>sed</strong></span> <span class='ocrx_word' id='word_1_267' title='bbox 231 4369 267 4444; x_wconf 91' lang='lat' dir='ltr'><strong>in</strong></span> <span class='ocrx_word' id='word_1_268' title='bbox 283 4393 411 4467; x_wconf 85' lang='lat' dir='ltr'><strong>cappa,</strong></span> <span class='ocrx_word' id='word_1_269' title='bbox 428 4377 535 4467; x_wconf 88' lang='lat' dir='ltr'><strong>prout</strong></span> <span class='ocrx_word' id='word_1_270' title='bbox 550 4369 587 4442; x_wconf 94' lang='lat' dir='ltr'><strong>in</strong></span> <span class='ocrx_word' id='word_1_271' title='bbox 602 4367 713 4442; x_wconf 86' lang='lat' dir='ltr'><strong>missa</strong></span> <span class='ocrx_word' id='word_1_272' title='bbox 728 4368 806 4460; x_wconf 88' lang='lat' dir='ltr'><strong>luit,</strong></span> <span class='ocrx_word' id='word_1_273' title='bbox 824 4392 898 4440; x_wconf 92' lang='lat' dir='ltr'><strong>non</strong></span> <span class='ocrx_word' id='word_1_274' title='bbox 912 4367 947 4439; x_wconf 92' lang='lat' dir='ltr'><strong>in</strong></span> <span class='ocrx_word' id='word_1_275' title='bbox 961 4367 1116 4464; x_wconf 88' lang='lat' dir='ltr'><strong>pluviali.</strong></span> 
     </span>
    </p>

    <p class='ocr_par' dir='ltr' id='par_1_9' title="bbox 81 4491 1398 4965">
     <span class='ocr_line' id='line_1_33' title="bbox 120 4491 1395 4592; baseline 0 -26"><span class='ocrx_word' id='word_1_276' title='bbox 120 4497 218 4570; x_wconf 86' lang='lat' dir='ltr'><strong>Feria</strong></span> <span class='ocrx_word' id='word_1_277' title='bbox 233 4503 347 4586; x_wconf 89' lang='lat' dir='ltr'><strong>sexta,</strong></span> <span class='ocrx_word' id='word_1_278' title='bbox 370 4501 412 4570; x_wconf 84' lang='grc'><strong>15</strong></span> <span class='ocrx_word' id='word_1_279' title='bbox 429 4495 565 4568; x_wconf 91' lang='lat' dir='ltr'><strong>mensis</strong></span> <span class='ocrx_word' id='word_1_280' title='bbox 579 4494 734 4592; x_wconf 81' lang='lat' dir='ltr'><strong>augusti,</strong></span> <span class='ocrx_word' id='word_1_281' title='bbox 752 4495 884 4568; x_wconf 82' lang='lat' dir='ltr'><strong>festum</strong></span> <span class='ocrx_word' id='word_1_282' title='bbox 899 4491 1154 4588; x_wconf 88' lang='lat' dir='ltr'><strong>assumptionis</strong></span> <span class='ocrx_word' id='word_1_283' title='bbox 1170 4493 1395 4566; x_wconf 86' lang='lat' dir='ltr'><strong>beateltlarie</strong></span> 
     </span>
     <span class='ocr_line' id='line_1_34' title="bbox 81 4617 1397 4716; baseline 0 -27"><span class='ocrx_word' id='word_1_284' title='bbox 81 4618 222 4716; x_wconf 85' lang='lat' dir='ltr'><strong>virginis.</strong></span> <span class='ocrx_word' id='word_1_285' title='bbox 247 4624 289 4693; x_wconf 88' lang='lat' dir='ltr'><strong>R.</strong></span> <span class='ocrx_word' id='word_1_286' title='bbox 305 4623 342 4692; x_wconf 88' lang='lat' dir='ltr'><strong>P.</strong></span> <span class='ocrx_word' id='word_1_287' title='bbox 360 4623 404 4691; x_wconf 88' lang='lat' dir='ltr'><strong>D.</strong></span> <span class='ocrx_word' id='word_1_288' title='bbox 421 4618 604 4691; x_wconf 87' lang='lat' dir='ltr'><strong>lohannes</strong></span> <span class='ocrx_word' id='word_1_289' title='bbox 621 4617 814 4716; x_wconf 88' lang='lat' dir='ltr'><strong>episcopus</strong></span> <span class='ocrx_word' id='word_1_290' title='bbox 834 4617 1072 4690; x_wconf 89' lang='lat' dir='ltr'><strong>Tornaoensis</strong></span> <span class='ocrx_word' id='word_1_291' title='bbox 1083 4617 1168 4691; x_wconf 90' lang='lat' dir='ltr'><strong>lecit</strong></span> <span class='ocrx_word' id='word_1_292' title='bbox 1185 4617 1346 4691; x_wconf 80' lang='lat' dir='ltr'><strong>officium</strong></span> <span class='ocrx_word' id='word_1_293' title='bbox 1360 4617 1397 4689; x_wconf 91' lang='lat' dir='ltr'><strong>in</strong></span> 
     </span>
     <span class='ocr_line' id='line_1_35' title="bbox 82 4739 1398 4840; baseline 0.002 -28"><span class='ocrx_word' id='word_1_294' title='bbox 82 4743 352 4840; x_wconf 78' lang='lat' dir='ltr'><strong>capellamaJore</strong></span> <span class='ocrx_word' id='word_1_295' title='bbox 367 4741 489 4840; x_wconf 89' lang='lat' dir='ltr'><strong>palatii</strong></span> <span class='ocrx_word' id='word_1_296' title='bbox 502 4741 701 4839; x_wconf 88' lang='lat' dir='ltr'><strong>apostolici,</strong></span> <span class='ocrx_word' id='word_1_297' title='bbox 724 4745 820 4840; x_wconf 88' lang='lat' dir='ltr'><strong>Papa</strong></span> <span class='ocrx_word' id='word_1_298' title='bbox 832 4747 1015 4838; x_wconf 89' lang='lat' dir='ltr'><strong>presente,</strong></span> <span class='ocrx_word' id='word_1_299' title='bbox 1031 4764 1105 4816; x_wconf 91' lang='lat' dir='ltr'><strong>non</strong></span> <span class='ocrx_word' id='word_1_300' title='bbox 1123 4747 1243 4814; x_wconf 86' lang='lat' dir='ltr'><strong>tamen</strong></span> <span class='ocrx_word' id='word_1_301' title='bbox 1254 4739 1398 4839; x_wconf 84' lang='lat' dir='ltr'><strong>pontili-</strong></span> 
     </span>
     <span class='ocr_line' id='line_1_36' title="bbox 83 4866 720 4965; baseline 0.009 -29"><span class='ocrx_word' id='word_1_302' title='bbox 83 4866 193 4943; x_wconf 83' lang='lat' dir='ltr'><strong>caliter</strong></span> <span class='ocrx_word' id='word_1_303' title='bbox 207 4868 271 4941; x_wconf 89' lang='lat' dir='ltr'><strong>sed</strong></span> <span class='ocrx_word' id='word_1_304' title='bbox 286 4873 410 4941; x_wconf 88' lang='lat' dir='ltr'><strong>manto</strong></span> <span class='ocrx_word' id='word_1_305' title='bbox 425 4872 566 4940; x_wconf 88' lang='lat' dir='ltr'><strong>tantum</strong></span> <span class='ocrx_word' id='word_1_306' title='bbox 581 4875 720 4965; x_wconf 90' lang='lat' dir='ltr'><strong>parato.</strong></span> 
     </span>
    </p>

    <p class='ocr_par' dir='ltr' id='par_1_10' title="bbox 85 4991 1397 5216">
     <span class='ocr_line' id='line_1_37' title="bbox 121 4991 1397 5091; baseline 0.004 -29"><span class='ocrx_word' id='word_1_307' title='bbox 121 4993 217 5066; x_wconf 82' lang='lat' dir='ltr'><strong>Faria</strong></span> <span class='ocrx_word' id='word_1_308' title='bbox 232 4998 345 5082; x_wconf 85' lang='lat' dir='ltr'><strong>sexto,</strong></span> <span class='ocrx_word' id='word_1_309' title='bbox 364 4997 409 5066; x_wconf 79' lang='lat'><strong>29</strong></span> <span class='ocrx_word' id='word_1_310' title='bbox 425 4993 561 5067; x_wconf 91' lang='lat' dir='ltr'><strong>mensis</strong></span> <span class='ocrx_word' id='word_1_311' title='bbox 580 4994 734 5091; x_wconf 82' lang='lat' dir='ltr'><strong>augusti,</strong></span> <span class='ocrx_word' id='word_1_312' title='bbox 758 4991 890 5067; x_wconf 84' lang='lat' dir='ltr'><strong>festum</strong></span> <span class='ocrx_word' id='word_1_313' title='bbox 912 4993 1161 5067; x_wconf 90' lang='lat' dir='ltr'><strong>decollationis</strong></span> <span class='ocrx_word' id='word_1_314' title='bbox 1176 5017 1206 5066; x_wconf 92' lang='lat' dir='ltr'><strong>s.</strong></span> <span class='ocrx_word' id='word_1_315' title='bbox 1223 4993 1397 5067; x_wconf 85' lang='lat' dir='ltr'><strong>lobannis</strong></span> 
     </span>
     <span class='ocr_line' id='line_1_38' title="bbox 85 5115 1395 5216; baseline 0.002 -31"><span class='ocrx_word' id='word_1_316' title='bbox 85 5115 241 5214; x_wconf 85' lang='lat' dir='ltr'><strong>Baptista,</strong></span> <span class='ocrx_word' id='word_1_317' title='bbox 269 5117 552 5194; x_wconf 89' lang='lat' dir='ltr'><strong>anniversarium</strong></span> <span class='ocrx_word' id='word_1_318' title='bbox 574 5117 829 5216; x_wconf 90' lang='lat' dir='ltr'><strong>assumptionis</strong></span> <span class='ocrx_word' id='word_1_319' title='bbox 848 5120 912 5192; x_wconf 89' lang='lat' dir='ltr'><strong>SS.</strong></span> <span class='ocrx_word' id='word_1_320' title='bbox 936 5121 979 5193; x_wconf 90' lang='lat' dir='ltr'><strong>D.</strong></span> <span class='ocrx_word' id='word_1_321' title='bbox 1004 5121 1046 5192; x_wconf 92' lang='lat' dir='ltr'><strong>N.</strong></span> <span class='ocrx_word' id='word_1_322' title='bbox 1066 5141 1172 5216; x_wconf 89' lang='lat' dir='ltr'><strong>pape,</strong></span> <span class='ocrx_word' id='word_1_323' title='bbox 1200 5120 1326 5196; x_wconf 81' lang='lat' dir='ltr'><strong>limus.</strong></span> <span class='ocrx_word' id='word_1_324' title='bbox 1352 5119 1395 5190; x_wconf 95' lang='lat' dir='ltr'><strong>D.</strong></span> 
     </span>
    </p>
   </div>
   <div class='ocr_carea' id='block_1_3' title="bbox 0 0 1737 6038">
    <p class='ocr_par' dir='ltr' id='par_1_11' title="bbox 0 0 1737 6038">
     <span class='ocr_line' id='line_1_39' title="bbox 0 0 1737 6038; baseline 0 0"><span class='ocrx_word' id='word_1_325' title='bbox 0 0 1737 6038; x_wconf 95' lang='lat' dir='ltr'><strong> </strong></span> 
     </span>
    </p>
   </div>
  </div>
 </body>
</html>
