3436 6038
50 497 182 549 Decembre
192 499 261 562 libb]
354 495 481 553 RERUM
506 495 734 554 uussauaauu
760 494 1024 554 COMMENTARH.
1308 501 1360 556 173

43 655 179 740 tiarum;
202 650 399 726 secuudum
423 674 538 747 nepos
563 659 598 726 et
622 657 746 727 orator
766 653 865 750 regis
886 653 1127 752 Portugallie;
1149 655 1291 728 tertiam
1311 657 1354 730 D.

41 779 201 852 bobertus
232 775 500 852 confalonerius
534 777 722 867 Eeclesie;
746 783 910 874 quartam
941 777 1178 876 blarquardus
1208 777 1358 852 Brisach

41 912 148 980 orator
160 901 358 1002 imperialis
377 927 385 975 :
401 925 514 1000 nepos
530 909 567 977 et
582 909 705 977 orator
723 905 818 1001 regis
840 903 1056 1002 Portugallie
1077 901 1174 977 stetit
1194 903 1232 976 in
1251 901 1359 999 plano

40 1029 106 1104 solii
121 1029 380 1127 supradictum
394 1033 448 1101 D.
472 1029 684 1118 Robcrtum,
707 1029 844 1126 dequo
866 1029 917 1102 tui
940 1053 1006 1127 per
1026 1027 1359 1104 vicecancellarium

40 1163 69 1230 ct
81 1157 350 1253 Neapolitanum
367 1152 567 1228 cardinales
581 1153 839 1250 reprehensus,
857 1153 1058 1250 quodPape
1070 1152 1280 1250 significavi,
1298 1153 1359 1249 qui

37 1289 148 1355 tamen
161 1281 277 1355 noluit
289 1279 394 1356 aliter
410 1277 616 1376 disponere.
640 1279 836 1375 Epistulam
855 1279 1003 1352 latinam
1019 1278 1107 1351 dixit
1127 1280 1170 1351 D.
1188 1276 1361 1377 Hierony-

41 1431 109 1480 mus
124 1405 357 1503 unagands,
368 1403 594 1501 evangelium
608 1401 799 1478 cardinalis
810 1405 999 1496 Senensis;
1012 1404 1201 1504 epistolam
1213 1427 1359 1500 grecam

41 1533 78 1601 D.
99 1529 317 1618 Demetrius;
338 1527 565 1626 evangelium
582 1531 624 1600 D.
640 1530 670 1598 J.
690 1529 917 1620 Laurentius,
930 1529 1244 1628 venetusscriptor
1258 1551 1362 1627 apos-

42 1653 171 1726 tolicus.
190 1653 308 1728 Finita
328 1652 451 1744 misse,
475 1653 689 1745 cardinales,
709 1661 831 1753 preter
851 1656 1245 1730 voluntatemnostram
1261 1679 1362 1730 asso-

42 1779 168 1853 ciarunt
190 1781 416 1878 pontificem,
439 1786 475 1854 et
496 1781 603 1872 male,
625 1782 662 1855 in
682 1781 901 1878 paramentis
923 1803 1037 1880 usque
1058 1787 1158 1856 extra
1178 1781 1362 1858 basilicam

42 1904 244 1998 predictam,
262 1906 324 1978 ubi
338 1906 423 1980 data
437 1905 489 1980 eis
505 1906 709 2004 apontifice
727 1905 920 1982 recedendi
932 1906 1101 1996 licentia;
1119 1905 1364 2005 deposuerunt

44 2029 164 2102 ibidem
185 2037 398 2128 paramenta
426 2037 462 2105 et
489 2037 710 2129 acceperunt
736 2055 818 2106 suus
845 2055 978 2129 cappas
1002 2037 1039 2106 et
1062 2031 1108 2106 ad
1129 2031 1256 2108 domos
1281 2039 1363 2108 sunt

45 2154 165 2228 reversi
184 2183 192 2227 :
211 2179 338 2232 ensem
356 2179 439 2232 eum
459 2157 599 2254 capello
613 2156 650 2230 in
661 2156 906 2232 'matutinis'et
919 2157 1031 2232 missa
1045 2157 1183 2255 majore
1202 2159 1364 2256 predicta

45 2279 186 2374 portavit
202 2286 287 2356 ante
308 2304 454 2354 crucem
476 2283 518 2354 D.
543 2284 680 2379 Gaspur
698 2281 856 2356 Bloudus
876 2305 1019 2358 camere
1044 2283 1242 2381 apostolice
1262 2283 1364 2358 cleri-

47 2427 101 2477 cus
113 2413 150 2480 et
161 2405 204 2480 ad
220 2429 403 2482 eameram
420 2411 515 2504 Pape
531 2407 737 2504 reportavit,
755 2407 839 2504 quia
853 2406 955 2482 alteri
971 2409 1055 2483 data
1068 2431 1142 2482 non
1156 2409 1312 2484 fuerunt.

88 2531 187 2606 Feria
211 2533 385 2622 secunda,
418 2537 463 2605 26
488 2533 623 2608 mensis
647 2531 865 2623 decembris,
888 2533 981 2607 festo
997 2558 1031 2606 s.
1051 2535 1223 2633 Stephani
1239 2543 1363 2634 proto·

47 2658 212 2756 martyris,
239 2663 364 2732 Rmus.
393 2661 435 2733 D.
469 2657 658 2734 cardinalis
688 2655 966 2730 Mediolanensis
995 2657 1186 2734 celebrarit
1215 2660 1363 2735 missam

48 2781 233 2856 solemnem
248 2783 283 2856 iu
307 2783 447 2880 capella
470 2784 610 2882 majore
633 2806 716 2856 eum
740 2781 958 2879 paramentis
983 2783 1104 2856 rubeis
1129 2783 1255 2860 urdine
1275 2809 1364 2860 curr-

48 2913 139 2980 sueto
169 2933 177 2980 :
209 2930 416 2982 sermonem
444 2909 529 2982 iecit
564 2907 711 3005 quidam
748 2907 920 3004 hispanus
955 2907 1160 3003 capellanus
1198 2909 1290 2984 ami.
1318 2915 1361 2984 D.

48 3030 224 3106 cardinalis
241 3033 525 3131 'Andagaveusia
550 3033 822 3108 Conlalonerius
840 3033 932 3105 intra
951 3031 1083 3107 dictum
1106 3034 1253 3109 missum
1269 3035 1366 3110 uenit

49 3151 79 3224 iu
109 3157 280 3253 capellam
311 3159 526 3255 predictam,
564 3159 621 3232 eui
661 3157 743 3231 dedi
771 3157 894 3232 lucum
930 3157 966 3230 in
995 3157 1084 3233 solio
1113 3163 1218 3257 'Papa
1256 3169 1366 3258 supra

50 3287 204 3376 nepotem
220 3289 256 3356 et
272 3290 457 3358 oratorem
472 3284 567 3382 regis
584 3282 789 3381 Portugalie
804 3281 939 3358 ibidem
954 3285 1188 3358 constitutum
1205 3291 1241 3360 et
1255 3287 1362 3378 male,

48 3403 119 3496 quia
133 3406 305 3482 debuerat
320 3433 401 3483 esse
419 3409 455 3482 in
471 3409 554 3484 loeo
569 3417 766 3484 oratorum.

89 3531 185 3606 Ferie
200 3533 318 3622 tertia,
334 3539 385 3632 ‚27
406 3534 541 3608 mensis
561 3535 778 3626 decembris,
799 3536 891 3610 testo
910 3560 939 3608 s.
962 3535 1150 3626 lobannis,
1174 3541 1297 3612 Rmus.
1319 3541 1364 3612 D.

50 3655 223 3731 cardinalis
254 3657 505 3733 Ulixbonensis
535 3657 728 3732 celebravit
757 3659 905 3732 missam
938 3658 1138 3733 solemnem
1171 3660 1206 3732 in
1224 3661 1368 3759 ¹capella

52 3782 257 3878 supradicta;
285 3801 491 3858 sermonem
513 3782 600 3856 leeit
625 3782 772 3878 quidam
797 3783 990 3883 discipulus
1017 3785 1205 3882 Pomponii
1231 3787 1368 3884 absque

52 3907 195 3980 omnium
209 3907 326 3980 laude.
340 3905 456 3979 Finita
469 3905 592 3998 missa,
611 3911 654 3980 D.
672 3909 848 3983 Robertus
864 3910 1130 3984 confalonerius
1146 3910 1232 3986 lecit
1244 3935 1369 3987 mons-

53 4039 130 4106 tram
155 4035 199 4110 de
222 4039 331 4131 gente
354 4057 420 4107 sua
442 4033 480 4106 in
499 4034 619 4132 platea
640 4060 667 4108 s.
684 4034 793 4108 Petri.
819 4035 940 4110 Primo
961 4043 1138 4112 venerunt
1166 4037 1306 4135 pedites
1332 4039 1369 4111 in

53 4160 251 4250 partcsanis,
264 4165 341 4234 tum
357 4160 578 4260 seopetterii,
593 4167 674 4257 post
690 4182 753 4234 eos
764 4159 823 4233 alii
834 4159 975 4257 pedites
986 4183 1068 4234 cum
1084 4160 1220 4234 lanceis
1235 4159 1367 4258 longis,

52 4281 165 4360 deiude
183 4289 226 4360 D.
246 4285 423 4359 Robertus
444 4291 617 4376 armatus,
640 4285 787 4382 dempto
807 4285 996 4374 helmetto,
1020 4308 1129 4381 quem
1153 4285 1371 4382 sequebatur

53 4429 112 4482 uua
125 4411 281 4508 squadra
300 4411 613 4508 seopetteriorum,
634 4417 715 4508 post
737 4411 818 4484 illos
831 4410 1023 4485 duodecim
1043 4413 1197 4509 squadre
1213 4410 1370 4508 armige-

53 4555 160 4608 rorum
171 4534 380 4635 iquuorum
393 4535 509 4633 prima
523 4545 601 4611 erat
612 4537 796 4612 lohannes
808 4536 1025 4610 Mariafilius
1041 4539 1083 4610 D.
1102 4535 1264 4624 liuberti,
1282 4559 1370 4632 quas

53 4661 255 4756 sequebatur
270 4683 334 4734 sex
356 4659 484 4734 vexilla
502 4669 656 4757 quorum
679 4662 748 4735 tria
767 4662 923 4760 insignia
937 4685 1010 4736 non
1030 4661 1182 4750 attendi;
1204 4667 1371 4758 quartum

55 4791 116 4857 erat
141 4787 378 4875 Venetorum,
412 4785 575 4882 quintum
601 4811 684 4860 eum
708 4787 816 4862 armis
847 4790 956 4885 Papa,
986 4791 1127 4860 sentum
1151 4809 1233 4860 cum
1261 4785 1371 4860 armis

55 4909 198 4987 Ecclesia
221 4937 230 4986 :
254 4919 336 5010 post
358 4912 539 5002 vexillum,
567 4937 660 4988 uuus
683 4914 910 5012 squadronus
931 4911 1091 5010 gentium
1112 4909 1372 5010 armigerurum

55 5031 134 5108 inter
152 5061 243 5134 quos
265 5036 401 5135 primus
423 5045 502 5112 erat
519 5041 711 5112 Fracassus
736 5039 831 5112 lilius
856 5037 941 5112 dicti
968 5041 1011 5112 D.
1040 5037 1203 5127 liuberti,
1229 5045 1264 5112 et
1292 5044 1374 5138 pust

56 5161 221 5236 sexdecim
251 5162 312 5238 alii
338 5164 533 5262 squadroni
557 5189 649 5260 quos
685 5163 931 5262 sequebantur
961 5164 1031 5238 due
1064 5169 1180 5239 turma
1213 5164 1374 5263 peditum
