3600 6094
287 451 324 508 42
745 445 921 504 totitatis
947 446 1169 516 BL'HCHARDI,
1455 449 1535 514 [lunt
1549 451 1619 516 litt]

287 602 419 678 serent.
436 599 595 676 Remitto
616 621 762 696 quoquc
783 599 836 675 eis
858 607 894 675 et
916 623 1043 676 eorum
1065 600 1226 690 cuilibet,
1248 623 1377 675 omnes
1399 607 1435 675 ct
1456 600 1618 698 singulos

289 727 427 803 fructus
442 749 508 826 per
522 748 586 801 eos
600 725 723 800 forsan
740 749 786 801 ex
799 726 977 817 eeclesiis,
994 726 1224 802 monasteriis
1237 734 1274 802 et
1293 727 1480 802 benefieiis
1497 727 1618 802 eccle-

288 852 442 930 siasticis
463 852 775 950 qualitercumque
796 876 911 950 usque
933 852 971 924 in
993 852 1103 927 hodie
1124 853 1220 928 male
1246 861 1454 951 perceptos,
1481 876 1618 950 eosque

288 987 325 1055 et
343 977 541 1078 quemlibet
555 999 682 1054 eorum
700 978 747 1052 ad
762 979 954 1076 pristinum
973 979 1180 1056 innocentie
1200 985 1346 1070 statum,
1368 979 1403 1054 in
1424 1002 1497 1076 quo
1517 987 1621 1054 crant

270 1113 452 1205 tempore
472 1104 720 1180 concessionis
741 1103 836 1180 sacri
853 1104 1093 1204 baptismatis,
1114 1105 1275 1202 plenarie
1297 1105 1461 1194 restituo,
1483 1127 1620 1204 repono

288 1237 325 1306 et
344 1231 540 1328 reintegra.
568 1234 611 1304 Et
638 1231 668 1306 si
698 1231 760 1326 qui
789 1253 917 1305 eorum
947 1231 1087 1320 forent,
1116 1231 1178 1327 qui
1208 1229 1397 1328 specialius
1425 1229 1560 1306 absolui
1585 1239 1623 1304 et

287 1379 414 1432 secum
432 1355 632 1456 dispensari
656 1356 798 1452 aliaque
822 1357 1001 1454 premissa
1026 1356 1119 1449 lieri,
1143 1357 1262 1431 forsan
1289 1356 1413 1452 quovis
1436 1365 1618 1454 respectu,

287 1481 550 1572 desiderarent,
567 1481 715 1556 cuilibet
729 1505 856 1557 eorum
874 1481 1053 1574 concedo,
1069 1489 1108 1556 ut
1120 1483 1309 1558 confessor
1322 1481 1489 1573 idoneus,
1511 1505 1621 1580 quem

288 1607 431 1682 duxerit
466 1607 674 1704 eligendum
713 1608 905 1707 presbyter
942 1607 1115 1683 secularis
1149 1607 1205 1682 vel
1243 1607 1434 1704 religiosus
1466 1608 1627 1705 cujusvis

291 1733 440 1824 ordinis,
463 1733 572 1808 etiam
601 1733 899 1823 mendicantium,
937 1757 1025 1832 erga
1046 1757 1240 1832 personam
1273 1733 1438 1831 eligentis
1464 1732 1501 1806 in
1522 1733 1627 1808 inno

289 1857 405 1932 reuda
423 1857 665 1950 absolutione,
685 1857 969 1956 dispensatione,
992 1859 1188 1935 abolitione
1206 1867 1243 1932 et
1262 1858 1488 1933 restitutione
1505 1859 1625 1956 predi-

287 1983 367 2072 ctis,
405 1983 515 2058 etiam
543 1983 753 2058 criminibus
789 1991 825 2058 et
865 1985 1029 2059 censuris
1056 1984 1288 2082 specificatis,
1317 1983 1445 2059 eedem
1473 2005 1622 2080 prorsus

289 2107 500 2206 plenissima
525 2115 562 2184 et
589 2109 755 2184 absolute
781 2117 962 2207 potestate
993 2117 1029 2184 et
1059 2110 1279 2184 authoritate
1315 2109 1524 2206 iungantur,
1549 2132 1622 2206 qua

288 2233 419 2330 fungor
443 2257 526 2332 ego,
551 2239 592 2307 ut
614 2235 744 2309 Christi
766 2235 919 2309 vicarius
944 2235 1112 2330 Petrique
1137 2256 1339 2324 successor,
1367 2234 1456 2308 nihil
1476 2234 1622 2332 penitus

288 2357 326 2430 in
341 2357 412 2434 hoc
426 2361 643 2436 reservando
658 2361 721 2461 (l).

340 2490 443 2576 ltem,
465 2509 549 2560 cum
572 2487 710 2560 romani
728 2485 918 2584 pontificos
938 2494 1022 2584 post
1039 2487 1165 2577 editas,
1186 2485 1441 2560 incrastinum
1460 2509 1624 2584 assump-

291 2611 397 2686 tionis
419 2633 559 2702 eorum,
579 2611 725 2706 regulas
748 2619 785 2684 et
808 2613 1085 2686 constitutiones
1107 2613 1144 2686 in
1165 2634 1318 2707 quarum
1340 2611 1498 2686 editione
1517 2612 1622 2686 adhi-

289 2737 363 2812 beri
383 2743 652 2810 consueverunt
668 2742 871 2833 opportune
891 2736 1073 2832 diligentie
1094 2743 1130 2810 et
1148 2736 1379 2828 intervenire,
1397 2737 1561 2811 nonnulli
1578 2737 1622 2811 de

290 2861 427 2936 eisdem
461 2861 703 2935 cardinalibus
740 2869 777 2935 et
811 2861 888 2935 aliis
932 2884 1083 2935 romane
1117 2861 1217 2936 curie
1247 2861 1461 2936 officialibus
1489 2883 1556 2956 per
1585 2885 1625 2936 sc

289 2987 542 3062 consueverint
573 2986 681 3060 edere
720 2985 809 3060 alias
841 2986 983 3082 regulas
1020 2993 1056 3060 et
1086 2986 1376 3076 constitutiones,
1410 2987 1446 3058 iu
1471 3010 1623 3082 quarum

289 3113 447 3188 editione
471 3134 627 3210 persepe
656 3118 757 3186 tanta
779 3119 948 3186 accurata
971 3111 1158 3208 diligentie
1178 3135 1252 3184 non
1274 3111 1478 3202 adhibetur,
1498 3135 1621 3202 voveo,

285 3239 367 3335 juro
395 3245 432 3312 et
455 3237 625 3335 promitto
651 3237 686 3310 in
713 3237 787 3327 his,
814 3261 885 3333 que
906 3261 971 3336 per
995 3260 1054 3311 me
1083 3236 1144 3310 edi
1170 3238 1372 3335 continget,
1396 3238 1566 3312 clausubs
1588 3245 1625 3312 et

289 3362 603 3438 constitutionibus
630 3369 713 3458 post
734 3362 887 3458 primam
911 3362 1109 3436 editionem
1137 3362 1279 3436 solitam
1304 3387 1489 3458 nunquam
1511 3363 1625 3438 cardi-

288 3487 390 3560 nales
411 3485 610 3576 includere,
631 3486 700 3558 nisi
720 3487 780 3560 ille
800 3487 1012 3560 eorumdem
1033 3487 1271 3562 cardinalium
1292 3488 1449 3563 levorem
1475 3512 1626 3564 concer-

290 3615 389 3701 nent,
404 3612 459 3687 vel
475 3613 533 3686 ille
549 3613 594 3688 de
612 3613 763 3686 consilio
783 3613 995 3688 eorumdem
1010 3613 1246 3687 cardinalium
1265 3637 1330 3687 sou
1346 3613 1493 3712 majoris
1509 3615 1623 3712 pertis

289 3763 415 3814 eorum
450 3740 642 3815 ederentur
677 3739 733 3838 (de
771 3739 868 3836 quod
903 3744 1044 3814 constet
1075 3763 1142 3836 per
1173 3739 1474 3834 subscriptionem
1513 3739 1622 3813 trium

288 3867 448 3966 priorum
467 3866 633 3940 ordinum
657 3865 871 3940 eorumdem
892 3865 929 3938 in
948 3863 1209 3938 constitutione
1231 3871 1268 3937 et
1292 3863 1418 3960 regula
1442 3862 1494 3936 sic
1516 3861 1622 3961 edita)

288 3999 325 4068 ct
341 3992 388 4066 ad
402 3991 655 4067 cancellariam
678 3991 916 4088 apostolicam
935 3988 1089 4087 legende
1115 3989 1447 4064 transmitterentur
1467 4013 1474 4061 :
1498 3987 1534 4060 in
1554 3973 1623 4062 hoc

323 4191 348 4248 l.
370 4210 385 4243 o
400 4187 470 4246 Mais
484 4187 517 4244 de
532 4193 595 4245 tous
608 4187 647 4244 les
662 4187 780 4256 articles,
793 4187 817 4244 le
831 4187 892 4260 plus
904 4187 1034 4261 singulier
1048 4189 1195 4260 peut-etre,
1212 4189 1253 4241 cst
1265 4183 1333 4239 celui
1344 4201 1394 4258 par
1413 4183 1501 4258 lequel
1512 4183 1537 4240 le
1548 4184 1623 4257 Pape

287 4279 361 4337 lutur
375 4277 513 4336 accordoil
531 4277 661 4334 d'evance
680 4281 773 4334 alteus
795 4277 836 4334 les
856 4278 1013 4336 Cardinaux
1036 4280 1170 4336 electeurs
1193 4275 1367 4334 l'absolution
1388 4277 1500 4344 entiere,
1516 4282 1545 4332 et
1558 4293 1622 4332 saus

287 4385 405 4438 reserva,
421 4369 456 4426 de
474 4375 537 4426 tous
548 4367 587 4424 les
602 4368 699 4424 crimes
711 4367 792 4442 qu'ils
806 4369 964 4442 pourroient
977 4369 1053 4427 avoir
1066 4368 1195 4436 commis,
1207 4367 1296 4442 quelle
1310 4367 1391 4441 qu'en
1406 4367 1447 4422 lut
1461 4365 1622 4435 l'enormite,

287 4465 314 4515 ct
327 4459 419 4534 quand
433 4458 465 4516 ils
482 4457 602 4515 seroient
616 4457 649 4513 de
666 4465 764 4514 nature
786 4460 803 4514 b
821 4475 855 4514 ne
867 4459 980 4531 pouvolr
994 4463 1049 4516 etre
1064 4459 1220 4532 perdonetis
1235 4455 1363 4531 qu’apres
1382 4473 1435 4512 une
1451 4455 1623 4512 enunciation

287 4563 427 4620 expresse.
448 4548 506 4605 Une
526 4545 637 4622 pareille
651 4563 790 4620 promesse
814 4547 940 4606 sembloit
961 4548 1085 4605 conteuir
1109 4564 1162 4603 une
1181 4563 1250 4603 aven
1266 4546 1349 4604 tacite
1364 4551 1391 4602 et
1406 4559 1460 4618 peu
1476 4543 1622 4601 honorable

288 4637 323 4692 rln
339 4637 434 4694 besola
448 4637 528 4711 qu'ils
543 4636 683 4712 croyoient
697 4653 730 4692 cn
744 4636 827 4694 avoir.
843 4669 878 4680 -
890 4637 940 4694 Cet
954 4637 1048 4694 article
1066 4655 1100 4694 ne
1114 4653 1144 4693 sc
1159 4642 1254 4694 trouve
1269 4636 1347 4709 point
1361 4636 1432 4692 dans
1447 4633 1487 4690 las
1500 4634 1622 4690 Annales

288 4727 321 4780 de
345 4726 492 4800 ltaynaldi.
512 4749 526 4778 s
550 4758 585 4768 -
605 4726 644 4782 De
661 4727 821 4801 Brequigny
840 4728 952 4799 (Notice
971 4728 1011 4782 du
1028 4726 1158 4782 Journal
1178 4727 1214 4779 de
1233 4725 1399 4794 Burobard,
1425 4723 1494 4780 dans
1518 4723 1543 4778 le
1564 4730 1585 4779 t.
1601 4723 1623 4788 l,

287 4831 314 4888 p.
330 4815 375 4883 tl,
396 4813 445 4870 des
462 4829 468 4868 :
486 4835 500 4865 o
524 4813 633 4870 Notices
657 4821 684 4870 et
712 4814 831 4871 llxtraits
860 4814 908 4870 des
932 4818 1098 4871 manuscrits
1117 4815 1151 4870 de
1173 4813 1201 4869 la
1224 4812 1413 4887 bibliotheque
1429 4812 1466 4869 du
1481 4811 1545 4870 Roi.
1562 4831 1623 4864 s-

289 4902 377 4974 l'aris,
391 4903 482 4974 1787).

323 4992 391 5050 Bion
413 5007 467 5067 que
491 4991 530 5048 M.
546 4991 701 5049 Gennarelli
719 4991 833 5050 obserre
852 4997 909 5050 tres
917 4993 1069 5067 justcment
1083 5011 1137 5067 que
1153 4994 1264 5068 porcille
1281 4994 1364 5050 chose
1381 5011 1411 5050 se
1425 4991 1624 5050 renouveleitt

287 5083 393 5157 chaque
408 5079 537 5138 conclave
553 5083 626 5155 (roy.
638 5081 703 5138 lob.
721 5083 830 5138 Burcb.
842 5081 940 5154 Dior„
955 5101 986 5156 p.
1005 5085 1051 5152 22,
1067 5090 1126 5141 not.
1142 5087 1171 5156 2,
1185 5083 1432 5158 Florentioe185d),
1444 5083 1622 5156 laremarque

287 5171 321 5228 de
339 5171 381 5232 bl.
395 5171 430 5228 de
440 5171 599 5247 Brequigny
612 5187 744 5230 conserve
758 5177 834 5230 toute
849 5190 881 5232 sa
894 5173 989 5231 valeur
1002 5175 1115 5231 morale.
