3424 6038
42 473 108 525 ‘lrrtl
123 473 191 538 tttt]
359 471 487 530 RERUM
511 469 738 528 Uassnuaaum
763 467 1026 527 commeatuum.
1309 465 1362 520 249

41 627 235 726 simplicem
250 628 396 726 planam
419 632 564 724 gestans
583 624 679 699 venit
700 625 745 699 ad
765 623 954 721 capellam,
972 620 1085 695 oravit
1109 641 1219 717 super
1239 619 1362 693 taldis-

40 753 135 842 lorio,
159 751 308 826 cussino
333 750 491 824 violaceo
519 754 693 824 consuetu
722 748 879 846 desuper
898 747 1030 846 positu.
1059 745 1179 819 Oravit
1199 745 1363 821 similiter

39 877 346 952 vicecancellarius
356 899 433 952 rem
445 875 601 949 divinam
612 877 775 964 seturna,
786 880 931 972 paratus
947 873 1114 947 omnibus
1125 872 1360 969 paramentis,

38 1004 184 1079 sandalis
206 1010 244 1077 et
259 1001 480 1078 chirothecis
496 1000 650 1098 demptis
666 1023 731 1097 per
747 999 903 1096 spatium
924 999 1028 1072 nnius
1042 997 1225 1088 Miserere,
1244 1005 1279 1070 et
1295 997 1365 1070 alia

39 1131 222 1204 factasunt
234 1135 343 1226 prout
355 1128 392 1200 in
405 1125 637 1202 ceremoniali
653 1125 823 1221 usquead
840 1125 1042 1200 orationem
1058 1123 1176 1197 crucis
1198 1123 1364 1219 adquam

39 1260 208 1329 venerunt
222 1254 296 1326 huc
312 1251 451 1326 ordine.
470 1255 567 1348 Papa
586 1249 787 1324 associatus
806 1275 828 1324 a
843 1249 981 1324 duobus
999 1248 1238 1324 cardinalibus
1255 1248 1365 1322 assis-

42 1379 203 1468 tentibus,
220 1377 385 1475 depusita
408 1376 445 1449 in
466 1375 557 1450 solio
577 1375 695 1466 mitra,
715 1375 921 1474 discoperto
941 1376 1073 1472 eapite,
1095 1375 1204 1464 venit,
1224 1375 1366 1447 auditu-

41 1503 132 1576 ribus
161 1507 304 1576 vestem
331 1523 405 1574 nun
427 1499 650 1573 elevantibus
679 1499 765 1596 quia
797 1499 1034 1573 discalceatus
1065 1502 1255 1590 nun'erat,
1282 1500 1367 1575 licet

41 1627 190 1727 acolythi
212 1607 375 1700 fimbrias
398 1625 594 1715 tenuerint,
618 1629 654 1697 et
676 1623 914 1698 cubicularius
938 1631 1101 1699 secretus
1124 1625 1252 1722 egerit,
1274 1648 1316 1698 ac
1337 1625 1367 1698 si

41 1753 196 1850 pontifici
212 1752 461 1827 calceamenta
481 1751 699 1841 extraheret,
717 1752 827 1848 quod,
856 1752 885 1824 si
905 1751 1086 1826 auditores
1105 1758 1242 1826 vestem
1265 1774 1366 1826 more

42 1877 139 1950 solito
160 1877 377 1967 elevassent,
400 1875 514 1949 visum
536 1881 644 1950 esset.
674 1879 759 1949 Post
783 1881 916 1974 Papam
935 1877 1032 1950 venit
1052 1876 1367 1950 vicecancellarius

43 2002 74 2074 in
84 2001 323 2092 dalmaticae
339 2000 492 2076 sinistris
505 2001 644 2075 habens
661 2002 881 2076 cardinalem
896 2002 1189 2098 Neapolitanum;
1205 2002 1370 2100 Andaga-

45 2127 152 2200 vensis
169 2127 363 2224 episcopus
379 2125 572 2200 cardinalis
586 2149 669 2200 cum
680 2127 939 2200 Mediolanensi
951 2127 1163 2226 presbytero
1180 2127 1365 2219 cardinali,

46 2252 323 2328 Rechanatensis
339 2257 375 2327 et
391 2277 420 2324 s.
439 2251 646 2342 Clementis,
669 2253 713 2324 de
730 2252 929 2325 Comitihus
946 2259 982 2326 et
998 2253 1215 2344 Parmensis,
1234 2229 1384 2327 Senem·-

47 2379 88 2450 sis
102 2385 136 2452 et
151 2403 183 2452 s.
208 2377 351 2474 Georgii
370 2377 513 2451 diaconi
533 2377 757 2468 assistentes,
782 2377 997 2474 inquorum
1022 2377 1103 2453 luco
1127 2377 1272 2453 interim
1297 2383 1370 2453 ste-

48 2511 155 2576 temnt
171 2503 325 2579 Sabellis
347 2508 384 2576 et
409 2501 585 2576 Columna
607 2503 749 2576 diaconi
774 2504 850 2599 qui,
877 2510 1069 2601 postquam
1090 2503 1261 2578 Senensis
1282 2509 1368 2577 ets.

51 2629 187 2726 Georgii
220 2628 266 2702 ad
295 2632 429 2723 Papam
464 2633 653 2718 venerunt,
693 2635 728 2701 et
761 2628 827 2725 ipsi
858 2652 930 2702 una
965 2653 1047 2702 cum
1076 2629 1232 2704 Ascanio
1261 2628 1370 2702 etiarn

52 2753 195 2828 diacono
217 2753 277 2849 qui
303 2753 401 2826 solus
431 2759 620 2850 supererat
644 2751 840 2826 adorarunt
864 2776 1030 2842 crucem,
1057 2759 1133 2827 tum
1159 2753 1371 2827 assistentes

51 2879 143 2952 etalii
155 2879 317 2977 episcopi
326 2901 453 2953 omnes
469 2902 533 2952 suo
550 2878 675 2952 urdine
688 2878 761 2952 bini
775 2884 810 2952 et
819 2878 905 2951 bini.
924 2883 1009 2952 Post
1023 2879 1228 2978 episcopua,
1247 2905 1370 2955 comes

52 3005 216 3095 Tendille,
235 3003 367 3080 deinde
385 3004 654 3101 protonotarius
676 3004 721 3077 de
746 3004 923 3077 Columna
946 3004 1119 3079 assistens
1142 3013 1178 3079 et
1198 3015 1372 3104 protono-

55 3127 152 3202 tarius
168 3129 212 3203 de
227 3127 361 3225 Nigris,
374 3127 595 3224 gubernator
609 3127 729 3218 Urbis,
751 3133 833 3225 post
853 3151 931 3218 eos,
948 3134 1112 3203 oratores
1126 3129 1207 3204 laici
1224 3155 1371 3204 succes-

56 3247 131 3340 sise,
162 3248 400 3346 protonotarii
425 3249 565 3322 nobiles
594 3251 640 3324 ad
669 3251 881 3342 scabellum,
917 3253 1129 3326 subdiaconi
1152 3261 1188 3329 et
1218 3255 1277 3329 alii
1307 3279 1373 3330 suo

57 3373 184 3448 urdine.
202 3379 313 3448 Facta
327 3374 538 3450 adoratione
553 3401 620 3475 per
635 3381 782 3474 Papam,
799 3378 957 3475 episcopi
974 3384 1010 3452 et
1025 3377 1182 3477 acolythi
1198 3387 1372 3452 venerunt

57 3497 94 3570 nd
111 3500 281 3576 fimbrias.
305 3507 340 3576 et
361 3505 404 3574 D.
431 3501 674 3574 Bernardinus
697 3502 937 3576 cubicularius
963 3509 1125 3578 secretus
1147 3501 1208 3574 ivit
1232 3502 1369 3592 subtus,

59 3622 180 3700 iaciens
195 3650 238 3701 ac
262 3625 292 3700 si
312 3629 409 3724 Pape
431 3625 677 3700 calceamenta
701 3635 911 3724 reponeret;
936 3629 1066 3704 deinde
1085 3629 1246 3728 episcopi
1271 3627 1376 3702 assis-

59 3755 162 3824 tentes
187 3757 375 3849 portarunt
393 3751 524 3824 librum
545 3757 581 3825 et
601 3753 783 3842 candelas,
802 3761 838 3828 et
853 3756 951 3850 Papa
965 3755 1053 3829 dixit
1075 3783 1082 3828 :
1105 3755 1244 3851 Popula
1260 3778 1373 3845 meac,

59 3879 88 3944 rt
100 3877 164 3950 alia
178 3883 285 3975 prout
295 3875 537 3950 inordinario.
552 3877 668 3951 Finita
683 3877 905 3972 adoratione,
920 3883 1017 3977 Papa
1030 3880 1127 3954 venit
1141 3879 1187 3952 ad
1200 3879 1375 3978 capellam

59 4021 188 4091 pomam
229 4026 295 4099 pro
331 4007 579 4092 sacramento,
609 4003 887 4100 precedentibus
928 4004 1299 4096 officialibus,·cruce
1340 4011 1376 4078 et

59 4129 285 4204 cardinalibus
302 4152 366 4203 suo
382 4129 520 4203 urdine.
536 4128 863 4205 vicecancellarius
879 4129 1066 4204 celebrans
1083 4129 1190 4220 venit,
1207 4129 1375 4202 omnibus

61 4255 265 4347 paramentis
281 4254 439 4344 indutus,
462 4253 669 4328 immediate
690 4259 773 4328 ante
794 4258 942 4351 Papam,
965 4255 1105 4328 medius
1126 4254 1221 4326 inter
1236 4256 1377 4350 Neapo-

60 4375 194 4454 litanum
210 4389 247 4456 et
261 4379 560 4477 andegavensem
582 4379 772 4477 episcopus
793 4379 994 4453 cardinales
1015 4385 1051 4454 et
1069 4384 1152 4453 ante
1168 4399 1376 4452 sacramen-

62 4505 136 4578 tum.
162 4505 268 4580 Dedit
297 4505 435 4580 clavem
463 4487 613 4579 sacriste
644 4505 704 4600 qui
733 4504 874 4602 aperuit
899 4527 1058 4601 capsam.
1088 4508 1185 4600 Papa
1207 4502 1377 4600 imposuit

62 4625 236 4704 incensum
252 4631 287 4703 in
305 4630 375 4704 duo
395 4631 589 4723 thuribula,
609 4630 806 4704 incensavit
827 4633 1106 4719 sacramentum,
1130 4627 1226 4722 quod
1246 4625 1375 4700 deinde

63 4756 198 4830 extraxit
216 4756 261 4830 de
282 4779 392 4854 capsa
417 4755 730 4831 vicecancellarius
759 4761 795 4828 et
824 4751 1038 4827 ministravit
1063 4755 1158 4847 Pape
1183 4751 1244 4847 qui
1273 4750 1374 4842 illud,

61 4877 185 4953 detecto
214 4881 346 4979 capite,
379 4881 533 4980 portavit
562 4881 607 4954 ad
641 4880 752 4954 altare
789 4877 926 4976 capelle
960 4877 1109 4974 majoris
1144 4875 1270 4949 ordine
1304 4899 1376 4972 quo

62 5013 202 5080 venerat.
227 4998 486 5080 Baldachinnm
501 5011 691 5103 portarunt
715 5005 874 5102 episcopi
902 5003 1112 5076 assistentes
1137 5026 1144 5074 :
1166 5001 1232 5073 luit
1254 5007 1376 5074 tamen

64 5126 140 5202 inter
153 5131 299 5206 eusdem
315 5131 582 5231 protonotarius
597 5131 641 5204 de
651 5129 825 5204 Columna
839 5129 948 5204 etiam
964 5127 1137 5202 assistens
1153 5149 1220 5224 per
1235 5126 1374 5201 socium
