3578 6032
335 407 389 462 528
894 406 1107 466 APPENDICE.

335 559 526 632 mediocris;
537 559 664 624 habens
682 565 715 622 et
730 562 900 624 oculorum
915 563 1057 625 alterum
1075 562 1203 624 luscum
1219 578 1258 623 ac
1278 563 1420 636 torvum,
1439 575 1560 620 nasum
1574 559 1667 637 aqui·

334 657 450 732 linum,
467 657 571 735 Caput
593 658 777 736 inquietum
804 675 946 738 semper,
974 659 1092 721 Omnia
1116 658 1316 720 collustrans
1333 662 1366 720 et
1381 661 1540 735 tanquam
1557 655 1670 718 minax

335 756 535 834 inspectans.
559 757 645 818 AEtas
661 756 708 818 illi
727 761 776 831 (ut
791 759 871 820 mihi
886 755 1039 839 videtur).
1057 759 1150 818 Anno
1167 759 1230 819 xt.
1245 757 1407 834 proxima.
1422 756 1550 816 Patrem
1573 753 1670 833 cujus

337 854 486 916 caelatam
501 871 569 917 oere
581 855 704 934 saepius
720 855 901 936 imaginem
920 856 987 919 vidi
1001 856 1044 919 ad
1057 873 1205 936 unguem
1218 854 1383 930 relerens;
1401 857 1434 915 et
1449 857 1485 914 ut
1500 852 1613 915 indole
1625 851 1670 912 sic

337 953 527 1014 etmoribus
538 953 691 1031 pessimis
704 953 826 1034 insigni
837 955 1006 1018 atrocitate
1019 959 1119 1034 atque
1132 953 1272 1016 saevicia
1284 954 1444 1032 AEquans.
1456 951 1517 1022 Qui
1530 949 1669 1012 rabidus

338 1065 475 1130 serpens
490 1051 518 1112 si
533 1067 551 1112 e
566 1051 825 1114 Christianorum
849 1069 946 1116 cavea
963 1057 1060 1132 rupta
1073 1052 1214 1116 cathena
1229 1051 1427 1131 diidugeret‚
1444 1049 1510 1111 heu
1525 1053 1670 1128 quantas

338 1153 467 1228 strages
480 1153 512 1210 et
522 1149 670 1224 vulnera,
689 1151 717 1212 si
733 1155 862 1214 tantum
874 1155 1000 1230 posset,
1019 1149 1115 1212 nobis
1129 1149 1322 1213 Christianis
1338 1149 1500 1229 injiceret.
1516 1150 1585 1212 Sed
1599 1149 1670 1211 vide

337 1252 526 1310 nostrorum
552 1249 736 1328 principum
757 1265 856 1328 quarn
879 1247 1080 1311 discidentes
1107 1250 1175 1310 sint
1194 1247 1281 1310 inter
1305 1265 1342 1310 se
1361 1249 1473 1324 animi,
1500 1253 1534 1310 ct
1561 1247 1668 1310 studia

336 1346 466 1408 inimica
493 1351 594 1426 atque
613 1347 786 1409 contraria.
816 1347 865 1409 hd
894 1347 981 1408 hunc
1003 1349 1144 1410 Tureum
1173 1347 1263 1426 apud
1288 1363 1351 1409 nos
1372 1346 1417 1408 ita
1444 1345 1616 1425 captivum
1640 1349 1670 1406 et

337 1461 457 1525 magna
468 1445 625 1526 vigilique
646 1445 803 1508 Custodia
827 1445 984 1524 stipatum
1009 1461 1116 1508 novus
1138 1445 1274 1525 quidam
1295 1444 1468 1506 intromitti
1492 1445 1669 1506 exoravita

337 1543 538 1606 custodibus
566 1545 703 1617 Turres,
718 1544 774 1623 qui
790 1561 826 1606 se
843 1544 885 1606 ab
899 1545 1097 1622 imperatore
1124 1559 1247 1622 magno
1263 1546 1445 1606 Turcorum
1460 1541 1671 1624 transfugam

337 1641 476 1716 diceret3
489 1649 522 1704 ct
531 1642 669 1704 Venisse
682 1643 847 1720 superatis
862 1642 992 1722 magnis
1008 1642 1162 1721 periculis
1178 1647 1214 1704 ut
1229 1641 1328 1722 degat
1342 1641 1375 1702 in
1389 1641 1587 1720 captivitate
1597 1657 1670 1702 cum

336 1739 411 1815 isto,
427 1741 538 1818 sitque
565 1740 595 1802 ei
622 1740 754 1802 servitio
783 1757 883 1820 quam
906 1741 962 1803 diu
989 1740 1117 1817 vixerit,
1135 1741 1232 1820 eique
1258 1739 1459 1814 commilitat,
1477 1739 1506 1801 si
1524 1739 1623 1819 justa
1638 1739 1670 1799 in

336 1835 469 1900 tratrem
485 1841 680 1918 regnantem
694 1855 785 1900 arma
796 1839 925 1901 laxatus
941 1838 1089 1900 intulerit
1106 1856 1113 1899 :
1130 1837 1203 1915 Qui,
1216 1837 1390 1918 ingressus
1404 1837 1470 1899 ritu
1482 1838 1607 1916 patrio,
1622 1853 1671 1898 os-

336 1935 464 1997 culatus
493 1940 544 1998 est
565 1941 686 1998 terram
710 1935 830 1998 deinde
852 1935 970 2014 captivi
999 1936 1129 2015 pedem,
1144 1953 1221 1998 eum
1244 1935 1395 1998 salutans
1414 1940 1447 1998 et
1468 1951 1670 2014 nuncupans

338 2035 571 2112 imperatorem
586 2053 624 2096 ac
634 2035 805 2097 dominum
821 2051 918 2096 suum
931 2039 963 2097 et
977 2034 1163 2114 legitimum
1174 2033 1323 2096 omnium
1333 2037 1512 2098 Turcorum
1529 2037 1669 2114 Regem.

337 2133 373 2194 ln
386 2149 485 2211 quern
497 2133 608 2196 hoeros
622 2150 724 2213 quum
743 2131 827 2194 fixos
845 2131 1031 2194 intenderet
1050 2132 1175 2209 oeulos,
1194 2137 1310 2211 utpote
1324 2133 1381 2211 qui
1397 2132 1532 2194 valeret
1543 2132 1669 2195 calidus

337 2235 387 2294 est
403 2236 434 2293 et
447 2231 548 2293 etiarn
574 2235 643 2294 tuta
670 2248 759 2310 saepe
780 2230 974 2306 formidans,
1005 2231 1098 2292 illurn
1125 2229 1326 2308 proditorem
1348 2235 1381 2292 et
1401 2230 1603 2309 parricidam
1621 2233 1669 2292 est

337 2331 535 2409 suspicatus.
553 2333 622 2407 Qua
635 2330 721 2392 dere
734 2330 766 2391 in
778 2327 882 2391 filiurn
897 2331 1004 2407 Papae
1015 2345 1195 2391 conversus
1206 2329 1263 2407 qui
1274 2329 1460 2407 spertaculo
1474 2328 1598 2391 aderat
1613 2345 1670 2408 per

337 2445 436 2490 suum
448 2429 666 2507 interpretum
682 2426 879 2508 significavit
893 2427 957 2488 sibi
971 2427 1059 2488 hunc
1073 2427 1176 2488 videri
1194 2427 1352 2490 Sicanium
1368 2427 1449 2488 nihil
1464 2427 1568 2508 nugis
1578 2427 1668 2490 blan·

337 2525 406 2588 ‹luli
420 2526 563 2588 hominis
578 2525 690 2590 fidere.
703 2527 774 2603 Quo
786 2525 910 2600 audito,
927 2524 1095 2588 pontilicis
1110 2523 1199 2586 fliius
1211 2525 1284 2603 capi
1297 2526 1389 2586 illurn
1400 2542 1542 2604 propere
1553 2526 1669 2588 fecitet

336 2643 355 2686 a
372 2625 469 2686 Sacro
484 2624 607 2686 Palatio
622 2625 655 2686 in
671 2625 779 2686 Sancti
805 2625 922 2704 Angeli
938 2640 1047 2686 arcem
1061 2627 1229 2702 raptatum
1245 2624 1402 2703 torqueri,
1420 2625 1476 2702 qui
1491 2623 1668 2686 confessus

338 2729 421 2790 etse
443 2723 486 2786 ad
508 2723 763 2786 interimendum
783 2723 877 2784 illum
896 2726 1015 2803 allege
1030 2722 1184 2800 Neapolis
1209 2722 1360 2784 missum.
1378 2723 1457 2798 Quae
1479 2739 1534 2784 res
1556 2739 1668 2784 sacros

335 2822 465 2884 animos
487 2821 705 2884 Vehementer
742 2821 929 2901 exagitavit.
961 2823 1036 2882 liaec
1062 2819 1280 2882 recordationi
1311 2819 1519 2882 suavissimae
1542 2825 1667 2882 nostrae

337 2925 517 2999 sanctoque
531 2920 636 2982 amori
652 2919 850 2982 dederimus.
873 2919 942 2981 Alia
965 2934 1006 2979 ex
1019 2916 1248 2980 occasionibus
1264 2920 1295 2978 et
1308 2917 1515 2996 temporibus
1530 2918 1575 2980 ad
1592 2919 1667 2980 scri·
1769 2969 1770 2986 ,

335 3017 482 3080 bendum
496 3033 558 3079 nos
573 3017 774 3080 excitabunt.
791 3017 869 3080 Vale
882 3015 936 3096 (l).

380 3170 395 3203 «
411 3146 598 3208 Familiares
612 3150 644 3208 et
662 3143 667 3226 Ι
685 3144 850 3210 secundae
868 3147 873 3224 Ι
892 3144 1034 3208 Matthaei
1053 3146 1058 3227 Ι
1077 3147 1170 3212 Bossi
1184 3147 1236 3227 epi
1254 3146 1259 3228 Ι
1278 3151 1329 3210 sto
1348 3147 1353 3228 Ι
1371 3147 1434 3211 lae.
1448 3173 1463 3206 n

378 3298 601 3378 Souscriptiou
616 3317 624 3360 :

380 3435 612 3512 «impressum
632 3431 772 3495 llantuae
803 3448 863 3511 per
884 3431 1090 3495 Vincentium
1119 3436 1313 3498 Bertoehum
1336 3436 1546 3516 Regiensem.
1573 3439 1665 3498 Anno

337 3532 536 3594 aNativitate
552 3533 682 3594 Domini
694 3533 803 3595 Nostri
823 3533 902 3594 Jesu
922 3529 1042 3594 Christi
1067 3531 1420 3598 hiCCCCLXXXXVilt.
1451 3535 1573 3611 Quinto
1591 3536 1663 3598 idus

337 3631 495 3691 Novcmb.
515 3631 638 3710 inclyto
658 3633 692 3693 et
706 3631 835 3693 excelso
851 3631 998 3711 Principe
1014 3633 1184 3695 Franciseo
1200 3633 1365 3712 Gonzaga.
1383 3633 1451 3694 till.
1467 3613 1661 3696 Marchione2

337 3727 467 3788 Domini
483 3727 635 3790 habenas
651 3729 811 3792 Foeticiter
824 3730 1047 3793 Gubernante.
1061 3753 1077 3786 »

978 4085 1020 4156 34

377 4311 392 4344 α
412 4285 577 4348 Guillchni
600 4285 770 4359 Caoursin,
799 4283 1004 4364 Galli-Belga,
1025 4286 1148 4362 Duacii,
1169 4285 1370 4349 lthodiorum
1385 4287 1657 4352 Viceeancellarii:

331 4387 380 4447 De
395 4386 481 4448 Casu
497 4382 584 4464 regis
596 4387 752 4464 Zyzynry,
767 4382 1045 4446 commentarium
1055 4383 1179 4462 incipit.
1194 4383 1381 4466 (Ectraitr.)

375 4574 390 4608 c
414 4553 484 4614 Non
506 4551 720 4614 iniocundum
741 4551 811 4614 iore
835 4551 1029 4614 crediderim
1055 4552 1153 4632 llegis
1176 4557 1320 4636 Zyzymy
1339 4554 1550 4630 (mahumetis
1576 4556 1657 4618 thur·
1765 4541 1766 4617 i

286 4661 291 4670 ·
331 4665 445 4711 eorum
469 4650 602 4730 tyranni
628 4649 710 4730 nati)
733 4665 848 4712 casum
871 4648 1029 4712 litterario
1053 4649 1159 4712 ordini
1177 4652 1346 4714 mandare.
1377 4653 1441 4716 Res
1465 4658 1516 4715 est
1539 4653 1655 4732 quippe

331 4753 516 4809 memoratu
533 4747 631 4828 digna
646 4752 757 4826 etque
783 4747 999 4810 Christianam
1021 4753 1156 4826 gentem
1179 4767 1312 4812 movere
1334 4749 1516 4813 etdevotas
1532 4755 1654 4814 mentes

332 4845 459 4924 erigere
482 4844 525 4907 ad
542 4844 676 4926 egregia
699 4845 852 4908 obeunda
867 4845 1011 4908 facinora
1033 4845 1158 4924 debuit,
1184 4851 1216 4910 et
1229 4864 1293 4926 que
1316 4847 1496 4926 reipublice
1515 4847 1653 4910 christia·

366 5009 387 5060 l'.
404 5011 610 5078 L'orthographe
628 5011 663 5063 du
681 5015 751 5064 texto
768 5027 784 5062 n
802 5013 842 5064 ete
858 5016 1026 5065 exactemeut
1044 5015 1200 5081 reprcduite
1214 5016 1259 5077 ici,
1274 5016 1347 5067 settle
1361 5015 1388 5067 la
1404 5017 1576 5081 ponctuation
1588 5029 1602 5064 a
1614 5013 1650 5064 tlt·

332 5089 466 5141 rebroniee
479 5103 548 5154 pour
563 5105 596 5142 eu
611 5091 723 5144 laciliter
736 5092 762 5142 la
776 5091 886 5143 lecture.
