3424 6038
316 475 369 531 116
776 467 951 526 Jounuuta
973 465 1194 536 abacelam,
1489 467 1563 534 [trev
1578 473 1635 538 11111

316 628 557 708 tornacensis
571 629 615 702 de
632 627 801 701 mandato
822 627 918 720 Pape
935 619 971 696 in
993 619 1175 720 presentia
1194 619 1391 696 Aleriensis
1410 627 1449 696 et
1470 621 1639 700 Auriensis

315 759 567 856 episcoporum
584 759 619 828 et
636 748 846 850 Hieronymi
863 747 1012 822 Balbani
1026 747 1226 840 secretarii,
1242 757 1280 826 ut
1296 750 1531 827 asseruitsibi
1545 751 1637 842 lacto,

316 880 404 956 mihi
428 879 519 952 dixit
547 877 643 974 quod
672 875 845 952 mandare
871 874 1045 948 deberem
1069 874 1236 947 omnibus
1260 877 1410 974 prelatis
1440 876 1480 950 in
1507 899 1639 951 mmana

317 1006 416 1080 curia
451 1001 688 1078 existentibus
722 999 818 1096 quod
851 999 1025 1096 deinceps
1062 998 1211 1095 singulis
1244 1001 1371 1075 diebus
1405 1001 1582 1100 capellani
1605 1003 1640 1076 ad

319 1131 494 1230 capellam
518 1129 641 1202 venire
665 1127 821 1202 debeant
840 1125 877 1198 in
899 1123 1024 1198 habitu
1053 1125 1269 1198 condecenti
1290 1133 1325 1200 et
1345 1150 1421 1200 non
1447 1120 1568 1228 vagari
1589 1151 1642 1223 per

320 1253 512 1331 ecclesiam
528 1277 557 1326 s.
577 1253 673 1328 Petri
688 1251 743 1325 vel
760 1251 843 1324 alibi
857 1273 901 1325 eo
918 1256 1094 1346 tempore,
1113 1257 1161 1342 et,
1175 1249 1286 1324 finitis
1302 1250 1339 1324 in
1354 1249 1501 1348 capella
1515 1249 1640 1332 officiis,

321 1383 356 1458 iu
373 1381 446 1454 suis
462 1379 585 1477 cappis
601 1383 736 1476 Papam
752 1401 867 1474 nsque
883 1375 928 1450 ad
944 1397 1126 1450 cameram
1142 1376 1339 1464 associent;
1354 1376 1456 1475 quod
1468 1383 1505 1450 et
1519 1383 1641 1474 postea,

221 1538 223 1544 ·
322 1503 610 1604 ubipotui,leci.

246 1693 248 1698 .
371 1630 476 1706 Faria
501 1629 638 1728 quinta,
669 1635 690 1703 5
718 1627 854 1728 aprilis,
882 1626 979 1700 circa
1005 1627 1134 1700 boram
1158 1651 1222 1717 xx,
1254 1627 1348 1700 lacta
1378 1633 1437 1702 est
1462 1632 1644 1724 tempestas

321 1757 436 1831 subita
449 1752 666 1856 [grandinis]
678 1751 876 1828 altitudinis
888 1751 994 1826 unius
1005 1751 1113 1849 palmi
1128 1776 1136 1826 :
1150 1753 1318 1828 cecidere
1330 1775 1446 1850 grana
1458 1752 1644 1850 graecitatis

321 1904 471 1956 ovorum
487 1881 668 1970 columbe,
696 1877 926 1952 devastarunt
946 1875 1092 1950 hortum
1108 1900 1230 1950 meum
1256 1885 1290 1952 et
1314 1879 1406 1952 vites
1430 1901 1500 1976 per
1517 1883 1642 1952 totum:

322 2005 439 2080 solum
457 2003 522 2078 suit
538 2003 575 2076 in
591 2003 685 2078 Urbe
703 2007 737 2074 et
753 2024 826 2075 uon
847 2007 960 2074 extra.

372 2129 436 2206 Die
452 2127 630 2227 sequenti,
649 2127 746 2202 circe
765 2125 893 2200 horam
908 2150 997 2220 xvu,
1020 2131 1057 2202 et
1074 2126 1144 2200 alie
1165 2133 1362 2224 tempestas
1376 2127 1490 2220 venit,
1510 2128 1573 2202 sed
1585 2150 1644 2200 nou

324 2265 398 2336 tam
415 2279 560 2352 magna,
577 2259 615 2326 ut
624 2252 719 2326 beri.

373 2380 562 2456 Dominica
586 2379 786 2478 palmarum
810 2401 881 2474 que
908 2377 974 2451 luit
998 2383 1019 2451 8
1046 2378 1180 2452 mensis
1208 2379 1359 2476 apriliS,¹
1374 2381 1440 2455 SS.
1468 2385 1514 2454 Ι).
1536 2387 1645 2452 noster

323 2507 419 2581 venit
434 2505 480 2579 ad
496 2505 672 2602 capellam
688 2503 786 2577 circa
800 2504 928 2576 boram
941 2527 1005 2596 xu,
1025 2527 1208 2602 magnam,
1224 2503 1298 2596 ubi,
1318 2505 1412 2578 lacta
1428 2503 1500 2578 sibi
1517 2503 1644 2578 acardi

325 2632 464 2706 natibus
486 2629 699 2720 reverentia,
725 2627 926 2703 cardinales
954 2635 989 2702 et
1012 2629 1139 2726 prelati
1163 2653 1291 2704 omnes
1316 2637 1541 2727 acceperunt
1560 2649 1644 2726 para·

325 2763 460 2846 menta,
476 2754 677 2829 cardinales
693 2754 730 2827 in
740 2753 891 2827 banchis
905 2753 979 2826 suis
994 2759 1029 2828 et
1039 2753 1167 2851 prelati
1177 2762 1276 2829 extra
1286 2754 1481 2851 capellam,
1498 2753 1643 2828 similiter
1699 2805 1700 2854 3

324 2889 360 2958 et
383 2880 570 2970 officiales,
594 2885 746 2977 excepto
768 2883 811 2954 D.
834 2878 995 2952 Mattbeo
1015 2878 1103 2953 Cibo
1125 2879 1347 2952 subdiacono
1368 2879 1580 2977 apostolico,
1595 2876 1641 2972 qui

324 3004 433 3081 hodie
447 3003 603 3102 primum
619 3003 664 3076 ad
680 3003 857 3101 capellam
871 3003 967 3078 veuit
983 3009 1019 3077 et
1032 3027 1179 3078 crucam
1195 3003 1364 3102 portavit.
1383 3004 1451 3080 llic
1472 3004 1640 3080 amictum.

325 3130 456 3221 albem,
480 3129 678 3226 cingulum,
702 3127 924 3224 manipulum
945 3134 981 3202 et
1001 3129 1210 3202 tunicellam
1239 3129 1437 3204 violaceam
1464 3122 1598 3227 accepit
1614 3125 1640 3198 io
1698 3169 1699 3190 1

326 3279 473 3330 comere
502 3254 665 3342 sacriste,
698 3255 800 3352 juxta
827 3253 939 3326 altare
973 3253 1125 3349 capelle.
1156 3257 1265 3351 Papa,
1302 3255 1472 3328 omnibus
1512 3251 1639 3333 indutis,

326 3379 490 3476 deposita
509 3379 629 3468 mitra,
654 3379 810 3452 surrexit
832 3388 868 3455 et
886 3379 1070 3454 benedixit
1093 3379 1244 3476 palmas,
1275 3383 1348 3454 tam
1368 3379 1405 3452 in
1429 3381 1574 3478 angulo,
1592 3376 1637 3450 ubi

327 3505 536 3579 assistentes
553 3503 713 3602 episcopi
732 3509 826 3579 stare
843 3505 973 3594 solent,
991 3504 1140 3602 positas,
1164 3529 1273 3601 quam
1293 3504 1395 3594 alias,
1417 3529 1510 3602 quas
1524 3505 1638 3603 private
1697 3547 1698 3562 z

327 3651 483 3730 persone
513 3629 550 3701 in
577 3629 716 3726 capella
740 3635 841 3704 111111
866 3629 1071 3722 1111111111111
1101 3631 1436 3722 tenebant,·versus
1463 3650 1637 3728 quoscum

328 3752 548 3827 orationibus
565 3754 672 3828 etiam
686 3755 882 3846 benedixit,
897 3763 931 3828 et
948 3755 983 3826 in
1000 3754 1072 3828 tine
1086 3755 1239 3852 aspersit
1250 3761 1286 3829 et
1296 3754 1507 3832 incensavit.
1524 3751 1636 3849 lncepit

327 3879 616 3953 benedictionem
633 3880 677 3954 ab
693 3881 855 3955 oratione
875 3907 883 3955 τ
902 3881 1127 3980 Arcpefidem
1140 3882 1177 3952 in
1193 3891 1225 3953 te
1238 3881 1634 3977 1ρ1111111111111111111.,

327 4005 414 4080 dixit
430 4028 512 4078 oum
536 4005 738 4102 pretatione
761 4015 798 4080 et
819 4007 978 4103 quinque
1003 4004 1249 4095 orationibus3
1268 4004 1398 4079 deiude
1427 4006 1554 4081 sedens
1575 4003 1634 4074 sim

328 4129 446 4220 mitra,
464 4129 636 4226 imposuit
649 4130 854 4220 incensum,
868 4139 948 4230 tum
964 4137 1061 4204 stans
1077 4129 1230 4228 aspersit
1246 4135 1282 4204 et
1301 4127 1512 4221 incensavit,
1528 4124 1633 4202 deinde

329 4255 416 4329 dixit
429 4256 534 4328 eliam
551 4255 766 4347 orationem,
782 4255 949 4330 videlicet
967 4281 974 4328 :
994 4255 1088 4328 Deua
1105 4255 1167 4353 qui
1177 4255 1296 4352 filium
1311 4265 1412 4328 ocum
1423 4281 1439 4344 ,·
1454 4279 1525 4353 qua
1541 4251 1631 4336 linita,

329 4382 435 4471 sedit,
454 4381 594 4478 accepit
616 4381 759 4454 mitram
779 4388 814 4456 11
834 4380 929 4456 venit
945 4379 1262 4454 vicecancellarius
1277 4386 1313 4454 et
1327 4379 1426 4456 dedit
1447 4383 1540 4478 Papa
1563 4376 1630 4450 dues

327 4507 464 4605 palmas
480 4515 629 4604 magnas
645 4530 745 4580 more
762 4512 951 4596 consueto,
967 4529 1117 4603 quorum
1138 4505 1293 4603 primam
1309 4508 1407 4603 Papa
1421 4505 1520 4582 dedit
1532 4496 1629 4580 comiti

329 4634 374 4706 de
398 4631 559 4707 Tendille
586 4633 720 4706 oratori
749 4632 843 4729 regis
866 4630 1050 4728 Hispanie,
1074 4631 1271 4706 secundam
1293 4633 1335 4704 b.
1361 4629 1512 4706 blieters
1537 4621 1630 4703 Soucl

328 4759 480 4850 doctori,
499 4757 634 4831 oratori
666 4757 846 4830 dictorum
874 4760 952 4830 Ser.
977 4756 1158 4830 Frederici
1192 4758 1330 4832 romani
1366 4756 1582 4856 imperatoris
1603 4753 1627 4822 ct

326 4881 557 4955 ltlaximiliani
574 4881 669 4979 regis
687 4887 721 4954 et
735 4882 815 4978 ejus
828 4881 904 4954 lilii.
920 4879 1132 4977 lmpositum
1149 4881 1217 4955 luit
1231 4880 1361 4957 deinde
1378 4882 1628 4979 gremialePapt

325 5006 384 5102 qui
401 5005 580 5078 distribuit
595 5005 732 5102 palmas
748 5027 849 5078 more
864 5005 983 5078 solito.
1003 5007 1174 5077 Centoras
1192 5030 1264 5078 uon
1285 5013 1478 5082 cantarunt
1495 4999 1628 5100 antipho
1693 5009 1694 5097 1

327 5151 410 5202 nem
439 5127 614 5202 Horonon
641 5153 706 5228 pro
736 5129 1031 5204 benedictionem
1060 5129 1263 5228 palmarum
1295 5131 1360 5206 sed
1394 5130 1625 5230 quamprimum
