3600 6094
183 423 186 430 ’
336 440 373 496 72
795 431 971 492 JOHANNJS
995 429 1216 502 BURCHARDL
1501 436 1590 504 [nont
1604 439 1670 502 run

336 639 385 653 --
408 594 579 670 Croculas
599 591 725 670 habuit
748 597 874 668 limus.
904 595 946 668 D.
974 592 1172 668 Cardioalis
1194 591 1481 670 Matiscooensis.
1500 633 1554 646 -
1572 592 1669 664 Anu·

336 723 411 798 lum
428 744 579 796 aureum
592 719 639 794 ad
653 718 880 816 sigillandum
896 717 1022 792 habuit
1037 721 1080 795 11.
1095 719 1302 794 Ballbassar
1315 718 1361 794 de
1379 716 1588 792 Blandrate.

387 845 621 923 vendidimus
639 851 761 920 autem
778 851 893 922 totum
906 835 1090 939 conclave,
1106 847 1177 922 hoc
1197 851 1252 921 est
1270 845 1431 934 lecticas,
1448 843 1614 920 banchas
1630 853 1663 920 et

336 973 436 1070 ligna
450 972 580 1070 quibus
595 996 740 1050 camere
755 973 865 1050 divise
879 982 995 1066 erant,
1010 974 1154 1051 cuidam
1177 972 1347 1070 magistro
1363 969 1407 1044 de
1428 973 1665 1046 Petrasancta

338 1099 563 1196 carpentario
585 1122 650 1196 pro
678 1097 760 1174 duc.
780 1123 874 1192 ιιιιιι,
899 1099 964 1174 scd
983 1099 1086 1174 solvit
1110 1108 1250 1174 tantum
1269 1122 1332 1174 xn.
1357 1101 1519 1172 Fuerunt
1542 1103 1665 1172 autem

337 1223 551 1321 consignata
564 1247 650 1298 vasa
668 1231 841 1322 argentea
855 1224 1083 1324 infrascripta
1101 1254 1108 1300 :
1129 1224 1262 1313 Quadri
1276 1249 1324 1300 ιιι.
1342 1222 1562 1298 -Soutelle
1580 1248 1605 1298 1.
1623 1267 1668 1278 -

338 1349 447 1422 Tasse
475 1372 512 1422 ιιι
542 1349 712 1446 ponderis
738 1350 801 1425 lib.
830 1375 879 1426 xv
902 1375 986 1428 curn
1014 1351 1180 1442 dimidio,
1201 1349 1331 1426 valoris
1352 1351 1399 1426 ad
1418 1349 1601 1424 rationem
1624 1372 1664 1432 ur

339 1472 569 1548 carlenorum
582 1497 665 1550 cum
681 1475 829 1551 dimidio
844 1501 910 1574 pro
926 1478 1032 1552 uncia
1050 1478 1086 1552 in
1104 1483 1233 1554 lotum.
1250 1520 1299 1532 -
1314 1475 1447 1552 Rucale
1466 1500 1491 1550 1.
1509 1517 1560 1530 -
1581 1477 1665 1550 Scu-

339 1599 452 1674 tellini
481 1624 518 1674 ιι.
547 1643 596 1656 -
625 1601 763 1678 Platelli
787 1603 882 1700 parvi
907 1628 944 1677 ιι.
975 1647 1023 1660 -
1052 1608 1142 1678 Duc.
1169 1627 1303 1678 cxxxm
1330 1623 1414 1680 cum
1444 1600 1598 1678 dimidio
1625 1599 1667 1676 ad

339 1725 516 1806 rationem
531 1749 556 1800 ιι
570 1726 800 1802 carlenorum
815 1753 880 1826 pro
896 1729 1057 1827 quolibet
1074 1729 1194 1804 ducat.

388 1851 506 1927 Bacile
524 1876 547 1926 ι.
565 1896 614 1910 ·-
632 1853 736 1932 Platti
754 1855 875 1951 magni
895 1879 934 1928 ιι.
954 1899 1003 1912 -
1021 1855 1195 1930 Cocliaria
1212 1898 1261 1912 -
1279 1853 1441 1930 Furcelle
1458 1897 1507 1910 -
1526 1853 1664 1930 Salaria

338 2019 386 2033 -
405 1976 601 2052 Mochetta.
627 1978 800 2055 Ponderis
819 1980 881 2054 lib.
903 2004 940 2058 ιιι
966 1981 1052 2056 duc.
1079 1979 1188 2054 valor.
1212 1980 1258 2054 ad
1282 1979 1460 2054 rationem
1484 2003 1517 2053 u
1547 1977 1660 2056 carle-

338 2123 470 2176 norum
494 2109 530 2177 et
560 2127 585 2180 x
610 2110 789 2201 quattren.
815 2127 880 2204 pro
902 2107 1009 2182 unica
1028 2105 1065 2180 in
1092 2111 1208 2184 totum
1227 2105 1310 2181 duc.
1340 2126 1489 2182 cxxxnn
1514 2103 1660 2182 baioch.

337 2247 403 2300 uxr
417 2224 464 2298 ad
479 2226 657 2302 rationem
673 2229 885 2326 predictam.

389 2352 465 2438 Qoe
483 2352 605 2428 omnia
623 2377 688 2450 pro
707 2355 824 2466 pretio
848 2356 1010 2454 predicto
1029 2356 1271 2446 vendidimus3
1293 2355 1394 2434 etde
1415 2354 1520 2432 bonis
1545 2375 1665 2452 supra·

338 2473 455 2564 dictis,
478 2500 548 2572 que
573 2481 616 2554 D.
642 2478 838 2578 Sinulphus
859 2482 986 2558 habuit
1007 2489 1044 2558 et
1065 2485 1108 2558 D.
1138 2481 1439 2570 Colotbomasius,
1464 2480 1529 2556 luit
1560 2479 1664 2556 etiam

338 2597 442 2672 nobis
463 2599 703 2694 satisfactum
726 2604 771 2680 de
788 2607 866 2682 aliis
886 2615 1007 2684 autem
1027 2631 1102 2682 uon
1122 2607 1228 2686 ultra.
1255 2611 1331 2696 Qua
1355 2608 1501 2682 luerunt
1522 2614 1562 2682 et
1583 2605 1661 2694 alia,

338 2729 468 2815 vestes,
494 2723 654 2822 diploidi,
688 2731 815 2830 caligo,
851 2735 998 2808 camisio
1032 2741 1068 2810 et
1098 2737 1213 2812 multa
1242 2735 1313 2811 alia
1343 2734 1379 2807 in
1405 2733 1566 2830 quodam
1597 2730 1662 2806 alio

336 2847 534 2926 inventario
559 2859 730 2932 contenta
753 2885 760 2931 :
786 2860 909 2938 omnia
931 2866 975 2938 l).
999 2863 1184 2938 lohannes
1207 2861 1321 2936 Maria
1340 2859 1460 2935 socius
1482 2881 1588 2934 meus
1603 2877 1662 2956 pro

337 2979 420 3053 doc.
454 3001 536 3058 xxvi
561 2981 607 3058 ad
634 2982 810 3060 rationem
836 2987 993 3062 vendidit
1021 2988 1239 3086 predictam,
1272 2987 1454 3084 adquam
1482 3005 1661 3060 summam

336 3103 432 3180 bona
445 3107 523 3205 ipsa
541 3108 686 3184 luerunt
701 3110 884 3187 extimata.
1028 3129 1032 3142 ·

388 3261 405 3299 u
421 3235 539 3310 Tenon
559 3232 687 3310 cedule
701 3259 809 3333 super
823 3235 1057 3334 deputatione
1075 3237 1266 3315 custodum
1282 3235 1474 3327 conclavis,
1496 3255 1661 3310 reveren·

336 3353 484 3430 dissimo
503 3356 650 3434 domino
676 3358 969 3438 vicecancellario
985 3384 1051 3459 per
1070 3386 1128 3437 me
1148 3361 1244 3455 date,
1262 3363 1307 3438 de
1323 3386 1394 3460 qua
1409 3385 1517 3460 supra
1529 3361 1615 3436 lolio
1629 3382 1660 3432 ιι

336 3479 375 3554 nt
390 3481 534 3555 mentio.
544 3481 589 3556 do
604 3481 713 3558 verbo
731 3483 939 3562 adverbum
952 3488 1127 3585 sequitur,
1146 3495 1181 3565 ct
1194 3496 1249 3564 est
1264 3489 1357 3566 talis.

386 3607 425 3682 ln
446 3606 578 3705 palatio
600 3608 778 3684 conclavis
802 3610 969 3688 habende
994 3622 1078 3688 sunt
1101 3619 1255 3712 quatuor
1277 3613 1454 3690 custodie.
1484 3613 1605 3688 Prima
1626 3611 1658 3683 in

335 3737 439 3828 porta
457 3732 590 3830 palatii,
613 3757 684 3831 que
700 3737 895 3814 commissa
914 3742 1018 3814 cstR
1056 3741 1098 3814 D.
1120 3738 1292 3837 episcopo
1313 3737 1492 3816 Cervieusi
1515 3746 1551 3814 et
1571 3741 1658 3831 Mag.

335 3859 379 3932 D.
398 3855 442 3934 de
460 3859 669 3936 comitibus.

385 3984 552 4062 Secunda
565 3985 631 4065 erit
644 3987 681 4062 iu
696 3997 800 4085 porta
814 4015 887 4089 qua
901 3991 1108 4068 ascenditur
1124 3992 1171 4066 ad
1182 4015 1364 4070 cameram
1377 3995 1613 4093 apostolicam
1627 4001 1659 4070 et

337 4105 405 4182 lrec
421 4111 680 4188 committendo
699 4099 766 4190 or'it
785 4117 1096 4194 conservatoribus
1112 4125 1148 4194 et
1165 4117 1243 4194 aliis
1259 4119 1439 4196 nobilibus
1455 4124 1614 4198 romanis
1627 4125 1658 4196 ct

337 4231 532 4310 baronibus
546 4236 592 4312 ad
616 4261 809 4315 numerum
826 4248 933 4338 prout
952 4241 1108 4340 placebit
1123 4245 1227 4318 Rmo.
1243 4243 1398 4341 collegio
1413 4246 1655 4324 cardinalium.
1759 4303 1760 4352 p

385 4361 504 4436 Tertia
521 4361 587 4435 crit
604 4361 640 4436 in
654 4371 758 4460 porta
772 4389 885 4465 prope
907 4391 1089 4442 cameram
1105 4369 1341 4466 apostolicam
1357 4373 1476 4448 etheo
1495 4373 1657 4448 commit·
1759 4371 1760 4456 l

336 4485 444 4564 tenda
459 4487 526 4562 erit
541 4489 745 4566 oratoribus
760 4491 859 4568 laicis
872 4492 1075 4591 principum
1091 4500 1247 4590 quatuor
1258 4495 1446 4571 nationum
1462 4497 1499 4570 iu
1515 4519 1657 4574 romana
1759 4487 1760 4578 l

337 4611 436 4685 curia
449 4613 697 4708 existentibus,
715 4619 791 4715 pari
806 4641 959 4702 numero
972 4643 993 4694 a
1008 4625 1112 4696 Rmo.
1131 4618 1284 4718 collegio
1297 4621 1533 4698 cardinalium
1550 4645 1656 4723 usque

337 4733 594 4814 adnumerum
616 4739 666 4816 iiii
687 4742 742 4818 vel
765 4744 824 4820 viii
842 4743 1055 4842 deputandis
1075 4745 1129 4822 vel
1149 4748 1325 4846 majorem
1348 4773 1356 4824 :
1380 4755 1462 4822 sunt
1483 4757 1607 4827 autem
1626 4749 1657 4828 io

337 4882 365 4930 r.
382 4861 482 4936 curia
496 4861 560 4952 hii,
578 4866 743 4944 videlicet
761 4897 768 4942 :

387 4987 438 5058 Ειι
464 4989 666 5064 Germanis.
694 4996 822 5068 Orator
840 4993 1049 5092 imperialis;
1069 5005 1191 5074 orator
1217 5001 1435 5098 sigismundi
1462 5002 1657 5080 archiducis

305 5123 310 5134 ’
335 5111 491 5202 dustria,
510 5121 631 5188 orator
644 5116 748 5192 electi
762 5121 975 5215 Mogontini.
