3422 6034
347 469 401 526 332
804 463 980 522 JOHANNIS
1005 463 1228 534 cucculum,
1518 463 1655 534 [uestras]

348 620 459 696 Marie
487 619 523 692 in
559 619 702 692 Porticu
737 618 984 708 commiserat,
1008 619 1067 715 qui
1093 641 1300 694 sermonem
1332 616 1451 691 minus
1485 616 1653 690 honesturn

348 745 510 820 tacturus
524 751 601 818 crat
615 744 671 818 vel
688 767 725 818 se
737 743 921 818 infirmum
937 745 1110 842 fingebat.
1129 748 1253 818 limus.
1270 748 1314 816 D.
1333 741 1530 818 cardinalis
1544 745 1656 838 Neapo-

349 871 528 970 politanus
556 875 740 967 protector
773 868 934 966 magistri
959 869 1082 968 palatii
1114 869 1274 944 absentis
1306 865 1450 942 dicebat
1476 889 1654 942 sermonen

349 1005 512 1095 spectare
526 995 572 1068 ad
587 993 862 1091 dispositionem
883 994 955 1070 sivo
976 995 1240 1070 ordinationem
1260 993 1353 1068 Rmi.
1377 997 1420 1068 D.
1443 994 1620 1068 cardinalis
1631 1020 1652 1066 s.

349 1121 444 1196 Petri
452 1122 496 1194 ad
509 1122 663 1202 Vincula
674 1121 823 1218 maj0ris
835 1121 1077 1219 penitentiarii
1089 1122 1149 1218 qui
1162 1121 1300 1196 nullum
1314 1120 1360 1194 ad
1372 1120 1447 1196 hcc
1458 1121 1654 1218 deputasset.

348 1247 443 1343 quod
459 1253 580 1322 tamen
596 1271 710 1344 usque
727 1248 835 1322 modo
858 1271 1045 1344 nunquam
1066 1248 1131 1322 luit
1152 1248 1395 1336 observatum,
1415 1245 1484 1320 sed
1505 1244 1610 1318 solun
1625 1245 1657 1316 ad

348 1372 561 1470 magistrum
573 1373 696 1470 palatii
711 1379 851 1470 spectat
872 1373 970 1447 bunc
986 1380 1023 1448 et
1037 1373 1126 1448 alios
1142 1395 1332 1448 sermones
1349 1392 1480 1446 omnes
1503 1369 1657 1444 ordinare.

349 1497 428 1571 Alia
452 1499 574 1572 omnia
598 1498 763 1574 ordinata
787 1505 872 1574 sunt
894 1505 1002 1597 prout
1022 1501 1057 1572 in
1082 1497 1316 1574 ceremoniali
1345 1497 1548 1571 ordinatur.
1573 1497 1659 1570 ltissa

349 1622 463 1713 linita,
487 1625 551 1700 SS.
579 1628 622 1698 D.
647 1630 784 1717 noster,
808 1648 868 1698 me
892 1632 1052 1722 petente,
1085 1625 1265 1700 concessit
1290 1622 1396 1697 nobis
1421 1621 1660 1718 indulgentiam

348 1748 525 1824 visitando
555 1755 695 1847 septem
721 1750 847 1826 altaria
877 1749 1023 1825 basilice
1056 1775 1085 1824 s.
1113 1750 1208 1824 Petri
1238 1757 1275 1823 et
1307 1748 1499 1824 licentiam
1529 1747 1660 1844 eligendi

350 1874 598 1950 consessorem
614 1875 673 1972 qui
688 1898 755 1948 nos
771 1875 931 1973 plenarie
947 1876 1117 1950 absolvat.

400 1999 590 2074 Dominica
609 1999 726 2098 prima
740 2000 1031 2098 quadragesime,
1049 2007 1070 2075 8
1086 2001 1222 2076 mensis
1242 2001 1375 2093 martii,
1394 2007 1438 2076 R.
1460 2004 1503 2074 P.
1519 2002 1560 2072 l).
1576 1998 1660 2073 Nico·

348 2125 426 2202 laus
442 2125 530 2200 cibo
551 2125 843 2224 archiepiscopus
858 2127 1075 2202 cusentinus
1090 2126 1284 2202 celebravit
1305 2127 1457 2202 missam
1484 2124 1660 2198 solemnem

349 2250 421 2326 sive
443 2250 626 2348 publicam
650 2249 686 2322 in
711 2249 850 2348 capella
871 2252 1044 2348 predicta,
1077 2257 1173 2350 Papa
1196 2258 1379 2350 presente.
1405 2253 1506 2328 Dixit
1524 2251 1658 2350 quinquo

350 2374 532 2452 crationes
558 2383 593 2451 et
620 2375 690 2450 alia
709 2374 803 2450 tacta
830 2384 912 2450 suut
935 2384 1043 2474 prout
1071 2377 1108 2451 in
1132 2377 1327 2452 ordinario.
1357 2381 1573 2454 Sermonem
1595 2375 1660 2452 ierit

351 2508 567 2599 procurator
581 2501 715 2578 ordinis
730 2501 1011 2599 predicatorum.

402 2627 506 2702 Feria
521 2627 693 2720 secunda,
711 2635 732 2702 9
751 2628 869 2702 martii
886 2631 949 2703 SS.
969 2633 1013 2703 D.
1031 2633 1073 2704 N.
1092 2631 1127 2703 in
1149 2634 1290 2705 secreto
1313 2629 1547 2722 consistorio,
1570 2627 1662 2701 omni·

350 2755 417 2830 bus
440 2752 584 2828 RRmis.
599 2753 839 2828 cardinalibus
859 2759 943 2829 tunc
965 2754 1001 2828 iu
1026 2755 1121 2828 Urbe
1146 2755 1396 2846 existentibus,
1419 2780 1497 2830 uno
1522 2755 1658 2852 dempto.
1697 2835 1698 2838 Ἴ

349 2879 515 2956 videlicet
533 2885 638 2956 Rmo.
658 2883 698 2954 D.
715 2879 897 2954 cardinale
914 2885 1039 2954 sancte
1062 2879 1171 2952 Maria
1190 2879 1227 2952 in
1243 2879 1387 2954 Porticu
1402 2880 1467 2976 qui
1483 2903 1554 2955 non
1570 2880 1660 2952 inter·

349 3007 429 3097 luit,
447 3005 760 3097 interessentibus,
788 3005 849 3102 qui
874 3005 1019 3079 luerunt
1044 3029 1141 3097 xv1u,
1163 3005 1331 3080 videlicet
1349 3005 1657 3092 vicecancellarius,

348 3130 617 3228 Neapolitanus,
636 3154 666 3204 s.
691 3130 817 3218 Marci,
839 3155 869 3204 s.
893 3129 989 3206 Petri
1005 3130 1051 3204 ad
1074 3129 1242 3224 Vincula,
1265 3131 1556 3228 Andagavensis,
1578 3129 1659 3228 Epis-

348 3255 447 3353 copi;
461 3279 491 3328 s.
504 3254 646 3351 Angeli,
659 3253 926 3344 Ulixbcuensis,
942 3255 1242 3348 Rechauatensis,
1259 3280 1288 3328 s.
1305 3255 1517 3348 Clementis,
1530 3259 1659 3328 Jauuen-
1696 3289 1697 3338 i

349 3381 412 3472 sis,
431 3381 475 3454 de
492 3380 704 3470 Comitibus,
723 3381 943 3472 Parmensis,
964 3379 1190 3480 presbyteri;
1212 3381 1256 3454 de
1277 3382 1392 3471 Fuxo,
1415 3405 1448 3454 s.
1462 3379 1611 3478 Georgii,
1625 3377 1657 3450 do
1696 3341 1697 3423 l

349 3505 513 3594 Sabellis,
528 3505 714 3596 Columna,
731 3505 775 3578 de
793 3504 931 3578 Ursinis
948 3512 983 3580 et
998 3504 1187 3596 Ascanius,
1203 3504 1359 3595 diaconi,
1372 3506 1510 3580 creavit
1525 3505 1656 3608 quinque

349 3630 552 3706 cardinales
566 3654 692 3719 novos,
706 3629 873 3704 videlicet
889 3633 1044 3703 RRmos.
1058 3629 1094 3702 in
1107 3628 1249 3704 Christo
1262 3635 1383 3727 patres
1395 3631 1658 3720 AndreamLug·

349 3757 549 3831 dunensem
562 3756 650 3831 alias
667 3755 976 3853 Burdegalensem
991 3755 1051 3854 (t),
1064 3755 1296 3828 Laurentium
1309 3758 1598 3832 Beneventanum
1608 3749 1652 3852 (t).
1695 3797 1696 3855 p

347 3879 1111 3982 archiepiscopos3ArdicinumdellaPorta
1120 3878 1654 3979 Alerienscmt3),dntoniottun

345 4187 349 4194 “
384 4188 408 4240 l.
437 4183 529 4240 Andre
556 4181 705 4258 d‘Espinay
732 4185 769 4257 (et
789 4199 845 4240 nou
869 4184 960 4254 Leuis,
982 4201 1086 4241 comme
1104 4184 1242 4258 plusieurs
1267 4185 1317 4242 des
1338 4184 1571 4259 biograpbiesdes
1587 4179 1651 4237 cardi·
1694 4259 1695 4262 Ἴ

345 4291 420 4332 neus
434 4271 459 4330 lc
473 4273 635 4346 nominent),
652 4272 741 4330 moine
756 4273 898 4347 superisne
912 4273 945 4330 de
958 4273 1149 4332 Sciat-Martia
1162 4275 1213 4332 dee
1228 4273 1359 4349 Champs,
1375 4276 1409 4332 de
1424 4275 1523 4332 l’ordre
1538 4274 1569 4330 de
1582 4268 1652 4327 Saint·
1694 4281 1695 4287 ¹

347 4364 453 4434 Benoit,
475 4362 646 4436 archevequa
661 4362 695 4417 de
719 4361 865 4420 Bnrdeaux
878 4362 941 4436 puis
954 4363 988 4419 de
1003 4364 1091 4438 Lync,
1120 4363 1209 4421 obtint
1222 4363 1248 4421 le
1262 4365 1386 4439 chapeau
1398 4381 1486 4439 rouge
1505 4368 1520 4420 t
1536 4363 1559 4419 la
1571 4373 1650 4416 recen

345 4454 507 4514 mandaticn
519 4455 555 4510 du
566 4452 604 4509 roi
615 4452 649 4507 de
659 4451 773 4509 Frsnae.
790 4483 825 4494 -
838 4452 911 4527 ch.
927 4452 1060 4522 Gardella,
1076 4459 1097 4509 t.
1108 4452 1157 4521 lll,
1166 4471 1194 4527 p.
1211 4453 1274 4511 236.

379 4545 406 4602 2.
418 4543 537 4598 Laurent
547 4539 623 4608 Cibo,
632 4555 718 4596 neven
728 4539 890 4596 d'lnnocent
899 4539 972 4608 Vlll,
984 4563 998 4593 «
1007 4541 1116 4614 parriut
1125 4557 1159 4598 eu
1169 4541 1321 4600 cardinalet
1330 4559 1381 4617 par
1388 4561 1426 4600 un
1435 4541 1553 4601 exeesde
1559 4539 1648 4595 tireno

348 4632 494 4708 (Garinb.,
510 4649 538 4706 p.
554 4631 627 4705 246).
644 4629 753 4688 Comme
767 4629 786 4684 il
800 4629 866 4687 etait
880 4631 987 4698 batard,
999 4647 1032 4688 on
1048 4631 1073 4688 le
1085 4631 1116 4688 lit
1127 4648 1223 4706 passer
1237 4649 1306 4706 pour
1318 4632 1413 4690 entant
1432 4633 1559 4708 legitime,
1574 4629 1606 4684 les
1616 4625 1649 4678 bt·

346 4723 422 4780 tarde
436 4727 513 4780 etant
528 4722 623 4778 exelus
635 4720 684 4775 des
699 4719 819 4793 dignitts
830 4720 1063 4796 ecclesiastiques.
1076 4722 1174 4780 C'etait
1189 4740 1225 4778 un
1237 4721 1345 4780 bcmme
1357 4723 1500 4781 estimable
1512 4713 1647 4780 dontl'tler-

347 4812 404 4869 tion
419 4813 460 4869 lut
474 4809 613 4868 aeeueillie
628 4809 849 4867 favorablement.
864 4809 934 4886 ch.
951 4809 1085 4878 Gardella,
1098 4817 1118 4868 t.
1132 4813 1179 4882 lll,
1195 4830 1224 4887 p.
1246 4815 1310 4872 229.

384 4903 411 4959 3.
433 4899 560 4958 Ardioino
580 4899 651 4956 della
672 4899 756 4956 Porta
780 4899 813 4956 de
835 4900 941 4958 Nocere
960 4899 1002 4958 tut
1024 4905 1132 4959 nomme
1159 4905 1262 4976 evdqm
1281 4899 1320 4960 de'
1339 4909 1411 4962 cette
1430 4903 1491 4960 ville
1509 4907 1525 4960 a
1542 4902 1564 4956 la
1581 4895 1646 4972 priiff

347 4990 380 5048 de
400 5007 445 5048 ses
470 4989 657 5063 coneitcyens,
678 4989 785 5047 ensuite
807 4993 909 5063 tueque
930 4991 1055 5059 d'Alerie,
1071 4991 1134 5066 puis
1153 4991 1284 5050 cardinal.
1306 4993 1328 5051 ll
1348 4999 1394 5050 eut
1414 4993 1442 5050 la
1456 4993 1543 5050 lareur
1560 4989 1587 5044 de
1600 4991 1646 5040 tous

347 5079 388 5136 les
407 5097 512 5155 papas,
528 5081 595 5136 mele
615 5097 670 5135 aux
691 5079 879 5152 negociatione
894 5079 933 5136 les
947 5079 1009 5154 plus
1030 5081 1170 5151 delicatos,
1186 5081 1205 5138 it
1220 5083 1277 5139 s'en
1299 5081 1350 5139 tira
1367 5083 1490 5156 tcuj0urs
1505 5085 1519 5138 a
1536 5095 1578 5136 son
1595 5075 1646 5128 hon·
1692 5135 1693 5149 ξ

350 5185 429 5226 neus.
445 5168 533 5242 Legat
551 5169 586 5225 de
604 5167 725 5242 llcngrie
746 5175 775 5226 et
794 5169 990 5244 d‘dllemegne,
1006 5169 1024 5226 il
1038 5175 1085 5227 eut
1103 5170 1130 5227 la
1144 5169 1230 5244 gleire
1252 5170 1390 5230 d'amener
1408 5176 1425 5230 a
1440 5173 1465 5230 la
1478 5170 1535 5247 pair
1553 5161 1645 5224 Mathia
