3436 6038
69 448 217 513 [ltarstttfi]
390 448 516 506 RERUM
540 448 768 506 URBANARUM
792 449 1055 508 COMMENTARH.
1337 453 1386 510 193

65 601 149 674 lacta
164 607 219 674 est
243 603 398 698 quadiu
420 604 586 676 manibus
607 604 748 677 diaconi
769 605 959 678 cardinalis
980 611 1173 703 prestetur.
1195 611 1269 680 llec
1284 609 1385 704 jura-

63 732 173 800 menta
188 729 343 823 prestari
359 729 429 803 leci
444 730 479 801 in
494 729 661 803 manibus
678 736 785 829 Pape,
805 731 889 826 quia
906 731 964 804 illa
979 732 1139 804 nondum
1153 733 1386 828 prestiterant

62 852 92 923 iu
114 852 282 926 manibus
303 854 432 951 prioris
456 855 694 930 diaconorum
719 857 955 930 cardinalium
981 863 1086 954 prout
1115 857 1193 932 lieri
1220 857 1325 946 solet,
1349 863 1384 930 et

63 977 143 1050 bene
167 978 305 1053 lactum
329 981 406 1053 luit.
433 986 485 1054 lte
513 1005 583 1077 quo
608 983 766 1079 prelatus
792 983 983 1078 episcopus
1007 983 1201 1056 Aleriensis
1229 981 1380 1053 multum

61 1105 199 1178 miratus
230 1107 310 1196 luit,
338 1113 509 1202 tanquam
537 1107 744 1204 hujusmodi
774 1107 1061 1180 ceremoniarum
1093 1114 1128 1180 et
1155 1105 1380 1179 observantie

59 1231 195 1304 omnino
209 1231 359 1328 ignarus
375 1239 410 1305 et
420 1233 571 1322 alienus,
586 1233 1180 1330 diceushujusmodijuramentum
1190 1233 1226 1304 in
1236 1256 1382 1306 camera

58 1356 250 1451 apostolica
274 1358 426 1454 prestari
456 1357 612 1446 debere3
640 1357 770 1431 deinde
799 1363 942 1430 mutans
965 1357 1052 1432 dixit
1076 1335 1158 1454 post
1188 1381 1381 1432 consecra-

60 1481 185 1554 tionem
209 1483 289 1555 lore
314 1483 559 1579 prestandum,
592 1483 675 1578 quia
703 1483 738 1554 iu
768 1483 922 1580 antiquis
951 1455 1215 1580 pontilicalibus
1246 1485 1281 1557 in
1311 1485 1382 1557 due

57 1607 336 1680 consecrationis
352 1615 517 1682 notatum
534 1615 643 1680 esset.
667 1613 792 1681 ltmus.
806 1613 849 1680 l).
862 1608 1053 1682 cardinalis
1067 1633 1096 1682 s.
1113 1610 1224 1682 llarci
1241 1609 1328 1682 dixit
1344 1635 1382 1682 se

56 1730 180 1825 pluries
195 1733 320 1828 plures
341 1733 377 1804 in
399 1732 497 1806 curia
518 1755 764 1822 consecrasse,
788 1757 861 1803 nou
883 1737 1001 1804 tameu
1022 1733 1205 1805 recordari
1226 1757 1264 1807 se
1283 1735 1384 1830 jura-

56 1863 211 1930 meutum
253 1857 462 1955 hujusmodi
497 1859 541 1932 ab
581 1857 699 1953 aliquo
736 1881 923 1952 nunquam
961 1858 1160 1954 accepisse.
1200 1859 1381 1956 Respondi

54 1980 299 2074 juramentum
329 1983 528 2080 predictum
560 1990 643 2054 aute
678 1982 946 2078 expeditionem
975 1981 1153 2055 bullarum
1175 1991 1211 2053 ct
1234 1981 1381 2054 omuino

56 2113 129 2176 aute
146 2109 462 2181 consecrationem
487 2109 525 2180 iu
549 2107 714 2181 manibus
735 2107 864 2204 prioris
884 2108 1118 2180 diaconorum
1144 2105 1378 2179 cardinalium

57 2232 197 2325 prestari
213 2233 334 2306 solere
350 2240 385 2306 et
402 2256 472 2306 nou
491 2233 528 2304 in
542 2232 709 2305 manibus
732 2231 1008 2322 consecratoris,
1031 2230 1173 2327 quando
1190 2255 1380 2304 consecra-

56 2354 98 2426 tio
114 2355 216 2430 lieret
228 2357 266 2428 in
284 2381 434 2432 romana
450 2358 566 2446 curia3
581 2359 644 2430 sed
659 2357 744 2454 quia
756 2358 873 2430 hiduo
890 2356 1125 2430 consecrandi
1133 2356 1147 2452 j
1154 2361 1379 2429 uramentum

58 2480 255 2577 hujusmodi
271 2487 433 2558 noudum
444 2484 688 2582 prestiterant,
704 2483 789 2556 illud
801 2482 908 2556 modo
921 2507 959 2555 se
971 2488 1052 2556 ante
1067 2482 1379 2556 consecrationem

57 2617 206 2700 prostare
238 2617 481 2706 opportunum
511 2609 634 2682 luisse.
663 2613 788 2681 Rmus.
818 2612 862 2681 D.
892 2607 1084 2680 cardinalis
1109 2607 1379 2705 Andagarensis

56 2729 133 2804 dixit
161 2759 199 2807 se
223 2735 347 2831 plures
368 2745 469 2810 extra
493 2757 679 2807 romanam
702 2733 839 2806 curiam
860 2756 1096 2806 consecrasse
1121 2732 1313 2830 episcopos
1335 2757 1380 2804 ex

58 2859 305 2934 commissione
321 2864 416 2957 Papa
434 2865 468 2933 et
490 2883 636 2957 semper
655 2865 737 2932 ante
761 2858 1074 2932 consecrationem
1092 2859 1194 2954 juxta
1211 2865 1377 2931 tenorem

55 2979 247 3078 litterarum
285 2987 563 3084 apostolicarum
599 2992 849 3060 emanatarum
889 3009 996 3082 super
1029 2985 1099 3057 hoc
1127 2985 1376 3080 jurameutum

56 3111 242 3208 accepisse,
266 3113 401 3186 sactum
426 3137 546 3186 meum
571 3115 790 3186 confirmans
813 3111 892 3208 quia
915 3111 949 3182 iu
977 3110 1026 3182 rei
1049 3111 1196 3184 veritate
1219 3109 1269 3182 sic
1296 3108 1374 3182 lieri

57 3231 163 3325 dehet,
179 3245 216 3312 et
232 3238 325 3312 bene
342 3239 418 3312 suit.
441 3239 584 3312 Electus
607 3237 846 3310 Tornacensis
862 3261 957 3308 nuuc
976 3260 1049 3308 non
1069 3235 1225 3332 prestitit
1244 3234 1374 3330 hujus·
1415 3293 1417 3310 .

56 3359 140 3432 modi
156 3366 420 3459 juramentum,
438 3364 520 3460 quia
535 3363 622 3436 illud
642 3363 702 3436 diu
717 3370 823 3436 antea
842 3360 1047 3458 prestiterat
1063 3383 1164 3432 more
1182 3363 1371 3432 consueto.

99 3487 256 3560 Prestitis
263 3489 493 3584 juramentis,
508 3488 814 3563 omnessederunt
827 3487 864 3559 in
876 3487 965 3560 locis
980 3486 1051 3559 suis
1067 3509 1169 3558 more
1183 3491 1371 3574 consuet0,

57 3615 86 3679 et
98 3613 154 3684 SS.
169 3616 212 3684 Ι).
226 3617 269 3686 N.
283 3615 417 3711 incepit
427 3620 463 3688 et
473 3622 687 3712 prosecutus
699 3623 753 3688 est
765 3636 918 3687 examen
931 3612 1212 3700 seuscrutinum,
1227 3610 1370 3683 dicens:

57 3731 218 3834 Antiqua,
248 3751 329 3828 etc,
353 3744 389 3813 et
413 3741 460 3812 ibi
483 3741 519 3812 iu
546 3741 705 3814 scrutina
734 3739 940 3836 hujusmodi
967 3739 1113 3836 ponitur
1145 3735 1375 3833 singulariter

57 3856 206 3936 videlicet
231 3891 238 3933 :
261 3863 529 3962 Interropomor
553 3878 596 3956 te,
622 3867 841 3938 dilectissime
866 3866 994 3964 freter,
1020 3887 1062 3936 ac
1085 3862 1214 3936 deiude
1234 3861 1373 3964 inaliis

56 3979 157 4059 locis:
184 3987 257 4080 Vis,
276 4001 355 4079 etc,
379 3993 443 4064 SS.
463 3995 505 4064 Ι).
525 3995 655 4066 Noster
671 3991 817 4088 protulit
833 3991 869 4062 iu
887 3988 1027 4086 plurali,
1046 3987 1170 4064 dicens
1190 4013 1196 4056 :
1220 3983 1374 4056 Interro-

55 4129 167 4198 pomus
190 4111 271 4202 Vae,
287 4113 501 4187 dilectissimi
509 4117 655 4214 fratrer,
671 4129 751 4208 ete,
765 4140 807 4190 ac
826 4114 953 4202 Voltis,
971 4124 1053 4202 eta,
1073 4117 1108 4184 et
1124 4109 1229 4184 electi
1244 4131 1370 4182 omnes

56 4235 116 4304 tres
130 4237 233 4309 simul
250 4239 514 4336 responderunt
528 4241 590 4314 ita.

94 4359 166 4432 Dixi
187 4363 388 4438 serotinum
412 4365 621 4460 hujusmodi
646 4367 682 4440 in
710 4367 882 4465 singulari
913 4366 991 4439 lieri
1017 4370 1198 4462 oportere,
1223 4357 1364 4434 etiamsi

56 4479 160 4572 plures
175 4494 298 4562 essent
313 4491 549 4564 consecrandi
566 4515 607 4564 ac
624 4516 736 4564 unum
752 4501 834 4589 post
846 4492 955 4565 alium
969 4490 1136 4563 distincte
1155 4493 1189 4560 et
1206 4482 1371 4580 intelligi-

57 4600 157 4683 biliter
171 4613 392 4710 respondere
404 4615 551 4706 debere,
565 4617 646 4712 quia
656 4617 741 4691 lieet
756 4618 877 4714 plures
893 4621 1014 4690 esseut
1029 4628 1158 4688 coram
1169 4608 1368 4698 constituti,

55 4727 272 4834 interrogatio
285 4747 407 4813 tamen
419 4741 464 4814 ad
478 4765 771 4840 unumquemque
791 4742 1011 4839 singularem
1026 4763 1065 4813 se
1080 4738 1246 4812 referret.
1261 4738 1373 4808 luter-

56 4863 203 4955 rogatio:
230 4864 357 4958 Vultis,
380 4891 596 4964 responsum
611 4869 767 4942 habere:
799 4865 979 4940 Volumus.
1004 4863 1075 4938 Sed
1094 4863 1179 4958 quia
1196 4885 1288 4934 uuus
1306 4882 1371 4956 pro

58 4988 205 5063 omuibus
220 4993 441 5089 respondere
456 5015 533 5067 uon
550 5000 687 5092 posset,
709 5017 792 5068 cum
809 5017 866 5064 res
891 4989 1090 5088 quemlibet
1107 4985 1372 5086 particulariter

57 5109 214 5208 taugeret,
241 5117 324 5193 ideo
353 5117 389 5190 in
414 5118 585 5216 singulari
615 5118 830 5216 interrogari
856 5125 890 5190 et
910 5141 976 5214 per
1003 5113 1201 5212 quemlibet
1228 5133 1371 5185 succes·

176 5275 200 5315 r.
217 5281 236 5317 1·
1194 5258 1227 5311 13
