3496 6056
80 494 308 565 [cremerensi]
397 493 523 552 RERUM
549 493 776 552 URBANAHUM
801 495 1063 556 conuenienti.
1346 513 1397 569 117

76 652 246 726 lebannes
271 649 409 724 electus
433 650 671 726 Tornecensis
697 650 819 748 polatii
847 653 1033 749 apostolici
1057 655 1230 752 magister
1251 621 1392 755 donrus,

77 777 163 852 dedit
185 774 274 848 mibi
299 773 421 848 locum
442 777 478 849 in
500 777 624 850 tinello
648 779 713 850 SS.
735 779 778 850 D.
799 782 840 851 N.
864 779 900 852 in
920 803 1045 854 mensa
1073 782 1293 878 prelatorum
1313 795 1396 884 post

77 905 230 978 ultimum
248 899 508 976 cubicularium
524 901 656 976 ibidem
672 910 899 999 presentem.

116 1033 212 1108 Faria
227 1041 370 1131 quarta,
391 1017 434 1104 lb
448 1028 584 1102 mensis
597 1028 814 1126 decembris,
832 1053 896 1104 sex
912 1037 1074 1106 oratores
1091 1033 1239 1108 dominii
1251 1037 1395 1111 Floren-

75 1161 230 1249 tinorum,
254 1167 382 1234 octava
405 1157 526 1253 hujus,
544 1154 681 1250 recepti
696 1154 733 1226 in
748 1150 963 1228 consistorio
980 1155 1123 1253 publico
1139 1157 1176 1230 in
1194 1162 1298 1234 tertia
1312 1163 1394 1236 aula

75 1283 181 1380 palatii
201 1282 391 1381 apostolici
409 1281 504 1378 apud
530 1305 557 1354 s.
578 1285 725 1354 Petrum
746 1279 884 1368 habito,
903 1279 1050 1376 egregio
1074 1284 1117 1353 D.
1136 1283 1392 1360 Bartholomeo

76 1409 167 1482 Scala
190 1407 409 1483 cancellario
440 1403 646 1480 Florentino
672 1403 766 1478 inter
791 1427 854 1478 eos
876 1403 1022 1478 tertium
1043 1404 1165 1478 locum
1190 1406 1389 1498 obtinente,

73 1543 199 1624 orante,
217 1531 455 1631 prestiterunt
469 1529 609 1627 prelato
624 1531 687 1602 88.
709 1531 752 1602 D.
772 1535 898 1603 nostro
913 1529 1059 1604 nomine
1075 1554 1202 1606 eorum
1218 1534 1391 1622 obedien-

74 1659 614 1734 tiamdebitametconsuctam.
1317 1733 1322 1739 ,

115 1783 212 1859 Feria
226 1789 370 1880 quarta,
388 1786 434 1854 22
449 1779 535 1854 dicti
550 1779 686 1852 mensis
701 1779 919 1872 decembris,
934 1781 1029 1856 circa
1039 1783 1166 1860 horam
1180 1787 1390 1884 vigesimam

73 1909 200 1985 tertiam
215 1931 282 2006 per
297 1915 438 2006 portam
454 1931 483 1981 s.
502 1906 674 1982 lobannis
685 1907 935 1982 Lateranensis
947 1907 1167 1986 intraverunt
1179 1913 1311 1986 Urbem
1328 1937 1391 1988 sex

72 2041 220 2110 oratores
235 2033 469 2108 illustrissimi
484 2032 698 2107 Ferdinandi
715 2033 834 2108 Sicilie
855 2034 950 2130 regis
968 2035 1206 2132 Neapolitani,
1225 2037 1391 2114 videlicet

72 2161 202 2236 ilustris
220 2161 437 2236 Franciscus
453 2159 615 2256 ejusdem
632 2158 726 2254 regis
746 2157 840 2232 lilius
856 2161 1128 2255 quartogenitus
1144 2162 1389 2261 archiepisco-

72 2311 128 2382 pus
152 2285 413 2384 capuanensis,
439 2283 511 2358 dux
535 2282 737 2357 blellitanus
757 2283 868 2356 trater
897 2307 1092 2379 germanus
1122 2288 1215 2362 Rmi.
1247 2292 1289 2360 D.
1317 2291 1389 2366 mei

73 2411 247 2486 cardinalis
264 2409 450 2502 Senensis,
466 2432 590 2483 comes
605 2408 793 2500 ltlerconii,
814 2409 856 2480 D.
870 2408 1087 2506 Auellusqui
1101 2411 1209 2509 longo
1228 2420 1390 2510 ternpore

74 2537 220 2635 ejusdem
245 2537 344 2634 regis
370 2543 492 2608 erutor
517 2533 552 2606 in
583 2534 678 2608 Urbe
701 2533 781 2622 suit,
809 2541 846 2608 et
874 2555 998 2608 comes
1032 2535 1260 2634 Alontagine.
1290 2539 1389 2612 Missi

73 2663 202 2738 luerunt
213 2662 346 2736 illustri
360 2659 554 2734 Francisco
575 2659 670 2756 regis
686 2659 760 2732 filio
777 2659 939 2755 predicto
953 2659 1094 2734 obviam
1110 2685 1176 2758 per
1190 2663 1386 2760 collegium

73 2792 260 2862 thmorum
277 2790 355 2862 DD.
374 2785 610 2860 cardinalium
631 2790 667 2858 et
682 2785 759 2881 ejus
779 2783 939 2876 nomine,
959 2784 1083 2858 RRmi.
1107 2789 1183 2860 DD.
1204 2787 1387 2862 lohannes

71 2914 108 2988 de
120 2913 310 3011 Aragonia,
327 2911 418 2986 tituli
435 2936 465 2984 s.
485 2909 617 2984 Sabine
630 2909 817 3008 presbyter
830 2908 1021 2982 cardinalis
1033 2911 1196 3006 ejusdem
1205 2913 1388 2986 Francisci

72 3039 167 3112 irater
182 3061 392 3137 germanus,
411 3042 447 3110 et
466 3033 641 3109 Ascanius
664 3033 790 3123 Maria,
811 3058 841 3106 s.
866 3033 938 3108 Viti
963 3033 1000 3106 in
1021 3035 1174 3108 blacello
1196 3035 1385 3128 diaconus,

71 3163 188 3238 storria
198 3164 404 3238 vicecomes
416 3160 672 3236 cardinalesad
683 3159 799 3257 ipsum
812 3158 1383 3258 honorandumctrecipiendum.

71 3286 255 3362 carendis
270 3287 315 3362 de
331 3283 513 3383 dragonis
526 3285 587 3358 ivit
608 3285 640 3358 ei
661 3284 802 3357 obviam
821 3307 1017 3380 perunum
1042 3284 1180 3359 miliare
1200 3285 1255 3362 uel
1275 3285 1383 3377 circu,

73 3419 158 3486 extra
170 3419 333 3510 portam3
351 3410 542 3486 cardinalis
558 3433 642 3484 vero
662 3409 838 3484 Ascanius
859 3409 1059 3507 expectavit
1078 3435 1162 3484 eum
1179 3411 1386 3486 immediate

71 3539 321 3632 extreportem,
336 3535 396 3608 ubi
408 3557 492 3609 cum
504 3540 613 3626 esset,
626 3533 786 3631 prelatus
796 3533 1006 3607 Franciscus
1018 3557 1039 3608 a
1049 3534 1220 3608 cardinali
1233 3536 1385 3610 Asconio

71 3661 238 3736 osculatus
261 3670 317 3736 est
340 3669 374 3736 et
395 3662 440 3734 ab
458 3661 633 3734 ambobus
654 3659 801 3732 nomine
824 3657 967 3754 collegii
990 3668 1156 3757 receptus
1179 3685 1187 3734 :
1210 3667 1386 3736 venerunt

72 3787 164 3862 etium
184 3791 217 3863 ei
237 3787 380 3861 obviam
404 3786 537 3860 familie
563 3789 626 3860 SS.
645 3785 782 3860 domini
800 3785 912 3858 nostri
934 3791 970 3858 et
991 3784 1142 3858 aliorum
1163 3789 1381 3869 RRmorum,

72 3911 134 3985 DD.
149 3911 399 4002 cardinalium,
414 3936 436 3986 a
450 3911 578 4008 quibus
594 3910 709 3984 dictus
720 3910 895 3984 Dominus
909 3909 1120 3982 Franciscus
1136 3910 1275 3986 medios
1292 3910 1386 3984 inter

71 4033 170 4110 dictos
197 4040 289 4112 duos
317 4036 531 4126 cardinales
562 4019 620 4110 alii
644 4058 729 4109 vero
769 4035 928 4131 quinque
957 4035 1086 4134 singuli
1116 4036 1384 4134 interpretatos

74 4159 180 4255 palatii
198 4167 412 4238 etoratores
442 4161 593 4235 aliorum
618 4160 819 4258 principum
846 4160 882 4232 in
906 4161 1000 4236 Urbe
1028 4161 1237 4250 existentes
1264 4161 1385 4258 quiet

75 4283 147 4380 ipsis
160 4288 300 4362 obviam
312 4293 499 4378 venerant,
517 4287 737 4360 moresolito
754 4288 924 4383 usquead
942 4287 1104 4378 domum,
1123 4287 1195 4362 sive
1211 4286 1383 4384 palatium

76 4410 270 4487 b'rsinorum
285 4412 321 4486 in
337 4435 467 4508 campo
483 4411 587 4486 Flore
600 4436 666 4508 pro
682 4411 902 4486 habitatione
917 4412 1080 4508 ejusdem
1094 4411 1275 4486 Francisci
1291 4413 1384 4486 ordi-

76 4543 194 4630 uatum,
210 4539 356 4615 suerunt
370 4535 568 4613 honorifice
583 4535 763 4611 associati.
943 4636 948 4646 ยน

116 4663 210 4738 Faria
232 4673 346 4754 sexta,
370 4669 416 4738 24
433 4663 635 4739 decembris
654 4662 773 4761 vigilia
795 4663 986 4737 natiuitatis
1007 4665 1150 4739 Domini
1170 4665 1281 4738 nostri
1302 4667 1385 4738 lesu

78 4784 202 4878 Christi,
218 4791 282 4864 SS.
299 4793 340 4864 D.
357 4795 482 4864 noster
493 4789 678 4864 habiturus
688 4795 769 4886 post
778 4811 947 4886 vesperas
959 4789 1188 4864 collationem
1204 4790 1385 4888 publicem

76 4905 104 4979 in
118 4913 192 4986 aula
207 4915 344 5012 majore
360 4915 482 5012 palatii
495 4915 680 5013 apostolici
696 4915 790 5013 apud
806 4939 836 4987 s.
856 4919 1014 5004 Petrum,
1030 4939 1197 5012 vesperas
1208 4913 1383 4988 celebrari

78 5033 217 5112 velutin
232 5040 371 5138 capella
386 5041 524 5139 majore
539 5041 622 5114 dicti
633 5041 752 5139 palatii
768 5063 834 5139 pro
850 5042 986 5138 majore
999 5041 1049 5114 rei
1061 5041 1330 5128 commoditate,
1341 5061 1387 5114 ne

81 5153 281 5236 discedendo
290 5169 325 5236 et
334 5164 591 5239 recedendoex
600 5165 890 5241 basilicas.Petri
903 5165 1054 5239 nimium
1064 5165 1237 5264 temporis
1247 5164 1389 5260 dispen-
