3496 6056
344 449 396 507 ros
797 442 971 502 tonsuris
996 439 1218 508 eraculani,
1425 445 1590 512 [aspamam
1603 451 1660 516 ra]

342 609 478 704 ponant
495 601 655 704 predicta
671 599 750 674 lieri
771 598 903 674 debere
924 622 991 696 per
1007 599 1167 699 priorem
1188 597 1336 674 basilice
1354 623 1383 674 e.
1404 601 1585 676 Laurentii
1602 627 1661 700 que

346 732 477 805 Sancta
499 729 713 802 Sanctorum
731 724 876 815 dicitur;
900 733 1022 798 tamen
1044 723 1129 821 quia
1147 722 1208 799 illa
1227 725 1336 800 hodie
1361 731 1397 802 et
1421 729 1661 802 Lateraneusis
1721 713 1725 724 ’

345 853 493 928 basilica
513 852 610 927 idom
628 855 711 926 sunt
734 857 770 926 et
793 850 853 926 illa
869 848 1006 924 nullum
1025 848 1183 946 priorem
1202 849 1327 943 habet,
1347 850 1489 948 prelata
1503 851 1595 927 liunt
1609 877 1663 951 per

344 979 501 1078 priorem
518 982 812 1054 Lateranensem.
1744 1071 1746 1074 .

395 1109 491 1204 Papa
506 1104 636 1180 sedens
653 1104 792 1179 cinctus
808 1103 869 1203 (l),
889 1110 928 1178 ut
946 1104 1136 1201 prefertur,
1159 1105 1300 1204 accepit
1318 1106 1362 1180 de
1385 1105 1525 1204 gremio
1540 1105 1664 1180 domini

345 1231 510 1307 Falconis
526 1229 570 1303 de
587 1229 778 1304 Sinibaldis
793 1229 1044 1328 protonotarii,
1067 1229 1281 1305 thesaurarii
1304 1233 1373 1324 sui,
1392 1237 1465 1308 tres
1485 1233 1665 1332 pugillatas

346 1357 574 1433 carleuorum
600 1360 637 1428 et
664 1354 809 1428 alterius
838 1359 983 1428 monete
1011 1359 1196 1451 argentee,
1216 1379 1316 1452 quas
1346 1357 1481 1454 populo
1507 1357 1665 1454 projecit,

345 1483 469 1559 dicens
489 1507 497 1556 :
515 1481 696 1579 Dispersit,
714 1479 811 1553 dedit
818 1479 1050 1577 pauperibus,
1067 1478 1213 1576 justitia
1229 1481 1309 1576 ejus
1324 1494 1445 1556 maaet
1463 1485 1500 1555 in
1521 1483 1667 1556 secutur

343 1609 467 1686 seculi.

392 1739 551 1832 surgens
578 1733 708 1810 deinde
733 1737 830 1830 Papa
858 1732 976 1806 adhuc
997 1731 1149 1822 cinctus,
1177 1732 1308 1806 ductus
1331 1733 1395 1806 luit
1420 1733 1466 1806 ed
1490 1732 1668 1809 basilicam

345 1885 375 1938 s.
396 1859 593 1950 Laurentii,
620 1860 753 1932 Sancta
778 1859 992 1932 Sanctorum
1014 1856 1243 1954 appellatam,
1270 1858 1400 1954 inqua
1426 1881 1551 1932 coram
1575 1860 1668 1934 altari

346 1985 559 2087 genuflexus
586 1984 663 2058 sine
691 1983 796 2058 mitre
822 1983 934 2058 oravit
954 1983 991 2055 in
1016 1981 1231 2070 faldistorio;
1258 1981 1360 2056 finite
1381 1983 1545 2059 oratione
1569 1985 1669 2060 voluit

346 2114 478 2190 offerre
492 2135 602 2210 super
616 2111 741 2200 altare,
764 2115 800 2184 et
819 2108 937 2182 nullus
955 2107 1088 2182 deruis
1107 2084 1336 2182 cubiculariis
1355 2109 1529 2204 pecunias
1552 2133 1670 2186 secum

344 2239 561 2318 habentibus
599 2236 723 2312 aderat
761 2258 879 2331 neque
916 2233 1188 2321 thesaurarius;
1229 2233 1388 2307 mutuavi
1426 2234 1477 2307 sic
1513 2235 1669 2332 pontifici

349 2367 508 2442 florenos
537 2367 723 2438 Reneuses
754 2359 844 2432 duos
871 2365 908 2434 et
934 2383 1046 2432 unum
1075 2359 1245 2434 ducatum
1272 2357 1404 2458 (plures
1429 2381 1578 2433 mecum
1605 2382 1670 2434 uon

348 2489 473 2582 habui)
487 2511 577 2585 quos
590 2484 753 2584 pontifex
766 2483 919 2558 contulit
934 2483 979 2582 (2)
997 2505 1106 2581 super
1120 2484 1246 2560 altare.

388 2614 507 2690 Rediit
521 2612 651 2688 deinde
666 2609 828 2708 pontifex
843 2611 887 2683 ad
902 2609 1101 2708 cappellam
1118 2635 1146 2684 s.
1164 2611 1337 2701 Silvestri‚
1355 2611 1392 2684 in
1409 2635 1492 2708 qua,
1505 2613 1672 2711 depositis

350 2741 418 2816 sibi
442 2741 560 2830 mitra,
587 2761 689 2828 zona,
711 2735 833 2836 pallio,
859 2735 1017 2834 planeta,
1046 2735 1185 2810 annulis
1210 2745 1247 2811 et
1268 2737 1504 2830 chirothecis,
1531 2745 1672 2834 recepto

347 2865 490 2966 pluuiali
513 2872 548 2939 et
567 2863 672 2938 mitra
696 2887 738 2938 ac
761 2861 903 2938 annulis
929 2861 1177 2960 reassumptis,
1210 2862 1301 2938 sedit
1325 2862 1363 2939 in
1391 2863 1478 2938 sede
1504 2864 1672 2940 eminenti

345 2993 480 3068 ibidem
493 2991 530 3064 in
551 2989 671 3064 medio
691 2988 854 3088 cappellc
874 2988 941 3062 sibi
961 2993 1097 3084 parata,
1113 3011 1235 3062 versus
1253 2988 1298 3061 ad
1317 2989 1450 3062 ostium
1471 2989 1585 3080 illius;
1606 3011 1672 3087 quo

345 3119 397 3193 sic
427 3117 595 3206 sedente,
626 3121 860 3190 accesserunt
889 3113 1019 3210 singuli
1051 3113 1250 3188 cardinales
1284 3115 1427 3188 mitram
1459 3122 1543 3190 ante
1572 3139 1613 3191 se
1640 3117 1671 3188 in

344 3244 511 3320 manibus
539 3248 739 3340 portantes,
772 3247 918 3338 etpost
954 3262 1030 3329 eos,
1069 3239 1197 3314 eodem
1234 3239 1356 3330 modo,
1395 3263 1522 3315 omnes
1547 3241 1670 3339 prelati

343 3369 477 3470 parati;
503 3367 634 3464 quihus
662 3366 892 3463 singulariter
920 3388 1043 3440 coram
1070 3367 1168 3462 Papa
1196 3365 1415 3454 constitutis,
1447 3370 1544 3464 Papa
1577 3366 1672 3442 dedit

343 3492 607 3594 presbyterium
634 3493 698 3584 (3),
722 3491 888 3566 videlieet
914 3489 958 3590 (l)
985 3489 1126 3587 singulo
1149 3489 1320 3565 cardinali
1346 3492 1436 3566 duos
1464 3493 1617 3568 ducatos
1640 3501 1672 3568 et

345 3619 437 3693 duos
456 3617 637 3706 carlenos3
659 3623 694 3691 et
713 3615 859 3690 cuilibet
882 3615 1019 3714 prelato
1042 3639 1154 3689 unum
1176 3615 1346 3690 ducatum
1370 3624 1542 3693 etunum
1565 3620 1671 3694 carle-

343 3765 447 3833 num;
466 3741 617 3816 totidem
633 3742 740 3816 etiam
757 3740 866 3816 dabat
879 3741 1027 3816 cuilibet
1041 3764 1086 3816 ex
1100 3740 1191 3832 aliis,
1208 3739 1435 3830 officialibus,
1450 3744 1615 3820 videlicet
1628 3745 1670 3842 (5)

343 3867 587 3957 subdiaconis,
623 3867 857 3958 auditoribus,
898 3865 1039 3941 clericis
1071 3889 1229 3956 camere,
1263 3868 1453 3967 accolytis,
1488 3894 1603 3968 usque
1628 3871 1669 3944 ad

342 3992 503 4096 prelatos
518 3992 660 4068 navales
680 3991 851 4067 inclusive
875 3991 936 4090 (6),
959 4015 1049 4087 quos
1069 3994 1166 4090 Papa
1186 3991 1286 4088 prius
1305 3993 1503 4091 recipiebat
1526 3995 1571 4070 de
1591 4019 1670 4094 gre-

342 4197 456 4238 muecus
470 4177 617 4238 includitur
631 4179 664 4235 ad
680 4178 883 4253 percipiendum
906 4179 1027 4250 odorem,
1051 4187 1082 4238 ut
1104 4181 1142 4239 ait
1160 4181 1311 4255 Apostolus
1329 4201 1335 4240 :
1351 4185 1460 4241 Christi
1482 4186 1670 4243 bonasus-dor

340 4285 445 4325 sumus
460 4269 529 4326 Deo.
546 4289 560 4320 o
575 4269 651 4326 Ordo
668 4270 825 4334 Romanus,
841 4271 1016 4342 memepege.

376 4359 445 4418 Cum
462 4360 586 4416 undecim
603 4359 707 4434 sigillis.
724 4391 759 4401 -
773 4358 891 4416 Rinuldi.
940 4409 942 4416 ,

377 4455 403 4510 1.
423 4451 499 4525 Papa
514 4451 616 4508 sedens
630 4451 757 4508 amictus.
774 4481 808 4492 -
824 4449 914 4508 Riual.

373 4544 403 4603 2.
425 4541 533 4600 Posuit.
550 4571 585 4588 -
598 4541 718 4600 Riualdi.

373 4632 403 4688 3.
423 4630 640 4706 Presbyterium.
654 4662 685 4676 -
708 4629 768 4711 lton
788 4648 841 4704 que
865 4629 990 4689 laieaient
1008 4633 1047 4690 les
1067 4633 1228 4692 souveraine
1248 4633 1370 4692 Pontiles
1391 4635 1668 4709 particulierementt

339 4721 398 4778 leur
422 4722 579 4780 exaltatior.
605 4721 675 4794 Voy.
692 4721 736 4780 Du
750 4721 855 4794 Gange,
869 4722 1054 4780 Glossarium
1073 4726 1147 4780 med.
1170 4733 1197 4778 et
1217 4727 1324 4797 infime
1341 4725 1392 4782 tat.
1416 4742 1451 4782 au
1476 4734 1535 4784 mot
1554 4725 1667 4799 Presby-

339 4809 447 4874 terium,
463 4813 490 4867 5.

374 4901 402 4957 l.
423 4897 564 4956 Videlicet.
581 4929 616 4944 -
630 4901 830 4974 Manquedans
846 4899 935 4959 llinal.

373 4990 403 5046 5.
419 4987 559 5048 Videlicet.
574 5021 608 5032 -
623 4991 742 5065 blanque
755 4991 825 5046 dans
840 4990 931 5048 Rinnl.

374 5079 402 5134 6.
424 5075 517 5151 Usque
531 5078 565 5134 ad
581 5080 699 5152 prelatos
714 5080 823 5136 navales
838 5079 985 5137 exclusive.
998 5111 1032 5124 -
1048 5079 1124 5138 Omie
1139 5085 1155 5138 h
1170 5080 1279 5138 dessein
1296 5099 1345 5154 par
1362 5081 1483 5152 Riualdi,
1499 5083 1546 5159 qui
1562 5084 1668 5158 n'ayant

346 5183 397 5241 pas
412 5165 465 5226 cite
477 5165 502 5224 le
513 5183 633 5242 passage
647 5169 746 5243 auquel
756 5169 774 5226 il
784 5169 880 5228 estlait
895 5169 1021 5240 allusion,
1036 5189 1071 5228 oa
1088 5171 1202 5245 pourait
1214 5173 1320 5230 donner
1333 5189 1365 5232 ca
1380 5171 1501 5232 membre
1515 5175 1550 5232 de
1564 5175 1666 5248 phrase.
