<?xml version="1.0" encoding="UTF-8"?>
<!DOCTYPE html PUBLIC "-//W3C//DTD XHTML 1.0 Transitional//EN"
    "http://www.w3.org/TR/xhtml1/DTD/xhtml1-transitional.dtd">
<html xmlns="http://www.w3.org/1999/xhtml" xml:lang="en" lang="en">
 <head>
  <title>
</title>
<meta http-equiv="Content-Type" content="text/html;charset=utf-8" />
  <meta name='ocr-system' content='tesseract 3.04.00' />
  <meta name='ocr-capabilities' content='ocr_page ocr_carea ocr_par ocr_line ocrx_word'/>
</head>
<body>
  <div class='ocr_page' id='page_1' title='image "./johannisburchar02burcgoog/johannisburchar02burcgoog_0118.png"; bbox 0 0 3496 6056; ppageno 0'>
   <div class='ocr_carea' id='block_1_1' title="bbox 73 441 1375 518">
    <p class='ocr_par' dir='ltr' id='par_1_1' title="bbox 73 441 1375 518">
     <span class='ocr_line' id='line_1_1' title="bbox 73 441 1375 518; baseline 0.01 -20"><span class='ocrx_word' id='word_1_1' title='bbox 73 447 216 518; x_wconf 79' lang='lat' dir='ltr'><strong>[septembre</strong></span> <span class='ocrx_word' id='word_1_2' title='bbox 230 444 297 514; x_wconf 74' lang='lat' dir='ltr'><strong>aaut]</strong></span> <span class='ocrx_word' id='word_1_3' title='bbox 372 443 499 504; x_wconf 77' lang='lat' dir='ltr'>RERUM</span> <span class='ocrx_word' id='word_1_4' title='bbox 522 441 751 504; x_wconf 82' lang='lat' dir='ltr'>URBANARUM</span> <span class='ocrx_word' id='word_1_5' title='bbox 775 441 1037 507; x_wconf 79' lang='lat' dir='ltr'><strong>COMMENTARII.</strong></span> <span class='ocrx_word' id='word_1_6' title='bbox 1324 453 1375 512; x_wconf 86' lang='lat'><strong>105</strong></span> 
     </span>
    </p>
   </div>
   <div class='ocr_carea' id='block_1_2' title="bbox 63 599 1459 3341">
    <p class='ocr_par' dir='ltr' id='par_1_2' title="bbox 70 599 1373 952">
     <span class='ocr_line' id='line_1_2' title="bbox 112 599 1371 702; baseline 0 -22"><span class='ocrx_word' id='word_1_7' title='bbox 112 607 272 680; x_wconf 81' lang='lat' dir='ltr'><strong>Perrento</strong></span> <span class='ocrx_word' id='word_1_8' title='bbox 287 601 333 676; x_wconf 90' lang='lat' dir='ltr'><strong>ad</strong></span> <span class='ocrx_word' id='word_1_9' title='bbox 346 599 456 676; x_wconf 87' lang='lat' dir='ltr'><strong>altare</strong></span> <span class='ocrx_word' id='word_1_10' title='bbox 472 601 602 698; x_wconf 86' lang='lat' dir='ltr'><strong>majus,</strong></span> <span class='ocrx_word' id='word_1_11' title='bbox 621 603 716 698; x_wconf 88' lang='lat' dir='ltr'><strong>Papa</strong></span> <span class='ocrx_word' id='word_1_12' title='bbox 735 599 922 675; x_wconf 87' lang='lat' dir='ltr'><strong>descendit</strong></span> <span class='ocrx_word' id='word_1_13' title='bbox 944 601 988 676; x_wconf 92' lang='lat' dir='ltr'><strong>de</strong></span> <span class='ocrx_word' id='word_1_14' title='bbox 1010 603 1095 678; x_wconf 88' lang='lat' dir='ltr'><strong>sede</strong></span> <span class='ocrx_word' id='word_1_15' title='bbox 1115 627 1223 702; x_wconf 89' lang='lat' dir='ltr'><strong>quam</strong></span> <span class='ocrx_word' id='word_1_16' title='bbox 1243 605 1371 681; x_wconf 90' lang='lat' dir='ltr'><strong>soldati</strong></span> 
     </span>
     <span class='ocr_line' id='line_1_3' title="bbox 71 723 1373 826; baseline 0.002 -22"><span class='ocrx_word' id='word_1_17' title='bbox 71 733 97 804; x_wconf 82' lang='lat' dir='ltr'><strong>ri</strong></span> <span class='ocrx_word' id='word_1_18' title='bbox 116 736 313 825; x_wconf 76' lang='lat' dir='ltr'>rumpentes</span> <span class='ocrx_word' id='word_1_19' title='bbox 336 731 374 804; x_wconf 90' lang='lat' dir='ltr'><strong>et</strong></span> <span class='ocrx_word' id='word_1_20' title='bbox 399 727 601 802; x_wconf 76' lang='lat' dir='ltr'><strong>lacerantes</strong></span> <span class='ocrx_word' id='word_1_21' title='bbox 624 723 948 802; x_wconf 64' lang='lat' dir='ltr'><strong>sibi&#39;uendicarunt</strong></span> <span class='ocrx_word' id='word_1_22' title='bbox 970 723 1015 826; x_wconf 90' lang='grc'><strong>(1)</strong></span> <span class='ocrx_word' id='word_1_23' title='bbox 1046 732 1082 800; x_wconf 90' lang='lat' dir='ltr'><strong>et</strong></span> <span class='ocrx_word' id='word_1_24' title='bbox 1102 729 1313 823; x_wconf 83' lang='lat' dir='ltr'><strong>genuflexus</strong></span> <span class='ocrx_word' id='word_1_25' title='bbox 1335 731 1373 808; x_wconf 95' lang='lat' dir='ltr'><strong>in</strong></span> 
     </span>
     <span class='ocr_line' id='line_1_4' title="bbox 70 846 717 952; baseline -0.017 -21"><span class='ocrx_word' id='word_1_26' title='bbox 70 853 256 944; x_wconf 86' lang='lat' dir='ltr'><strong>ialdistorio,</strong></span> <span class='ocrx_word' id='word_1_27' title='bbox 268 850 431 952; x_wconf 90' lang='lat' dir='ltr'><strong>deposito</strong></span> <span class='ocrx_word' id='word_1_28' title='bbox 447 873 574 947; x_wconf 80' lang='lat' dir='ltr'><strong>regno,</strong></span> <span class='ocrx_word' id='word_1_29' title='bbox 592 846 717 924; x_wconf 88' lang='lat' dir='ltr'><strong>oravit.</strong></span> 
     </span>
    </p>

    <p class='ocr_par' dir='ltr' id='par_1_3' title="bbox 64 974 1459 2692">
     <span class='ocr_line' id='line_1_5' title="bbox 109 974 1459 1072; baseline 0.001 -18"><span class='ocrx_word' id='word_1_30' title='bbox 109 984 204 1056; x_wconf 87' lang='lat' dir='ltr'><strong>Facta</strong></span> <span class='ocrx_word' id='word_1_31' title='bbox 225 978 401 1069; x_wconf 80' lang='lat' dir='ltr'><strong>oratione,</strong></span> <span class='ocrx_word' id='word_1_32' title='bbox 433 979 584 1072; x_wconf 89' lang='lat' dir='ltr'><strong>accepta</strong></span> <span class='ocrx_word' id='word_1_33' title='bbox 609 974 729 1064; x_wconf 88' lang='lat' dir='ltr'><strong>mitra,</strong></span> <span class='ocrx_word' id='word_1_34' title='bbox 753 975 915 1050; x_wconf 88' lang='lat' dir='ltr'><strong>aseendit</strong></span> <span class='ocrx_word' id='word_1_35' title='bbox 938 975 1128 1053; x_wconf 87' lang='lat' dir='ltr'><strong>adsedem</strong></span> <span class='ocrx_word' id='word_1_36' title='bbox 1152 979 1373 1057; x_wconf 79' lang='lat' dir='ltr'><strong>eminentem</strong></span> <span class='ocrx_word' id='word_1_37' title='bbox 1456 1060 1459 1068; x_wconf 70' lang='grc'>,</span> 
     </span>
     <span class='ocr_line' id='line_1_6' title="bbox 71 1097 1372 1199; baseline 0 -19"><span class='ocrx_word' id='word_1_38' title='bbox 71 1127 289 1180; x_wconf 80' lang='lat' dir='ltr'><strong>marmoream</strong></span> <span class='ocrx_word' id='word_1_39' title='bbox 321 1103 358 1178; x_wconf 92' lang='lat' dir='ltr'><strong>in</strong></span> <span class='ocrx_word' id='word_1_40' title='bbox 381 1101 524 1178; x_wconf 85' lang='lat' dir='ltr'><strong>tribuna</strong></span> <span class='ocrx_word' id='word_1_41' title='bbox 548 1099 651 1176; x_wconf 91' lang='lat' dir='ltr'><strong>solita</strong></span> <span class='ocrx_word' id='word_1_42' title='bbox 675 1104 837 1196; x_wconf 90' lang='lat' dir='ltr'><strong>paratam</strong></span> <span class='ocrx_word' id='word_1_43' title='bbox 867 1097 912 1199; x_wconf 79' lang='lat'><strong>(2)</strong></span> <span class='ocrx_word' id='word_1_44' title='bbox 937 1101 997 1176; x_wconf 93' lang='lat' dir='ltr'><strong>ubi</strong></span> <span class='ocrx_word' id='word_1_45' title='bbox 1026 1101 1125 1198; x_wconf 93' lang='lat' dir='ltr'><strong>prior</strong></span> <span class='ocrx_word' id='word_1_46' title='bbox 1147 1109 1183 1178; x_wconf 90' lang='lat' dir='ltr'><strong>et</strong></span> <span class='ocrx_word' id='word_1_47' title='bbox 1207 1106 1372 1180; x_wconf 90' lang='lat' dir='ltr'><strong>canonici</strong></span> 
     </span>
     <span class='ocr_line' id='line_1_7' title="bbox 68 1226 1373 1333; baseline 0.002 -27"><span class='ocrx_word' id='word_1_48' title='bbox 68 1235 291 1308; x_wconf 83' lang='lat' dir='ltr'><strong>lateranenses</strong></span> <span class='ocrx_word' id='word_1_49' title='bbox 319 1235 452 1330; x_wconf 89' lang='lat' dir='ltr'><strong>Papam</strong></span> <span class='ocrx_word' id='word_1_50' title='bbox 481 1228 608 1302; x_wconf 81' lang='lat' dir='ltr'><strong>sedere</strong></span> <span class='ocrx_word' id='word_1_51' title='bbox 633 1226 809 1315; x_wconf 87' lang='lat' dir='ltr'><strong>iecerunt,</strong></span> <span class='ocrx_word' id='word_1_52' title='bbox 836 1227 932 1322; x_wconf 91' lang='lat' dir='ltr'><strong>quod</strong></span> <span class='ocrx_word' id='word_1_53' title='bbox 950 1229 1074 1325; x_wconf 89' lang='lat' dir='ltr'><strong>jacere</strong></span> <span class='ocrx_word' id='word_1_54' title='bbox 1102 1229 1290 1306; x_wconf 88' lang='lat' dir='ltr'><strong>uidebatur</strong></span> <span class='ocrx_word' id='word_1_55' title='bbox 1313 1233 1373 1333; x_wconf 88' lang='grc'><strong>(3).</strong></span> 
     </span>
     <span class='ocr_line' id='line_1_8' title="bbox 70 1351 1375 1449; baseline 0 -17"><span class='ocrx_word' id='word_1_56' title='bbox 70 1365 133 1449; x_wconf 82' lang='lat' dir='ltr'><strong>Quo</strong></span> <span class='ocrx_word' id='word_1_57' title='bbox 147 1358 193 1431; x_wconf 92' lang='lat' dir='ltr'><strong>sic</strong></span> <span class='ocrx_word' id='word_1_58' title='bbox 208 1357 370 1448; x_wconf 77' lang='lat' dir='ltr'><strong>sedente,</strong></span> <span class='ocrx_word' id='word_1_59' title='bbox 385 1354 584 1430; x_wconf 81' lang='lat' dir='ltr'><strong>cardinales</strong></span> <span class='ocrx_word' id='word_1_60' title='bbox 596 1375 723 1426; x_wconf 91' lang='lat' dir='ltr'><strong>omnes</strong></span> <span class='ocrx_word' id='word_1_61' title='bbox 739 1375 823 1426; x_wconf 90' lang='lat' dir='ltr'><strong>eum</strong></span> <span class='ocrx_word' id='word_1_62' title='bbox 835 1351 1037 1428; x_wconf 87' lang='lat' dir='ltr'><strong>honorifice</strong></span> <span class='ocrx_word' id='word_1_63' title='bbox 1053 1354 1237 1430; x_wconf 88' lang='lat' dir='ltr'><strong>elevarunt</strong></span> <span class='ocrx_word' id='word_1_64' title='bbox 1253 1357 1375 1432; x_wconf 79' lang='lat' dir='ltr'><strong>dicen·</strong></span> 
     </span>
     <span class='ocr_line' id='line_1_9' title="bbox 69 1477 1370 1582; baseline 0 -24"><span class='ocrx_word' id='word_1_65' title='bbox 69 1491 112 1558; x_wconf 88' lang='lat' dir='ltr'><strong>tas</strong></span> <span class='ocrx_word' id='word_1_66' title='bbox 126 1482 165 1582; x_wconf 82' lang='lat' dir='ltr'><strong>(i)</strong></span> <span class='ocrx_word' id='word_1_67' title='bbox 183 1507 191 1557; x_wconf 96' lang='lat'><strong>:</strong></span> <span class='ocrx_word' id='word_1_68' title='bbox 207 1481 367 1555; x_wconf 82' lang='lat' dir='ltr'><strong>Suacitot</strong></span> <span class='ocrx_word' id='word_1_69' title='bbox 378 1481 421 1554; x_wconf 85' lang='lat' dir='ltr'><strong>ule</strong></span> <span class='ocrx_word' id='word_1_70' title='bbox 431 1479 577 1578; x_wconf 84' lang='lat' dir='ltr'><strong>puluere</strong></span> <span class='ocrx_word' id='word_1_71' title='bbox 591 1501 756 1575; x_wconf 74' lang='lat' dir='ltr'><strong>eperum,</strong></span> <span class='ocrx_word' id='word_1_72' title='bbox 774 1488 810 1550; x_wconf 90' lang='lat' dir='ltr'><strong>et</strong></span> <span class='ocrx_word' id='word_1_73' title='bbox 823 1477 865 1552; x_wconf 87' lang='lat' dir='ltr'><strong>de</strong></span> <span class='ocrx_word' id='word_1_74' title='bbox 878 1489 1027 1554; x_wconf 74' lang='lat' dir='ltr'><strong>stercore</strong></span> <span class='ocrx_word' id='word_1_75' title='bbox 1045 1483 1152 1579; x_wconf 75' lang='lat' dir='ltr'><strong>cripit</strong></span> <span class='ocrx_word' id='word_1_76' title='bbox 1161 1505 1370 1580; x_wconf 79' lang='lat' dir='ltr'><strong>pauperem,</strong></span> 
     </span>
     <span class='ocr_line' id='line_1_10' title="bbox 67 1605 1373 1710; baseline 0.004 -28"><span class='ocrx_word' id='word_1_77' title='bbox 67 1607 544 1707; x_wconf 76' lang='lat' dir='ltr'><strong>utsedeotcumprtncrpibua,</strong></span> <span class='ocrx_word' id='word_1_78' title='bbox 558 1605 730 1680; x_wconf 84' lang='lat' dir='ltr'><strong>etaola&#39;um</strong></span> <span class='ocrx_word' id='word_1_79' title='bbox 740 1605 987 1703; x_wconf 76' lang='lat' dir='ltr'><strong>plorieteoeot.</strong></span> <span class='ocrx_word' id='word_1_80' title='bbox 1001 1611 1077 1695; x_wconf 79' lang='lat' dir='ltr'><strong>Quo</strong></span> <span class='ocrx_word' id='word_1_81' title='bbox 1091 1607 1373 1710; x_wconf 83' lang='lat' dir='ltr'><strong>iacto,pontiiex</strong></span> 
     </span>
     <span class='ocr_line' id='line_1_11' title="bbox 65 1730 1373 1834; baseline 0.002 -24"><span class='ocrx_word' id='word_1_82' title='bbox 65 1734 240 1834; x_wconf 90' lang='lat' dir='ltr'><strong>accepitde</strong></span> <span class='ocrx_word' id='word_1_83' title='bbox 257 1733 398 1831; x_wconf 86' lang='lat' dir='ltr'><strong>gremio</strong></span> <span class='ocrx_word' id='word_1_84' title='bbox 419 1737 461 1808; x_wconf 87' lang='lat' dir='ltr'><strong>D.</strong></span> <span class='ocrx_word' id='word_1_85' title='bbox 486 1730 650 1806; x_wconf 79' lang='lat' dir='ltr'><strong>Falconis</strong></span> <span class='ocrx_word' id='word_1_86' title='bbox 671 1731 882 1808; x_wconf 84' lang='lat' dir='ltr'><strong>thesaurarii</strong></span> <span class='ocrx_word' id='word_1_87' title='bbox 906 1732 961 1807; x_wconf 89' lang='lat' dir='ltr'><strong>sui</strong></span> <span class='ocrx_word' id='word_1_88' title='bbox 980 1739 1054 1808; x_wconf 90' lang='lat' dir='ltr'><strong>tres</strong></span> <span class='ocrx_word' id='word_1_89' title='bbox 1074 1733 1264 1832; x_wconf 74' lang='lat' dir='ltr'><strong>pugillatas</strong></span> <span class='ocrx_word' id='word_1_90' title='bbox 1283 1761 1373 1834; x_wconf 90' lang='lat' dir='ltr'><strong>qua-</strong></span> 
     </span>
     <span class='ocr_line' id='line_1_12' title="bbox 67 1857 1373 1960; baseline 0.002 -24"><span class='ocrx_word' id='word_1_91' title='bbox 67 1871 230 1936; x_wconf 89' lang='lat' dir='ltr'><strong>t&#39;renorum</strong></span> <span class='ocrx_word' id='word_1_92' title='bbox 258 1869 295 1935; x_wconf 89' lang='lat' dir='ltr'><strong>et</strong></span> <span class='ocrx_word' id='word_1_93' title='bbox 318 1859 548 1936; x_wconf 90' lang='lat' dir='ltr'><strong>denariorum</strong></span> <span class='ocrx_word' id='word_1_94' title='bbox 570 1857 791 1933; x_wconf 91' lang='lat' dir='ltr'><strong>minutorum</strong></span> <span class='ocrx_word' id='word_1_95' title='bbox 811 1857 1013 1934; x_wconf 89' lang='lat' dir='ltr'><strong>successive</strong></span> <span class='ocrx_word' id='word_1_96' title='bbox 1034 1867 1069 1933; x_wconf 92' lang='lat' dir='ltr'><strong>et</strong></span> <span class='ocrx_word' id='word_1_97' title='bbox 1087 1859 1183 1934; x_wconf 92' lang='lat' dir='ltr'><strong>inter</strong></span> <span class='ocrx_word' id='word_1_98' title='bbox 1202 1861 1373 1960; x_wconf 93' lang='lat' dir='ltr'><strong>populum</strong></span> 
     </span>
     <span class='ocr_line' id='line_1_13' title="bbox 64 1985 1373 2086; baseline 0.001 -26"><span class='ocrx_word' id='word_1_99' title='bbox 64 1987 211 2086; x_wconf 82' lang='lat' dir='ltr'><strong>projecit,</strong></span> <span class='ocrx_word' id='word_1_100' title='bbox 228 1985 355 2060; x_wconf 90' lang='lat' dir='ltr'><strong>dicens</strong></span> <span class='ocrx_word' id='word_1_101' title='bbox 369 1985 417 2084; x_wconf 84' lang='lat'><strong>(5)</strong></span> <span class='ocrx_word' id='word_1_102' title='bbox 438 2013 444 2058; x_wconf 96' lang='lat'><strong>:</strong></span> <span class='ocrx_word' id='word_1_103' title='bbox 463 1985 664 2082; x_wconf 69' lang='lat' dir='ltr'><strong>arpentum</strong></span> <span class='ocrx_word' id='word_1_104' title='bbox 681 1995 716 2058; x_wconf 83' lang='lat' dir='ltr'><strong>ct</strong></span> <span class='ocrx_word' id='word_1_105' title='bbox 728 2007 857 2060; x_wconf 82' lang='lat' dir='ltr'><strong>aarum</strong></span> <span class='ocrx_word' id='word_1_106' title='bbox 871 2007 943 2058; x_wconf 83' lang='lat' dir='ltr'><strong>nora</strong></span> <span class='ocrx_word' id='word_1_107' title='bbox 960 1996 1012 2058; x_wconf 82' lang='lat' dir='ltr'><strong>eat</strong></span> <span class='ocrx_word' id='word_1_108' title='bbox 1023 1985 1134 2075; x_wconf 50' lang='lat' dir='ltr'><strong>mil&amp;</strong></span> <span class='ocrx_word' id='word_1_109' title='bbox 1148 1986 1373 2084; x_wconf 73' lang='lat' dir='ltr'><strong>praedantem</strong></span> 
     </span>
     <span class='ocr_line' id='line_1_14' title="bbox 64 2109 1374 2209; baseline -0.001 -23"><span class='ocrx_word' id='word_1_110' title='bbox 64 2112 166 2203; x_wconf 84' lang='lat' dir='ltr'><strong>labeo,</strong></span> <span class='ocrx_word' id='word_1_111' title='bbox 183 2111 244 2184; x_wconf 83' lang='lat' dir='ltr'><strong>doc</strong></span> <span class='ocrx_word' id='word_1_112' title='bbox 264 2111 328 2186; x_wconf 73' lang='lat' dir='ltr'><strong>titi</strong></span> <span class='ocrx_word' id='word_1_113' title='bbox 339 2111 396 2184; x_wconf 88' lang='lat' dir='ltr'><strong>do.</strong></span> <span class='ocrx_word' id='word_1_114' title='bbox 418 2109 570 2208; x_wconf 82' lang='lat' dir='ltr'><strong>Accepit</strong></span> <span class='ocrx_word' id='word_1_115' title='bbox 591 2109 721 2184; x_wconf 92' lang='lat' dir='ltr'><strong>deinde</strong></span> <span class='ocrx_word' id='word_1_116' title='bbox 742 2110 901 2207; x_wconf 87' lang='lat' dir='ltr'><strong>priorem</strong></span> <span class='ocrx_word' id='word_1_117' title='bbox 921 2116 958 2184; x_wconf 92' lang='lat' dir='ltr'><strong>et</strong></span> <span class='ocrx_word' id='word_1_118' title='bbox 977 2110 1172 2186; x_wconf 88' lang='lat' dir='ltr'><strong>canonicos</strong></span> <span class='ocrx_word' id='word_1_119' title='bbox 1192 2111 1374 2209; x_wconf 90' lang='lat' dir='ltr'><strong>predictos</strong></span> 
     </span>
     <span class='ocr_line' id='line_1_15' title="bbox 65 2235 1371 2336; baseline 0 -26"><span class='ocrx_word' id='word_1_120' title='bbox 65 2245 184 2314; x_wconf 90' lang='lat' dir='ltr'><strong>tantum</strong></span> <span class='ocrx_word' id='word_1_121' title='bbox 198 2245 317 2314; x_wconf 84' lang='lat' dir='ltr'><strong>elnon</strong></span> <span class='ocrx_word' id='word_1_122' title='bbox 327 2236 416 2312; x_wconf 87' lang='lat' dir='ltr'><strong>alios</strong></span> <span class='ocrx_word' id='word_1_123' title='bbox 430 2235 665 2312; x_wconf 88' lang='lat' dir='ltr'><strong>beneficiatos</strong></span> <span class='ocrx_word' id='word_1_124' title='bbox 679 2236 725 2310; x_wconf 90' lang='lat' dir='ltr'><strong>ad</strong></span> <span class='ocrx_word' id='word_1_125' title='bbox 735 2236 837 2332; x_wconf 88' lang='lat' dir='ltr'><strong>pedis</strong></span> <span class='ocrx_word' id='word_1_126' title='bbox 852 2237 1014 2311; x_wconf 89' lang='lat' dir='ltr'><strong>osculum</strong></span> <span class='ocrx_word' id='word_1_127' title='bbox 1024 2235 1084 2334; x_wconf 89' lang='grc'>(6).</span> <span class='ocrx_word' id='word_1_128' title='bbox 1098 2240 1187 2310; x_wconf 85' lang='lat' dir='ltr'><strong>Tum</strong></span> <span class='ocrx_word' id='word_1_129' title='bbox 1199 2235 1245 2336; x_wconf 87' lang='grc'><strong>(7)</strong></span> <span class='ocrx_word' id='word_1_130' title='bbox 1260 2241 1371 2328; x_wconf 88' lang='lat' dir='ltr'><strong>stans,</strong></span> 
     </span>
     <span class='ocr_line' id='line_1_16' title="bbox 65 2362 1371 2462; baseline 0.001 -25"><span class='ocrx_word' id='word_1_131' title='bbox 65 2363 208 2462; x_wconf 87' lang='lat' dir='ltr'><strong>deposita</strong></span> <span class='ocrx_word' id='word_1_132' title='bbox 221 2363 343 2454; x_wconf 89' lang='lat' dir='ltr'><strong>mitra,</strong></span> <span class='ocrx_word' id='word_1_133' title='bbox 360 2369 509 2462; x_wconf 89' lang='lat' dir='ltr'><strong>propter</strong></span> <span class='ocrx_word' id='word_1_134' title='bbox 528 2385 677 2437; x_wconf 90' lang='lat' dir='ltr'><strong>crucem</strong></span> <span class='ocrx_word' id='word_1_135' title='bbox 696 2385 798 2436; x_wconf 89' lang='lat' dir='ltr'><strong>suam</strong></span> <span class='ocrx_word' id='word_1_136' title='bbox 818 2387 887 2460; x_wconf 92' lang='lat' dir='ltr'><strong>que</strong></span> <span class='ocrx_word' id='word_1_137' title='bbox 903 2385 969 2461; x_wconf 93' lang='lat' dir='ltr'><strong>per</strong></span> <span class='ocrx_word' id='word_1_138' title='bbox 988 2362 1249 2438; x_wconf 79' lang='lat' dir='ltr'><strong>subdiaconum</strong></span> <span class='ocrx_word' id='word_1_139' title='bbox 1269 2385 1371 2438; x_wconf 91' lang='lat' dir='ltr'><strong>more</strong></span> 
     </span>
     <span class='ocr_line' id='line_1_17' title="bbox 65 2487 1370 2586; baseline 0.002 -26"><span class='ocrx_word' id='word_1_140' title='bbox 65 2489 152 2564; x_wconf 91' lang='lat' dir='ltr'><strong>solito</strong></span> <span class='ocrx_word' id='word_1_141' title='bbox 167 2513 289 2566; x_wconf 89' lang='lat' dir='ltr'><strong>coram</strong></span> <span class='ocrx_word' id='word_1_142' title='bbox 305 2512 349 2564; x_wconf 88' lang='lat' dir='ltr'><strong>ao</strong></span> <span class='ocrx_word' id='word_1_143' title='bbox 365 2487 600 2579; x_wconf 87' lang='lat' dir='ltr'><strong>retinebatur,</strong></span> <span class='ocrx_word' id='word_1_144' title='bbox 622 2488 754 2586; x_wconf 91' lang='lat' dir='ltr'><strong>populo</strong></span> <span class='ocrx_word' id='word_1_145' title='bbox 776 2487 987 2564; x_wconf 89' lang='lat' dir='ltr'><strong>solemnitor</strong></span> <span class='ocrx_word' id='word_1_146' title='bbox 1005 2487 1202 2580; x_wconf 85' lang='lat' dir='ltr'><strong>benedixit,</strong></span> <span class='ocrx_word' id='word_1_147' title='bbox 1220 2488 1344 2565; x_wconf 91' lang='lat' dir='ltr'><strong>dicens</strong></span> <span class='ocrx_word' id='word_1_148' title='bbox 1363 2517 1370 2564; x_wconf 93' lang='lat'><strong>:</strong></span> 
     </span>
     <span class='ocr_line' id='line_1_18' title="bbox 65 2613 480 2692; baseline 0.002 -5"><span class='ocrx_word' id='word_1_149' title='bbox 65 2613 113 2687; x_wconf 82' lang='lat' dir='ltr'><strong>Sit</strong></span> <span class='ocrx_word' id='word_1_150' title='bbox 123 2639 243 2690; x_wconf 81' lang='lat' dir='ltr'><strong>nomen</strong></span> <span class='ocrx_word' id='word_1_151' title='bbox 257 2615 404 2692; x_wconf 82' lang='lat' dir='ltr'><strong>Domini</strong></span> <span class='ocrx_word' id='word_1_152' title='bbox 416 2627 480 2690; x_wconf 88' lang='lat' dir='ltr'><strong>etc.</strong></span> 
     </span>
    </p>

    <p class='ocr_par' dir='ltr' id='par_1_4' title="bbox 63 2739 1375 3341">
     <span class='ocr_line' id='line_1_19' title="bbox 107 2739 1375 2844; baseline 0.003 -29"><span class='ocrx_word' id='word_1_153' title='bbox 107 2743 181 2815; x_wconf 80' lang='lat' dir='ltr'><strong>Erat</strong></span> <span class='ocrx_word' id='word_1_154' title='bbox 193 2747 316 2816; x_wconf 89' lang='lat' dir='ltr'><strong>autem</strong></span> <span class='ocrx_word' id='word_1_155' title='bbox 336 2740 538 2816; x_wconf 89' lang='lat' dir='ltr'><strong>ordinatum</strong></span> <span class='ocrx_word' id='word_1_156' title='bbox 558 2739 668 2838; x_wconf 93' lang='lat' dir='ltr'><strong>quod,</strong></span> <span class='ocrx_word' id='word_1_157' title='bbox 686 2743 781 2840; x_wconf 87' lang='lat' dir='ltr'><strong>Papa</strong></span> <span class='ocrx_word' id='word_1_158' title='bbox 800 2741 846 2816; x_wconf 90' lang='lat' dir='ltr'><strong>ad</strong></span> <span class='ocrx_word' id='word_1_159' title='bbox 866 2744 1081 2818; x_wconf 82' lang='lat' dir='ltr'><strong>Lateranum</strong></span> <span class='ocrx_word' id='word_1_160' title='bbox 1100 2749 1286 2841; x_wconf 85' lang='lat' dir='ltr'><strong>pervento,</strong></span> <span class='ocrx_word' id='word_1_161' title='bbox 1309 2769 1375 2844; x_wconf 87' lang='lat' dir='ltr'><strong>per</strong></span> 
     </span>
     <span class='ocr_line' id='line_1_20' title="bbox 65 2865 1374 2967; baseline 0.006 -30"><span class='ocrx_word' id='word_1_162' title='bbox 65 2867 180 2942; x_wconf 87' lang='lat' dir='ltr'><strong>scalam</strong></span> <span class='ocrx_word' id='word_1_163' title='bbox 195 2891 298 2944; x_wconf 89' lang='lat' dir='ltr'><strong>suam</strong></span> <span class='ocrx_word' id='word_1_164' title='bbox 314 2890 384 2964; x_wconf 90' lang='lat' dir='ltr'><strong>que</strong></span> <span class='ocrx_word' id='word_1_165' title='bbox 399 2867 447 2942; x_wconf 95' lang='lat' dir='ltr'><strong>ibi</strong></span> <span class='ocrx_word' id='word_1_166' title='bbox 462 2871 587 2964; x_wconf 87' lang='lat' dir='ltr'><strong>parata</strong></span> <span class='ocrx_word' id='word_1_167' title='bbox 602 2871 691 2955; x_wconf 89' lang='lat' dir='ltr'><strong>erat,</strong></span> <span class='ocrx_word' id='word_1_168' title='bbox 716 2865 760 2938; x_wconf 93' lang='lat' dir='ltr'><strong>de</strong></span> <span class='ocrx_word' id='word_1_169' title='bbox 783 2889 876 2962; x_wconf 87' lang='lat' dir='ltr'><strong>equo</strong></span> <span class='ocrx_word' id='word_1_170' title='bbox 896 2867 1135 2943; x_wconf 89' lang='lat' dir='ltr'><strong>descenderet</strong></span> <span class='ocrx_word' id='word_1_171' title='bbox 1157 2875 1193 2944; x_wconf 92' lang='lat' dir='ltr'><strong>et</strong></span> <span class='ocrx_word' id='word_1_172' title='bbox 1212 2869 1312 2967; x_wconf 90' lang='lat' dir='ltr'><strong>prior</strong></span> <span class='ocrx_word' id='word_1_173' title='bbox 1331 2895 1374 2945; x_wconf 90' lang='lat' dir='ltr'><strong>ac</strong></span> 
     </span>
     <span class='ocr_line' id='line_1_21' title="bbox 64 2989 1372 3088; baseline 0.003 -24"><span class='ocrx_word' id='word_1_174' title='bbox 64 2993 208 3068; x_wconf 88' lang='lat' dir='ltr'><strong>canonici</strong></span> <span class='ocrx_word' id='word_1_175' title='bbox 241 2999 518 3081; x_wconf 77' lang='lat' dir='ltr'><strong>lateranenses,</strong></span> <span class='ocrx_word' id='word_1_176' title='bbox 551 2991 613 3088; x_wconf 92' lang='lat' dir='ltr'><strong>qui</strong></span> <span class='ocrx_word' id='word_1_177' title='bbox 647 2989 965 3088; x_wconf 86' lang='lat' dir='ltr'><strong>processionaliter</strong></span> <span class='ocrx_word' id='word_1_178' title='bbox 1000 2991 1133 3068; x_wconf 91' lang='lat' dir='ltr'><strong>ibidem</strong></span> <span class='ocrx_word' id='word_1_179' title='bbox 1162 2993 1310 3066; x_wconf 88' lang='lat' dir='ltr'><strong>aderant</strong></span> <span class='ocrx_word' id='word_1_180' title='bbox 1334 2995 1372 3068; x_wconf 92' lang='lat' dir='ltr'><strong>in</strong></span> 
     </span>
     <span class='ocr_line' id='line_1_22' title="bbox 63 3115 1369 3216; baseline 0.005 -28"><span class='ocrx_word' id='word_1_181' title='bbox 63 3119 304 3216; x_wconf 88' lang='lat' dir='ltr'><strong>superpelliciis</strong></span> <span class='ocrx_word' id='word_1_182' title='bbox 324 3125 361 3192; x_wconf 93' lang='lat' dir='ltr'><strong>et</strong></span> <span class='ocrx_word' id='word_1_183' title='bbox 375 3116 544 3208; x_wconf 79' lang='lat' dir='ltr'><strong>simultis,</strong></span> <span class='ocrx_word' id='word_1_184' title='bbox 571 3116 689 3214; x_wconf 90' lang='lat' dir='ltr'><strong>ipsum</strong></span> <span class='ocrx_word' id='word_1_185' title='bbox 708 3116 913 3214; x_wconf 89' lang='lat' dir='ltr'><strong>reciperent</strong></span> <span class='ocrx_word' id='word_1_186' title='bbox 937 3124 974 3190; x_wconf 90' lang='lat' dir='ltr'><strong>et</strong></span> <span class='ocrx_word' id='word_1_187' title='bbox 996 3115 1033 3190; x_wconf 92' lang='lat' dir='ltr'><strong>in</strong></span> <span class='ocrx_word' id='word_1_188' title='bbox 1056 3117 1141 3204; x_wconf 82' lang='lat' dir='ltr'><strong>sede</strong></span> <span class='ocrx_word' id='word_1_189' title='bbox 1162 3140 1369 3194; x_wconf 88' lang='lat' dir='ltr'><strong>marmorea</strong></span> 
     </span>
     <span class='ocr_line' id='line_1_23' title="bbox 64 3239 1374 3341; baseline 0.006 -29"><span class='ocrx_word' id='word_1_190' title='bbox 64 3242 259 3318; x_wconf 87' lang='lat' dir='ltr'><strong>stercoraria</strong></span> <span class='ocrx_word' id='word_1_191' title='bbox 274 3247 482 3340; x_wconf 88' lang='lat' dir='ltr'><strong>nuncupata</strong></span> <span class='ocrx_word' id='word_1_192' title='bbox 496 3241 542 3341; x_wconf 93' lang='grc'><strong>(8)</strong></span> <span class='ocrx_word' id='word_1_193' title='bbox 559 3241 793 3330; x_wconf 89' lang='lat' dir='ltr'><strong>collocarent,</strong></span> <span class='ocrx_word' id='word_1_194' title='bbox 806 3246 846 3314; x_wconf 95' lang='lat' dir='ltr'><strong>ut</strong></span> <span class='ocrx_word' id='word_1_195' title='bbox 854 3241 977 3337; x_wconf 90' lang='lat' dir='ltr'><strong>jacere</strong></span> <span class='ocrx_word' id='word_1_196' title='bbox 987 3239 1107 3338; x_wconf 91' lang='lat' dir='ltr'><strong>potius</strong></span> <span class='ocrx_word' id='word_1_197' title='bbox 1119 3263 1228 3338; x_wconf 90' lang='lat' dir='ltr'><strong>quam</strong></span> <span class='ocrx_word' id='word_1_198' title='bbox 1243 3240 1374 3320; x_wconf 88' lang='lat' dir='ltr'><strong>sedere</strong></span> 
     </span>
    </p>
   </div>
   <div class='ocr_carea' id='block_1_3' title="bbox 60 3445 1376 5235">
    <p class='ocr_par' dir='ltr' id='par_1_5' title="bbox 61 3445 1371 3792">
     <span class='ocr_line' id='line_1_24' title="bbox 92 3445 1371 3521; baseline 0.004 -19"><span class='ocrx_word' id='word_1_199' title='bbox 92 3451 112 3502; x_wconf 92' lang='lat' dir='ltr'><strong>t.</strong></span> <span class='ocrx_word' id='word_1_200' title='bbox 130 3445 178 3505; x_wconf 86' lang='lat' dir='ltr'><strong>Ces</strong></span> <span class='ocrx_word' id='word_1_201' title='bbox 193 3451 291 3505; x_wconf 78' lang='lat' dir='ltr'><strong>soenes</strong></span> <span class='ocrx_word' id='word_1_202' title='bbox 307 3446 341 3503; x_wconf 92' lang='lat' dir='ltr'><strong>de</strong></span> <span class='ocrx_word' id='word_1_203' title='bbox 355 3445 474 3504; x_wconf 83' lang='lat' dir='ltr'><strong>violence</strong></span> <span class='ocrx_word' id='word_1_204' title='bbox 488 3445 589 3503; x_wconf 80' lang='lat' dir='ltr'><strong>etaient</strong></span> <span class='ocrx_word' id='word_1_205' title='bbox 604 3445 672 3502; x_wconf 89' lang='lat' dir='ltr'><strong>dans</strong></span> <span class='ocrx_word' id='word_1_206' title='bbox 687 3445 727 3501; x_wconf 87' lang='lat' dir='ltr'><strong>les</strong></span> <span class='ocrx_word' id='word_1_207' title='bbox 740 3463 841 3502; x_wconf 86' lang='lat' dir='ltr'><strong>moeurs</strong></span> <span class='ocrx_word' id='word_1_208' title='bbox 856 3452 883 3503; x_wconf 90' lang='lat' dir='ltr'><strong>et</strong></span> <span class='ocrx_word' id='word_1_209' title='bbox 898 3463 927 3502; x_wconf 91' lang='lat' dir='ltr'><strong>se</strong></span> <span class='ocrx_word' id='word_1_210' title='bbox 947 3445 1150 3504; x_wconf 85' lang='lat' dir='ltr'><strong>renourelaient</strong></span> <span class='ocrx_word' id='word_1_211' title='bbox 1163 3446 1371 3521; x_wconf 79' lang='lat' dir='ltr'><strong>generalement</strong></span> 
     </span>
     <span class='ocr_line' id='line_1_25' title="bbox 61 3535 1370 3610; baseline 0.002 -19"><span class='ocrx_word' id='word_1_212' title='bbox 61 3553 88 3592; x_wconf 90' lang='lat' dir='ltr'><strong>au</strong></span> <span class='ocrx_word' id='word_1_213' title='bbox 101 3545 307 3594; x_wconf 87' lang='lat' dir='ltr'><strong>couronnement</strong></span> <span class='ocrx_word' id='word_1_214' title='bbox 330 3537 364 3592; x_wconf 90' lang='lat' dir='ltr'><strong>de</strong></span> <span class='ocrx_word' id='word_1_215' title='bbox 383 3537 489 3610; x_wconf 88' lang='lat' dir='ltr'><strong>chaque</strong></span> <span class='ocrx_word' id='word_1_216' title='bbox 504 3535 611 3592; x_wconf 85' lang='lat' dir='ltr'><strong>Pontiia</strong></span> <span class='ocrx_word' id='word_1_217' title='bbox 630 3552 765 3592; x_wconf 86' lang='lat' dir='ltr'><strong>nouveau.</strong></span> <span class='ocrx_word' id='word_1_218' title='bbox 786 3535 868 3609; x_wconf 81' lang='lat' dir='ltr'><strong>(Voy.</strong></span> <span class='ocrx_word' id='word_1_219' title='bbox 886 3535 1050 3592; x_wconf 88' lang='lat' dir='ltr'><strong>Franciscus</strong></span> <span class='ocrx_word' id='word_1_220' title='bbox 1067 3535 1232 3606; x_wconf 88' lang='lat' dir='ltr'><strong>Cancellicri,</strong></span> <span class='ocrx_word' id='word_1_221' title='bbox 1257 3539 1370 3610; x_wconf 75' lang='lat' dir='ltr'><strong>Scorto,</strong></span> 
     </span>
     <span class='ocr_line' id='line_1_26' title="bbox 61 3625 1369 3700; baseline 0.003 -20"><span class='ocrx_word' id='word_1_222' title='bbox 61 3627 99 3681; x_wconf 81' lang='lat' dir='ltr'><strong>dei</strong></span> <span class='ocrx_word' id='word_1_223' title='bbox 111 3631 216 3684; x_wconf 79' lang='lat' dir='ltr'><strong>solenni</strong></span> <span class='ocrx_word' id='word_1_224' title='bbox 232 3629 363 3700; x_wconf 76' lang='lat' dir='ltr'><strong>possessi</strong></span> <span class='ocrx_word' id='word_1_225' title='bbox 386 3628 422 3682; x_wconf 79' lang='lat' dir='ltr'><strong>dc</strong></span> <span class='ocrx_word' id='word_1_226' title='bbox 438 3630 547 3682; x_wconf 79' lang='lat' dir='ltr'><strong>Sommc&#39;</strong></span> <span class='ocrx_word' id='word_1_227' title='bbox 566 3626 707 3698; x_wconf 80' lang='lat' dir='ltr'><strong>Pontefici</strong></span> <span class='ocrx_word' id='word_1_228' title='bbox 727 3627 766 3680; x_wconf 83' lang='lat' dir='ltr'><strong>do</strong></span> <span class='ocrx_word' id='word_1_229' title='bbox 782 3625 873 3682; x_wconf 82' lang='lat' dir='ltr'><strong>Leone</strong></span> <span class='ocrx_word' id='word_1_230' title='bbox 892 3626 947 3680; x_wconf 84' lang='lat' dir='ltr'><strong>III</strong></span> <span class='ocrx_word' id='word_1_231' title='bbox 965 3643 983 3681; x_wconf 84' lang='lat' dir='ltr'><strong>a</strong></span> <span class='ocrx_word' id='word_1_232' title='bbox 1008 3627 1061 3681; x_wconf 84' lang='lat' dir='ltr'><strong>Pio</strong></span> <span class='ocrx_word' id='word_1_233' title='bbox 1088 3625 1149 3684; x_wconf 88' lang='lat' dir='ltr'><strong>VII.</strong></span> <span class='ocrx_word' id='word_1_234' title='bbox 1170 3627 1269 3700; x_wconf 85' lang='lat' dir='ltr'><strong>Roma,</strong></span> <span class='ocrx_word' id='word_1_235' title='bbox 1290 3629 1369 3698; x_wconf 77' lang='lat'><strong>1802,</strong></span> 
     </span>
     <span class='ocr_line' id='line_1_27' title="bbox 61 3715 422 3792; baseline -0.006 -20"><span class='ocrx_word' id='word_1_236' title='bbox 61 3729 82 3785; x_wconf 86' lang='lat' dir='ltr'><strong>p.</strong></span> <span class='ocrx_word' id='word_1_237' title='bbox 95 3716 133 3785; x_wconf 82' lang='lat' dir='ltr'><strong>lo,</strong></span> <span class='ocrx_word' id='word_1_238' title='bbox 148 3718 191 3786; x_wconf 84' lang='lat' dir='ltr'><strong>ii,</strong></span> <span class='ocrx_word' id='word_1_239' title='bbox 206 3718 242 3775; x_wconf 82' lang='lat' dir='ltr'><strong>ta</strong></span> <span class='ocrx_word' id='word_1_240' title='bbox 252 3727 281 3776; x_wconf 83' lang='lat' dir='ltr'><strong>at</strong></span> <span class='ocrx_word' id='word_1_241' title='bbox 296 3715 422 3792; x_wconf 85' lang='lat' dir='ltr'><strong>passim.)</strong></span> 
     </span>
    </p>

    <p class='ocr_par' dir='ltr' id='par_1_6' title="bbox 88 3804 780 3880">
     <span class='ocr_line' id='line_1_28' title="bbox 88 3804 780 3880; baseline 0.003 -22"><span class='ocrx_word' id='word_1_242' title='bbox 88 3807 110 3859; x_wconf 74' lang='lat' dir='ltr'><strong>i.</strong></span> <span class='ocrx_word' id='word_1_243' title='bbox 129 3807 149 3861; x_wconf 83' lang='lat' dir='ltr'><strong>rt</strong></span> <span class='ocrx_word' id='word_1_244' title='bbox 164 3806 271 3864; x_wconf 84' lang='lat' dir='ltr'><strong>tribuno</strong></span> <span class='ocrx_word' id='word_1_245' title='bbox 282 3805 362 3862; x_wconf 84' lang='lat' dir='ltr'><strong>solito</strong></span> <span class='ocrx_word' id='word_1_246' title='bbox 377 3811 508 3880; x_wconf 87' lang='lat' dir='ltr'><strong>paratam.</strong></span> <span class='ocrx_word' id='word_1_247' title='bbox 523 3835 559 3846; x_wconf 92' lang='lat'>—</span> <span class='ocrx_word' id='word_1_248' title='bbox 573 3804 675 3874; x_wconf 70' lang='lat' dir='ltr'><strong>Riual„</strong></span> <span class='ocrx_word' id='word_1_249' title='bbox 690 3821 719 3879; x_wconf 91' lang='lat' dir='ltr'><strong>p.</strong></span> <span class='ocrx_word' id='word_1_250' title='bbox 734 3805 780 3861; x_wconf 81' lang='lat'><strong>74.</strong></span> 
     </span>
    </p>

    <p class='ocr_par' dir='ltr' id='par_1_7' title="bbox 87 3893 641 3965">
     <span class='ocr_line' id='line_1_29' title="bbox 87 3893 641 3965; baseline 0.005 -16"><span class='ocrx_word' id='word_1_251' title='bbox 87 3893 110 3951; x_wconf 88' lang='grc'><strong>3.</strong></span> <span class='ocrx_word' id='word_1_252' title='bbox 126 3895 200 3965; x_wconf 86' lang='lat' dir='ltr'><strong>Quod</strong></span> <span class='ocrx_word' id='word_1_253' title='bbox 211 3897 302 3953; x_wconf 88' lang='lat' dir='ltr'><strong>iacere</strong></span> <span class='ocrx_word' id='word_1_254' title='bbox 316 3893 485 3953; x_wconf 84' lang='lat' dir='ltr'><strong>ridebantur.</strong></span> <span class='ocrx_word' id='word_1_255' title='bbox 500 3899 538 3938; x_wconf 48' lang='grc' dir='ltr'>ε</span> <span class='ocrx_word' id='word_1_256' title='bbox 551 3894 641 3952; x_wconf 86' lang='lat' dir='ltr'><strong>liinal.</strong></span> 
     </span>
    </p>

    <p class='ocr_par' dir='ltr' id='par_1_8' title="bbox 87 3981 958 4048">
     <span class='ocr_line' id='line_1_30' title="bbox 87 3981 958 4048; baseline 0.003 -10"><span class='ocrx_word' id='word_1_257' title='bbox 87 3985 109 4038; x_wconf 83' lang='lat' dir='ltr'><strong>l.</strong></span> <span class='ocrx_word' id='word_1_258' title='bbox 128 3985 284 4042; x_wconf 87' lang='lat' dir='ltr'><strong>Cardinales</strong></span> <span class='ocrx_word' id='word_1_259' title='bbox 298 4001 393 4041; x_wconf 89' lang='lat' dir='ltr'><strong>omnes</strong></span> <span class='ocrx_word' id='word_1_260' title='bbox 409 3985 549 4042; x_wconf 86' lang='lat' dir='ltr'><strong>elevarunt</strong></span> <span class='ocrx_word' id='word_1_261' title='bbox 563 4003 656 4044; x_wconf 86' lang='lat' dir='ltr'><strong>rocem</strong></span> <span class='ocrx_word' id='word_1_262' title='bbox 671 3986 803 4044; x_wconf 88' lang='lat' dir='ltr'><strong>dicentes.</strong></span> <span class='ocrx_word' id='word_1_263' title='bbox 818 4015 853 4030; x_wconf 92' lang='lat'>-</span> <span class='ocrx_word' id='word_1_264' title='bbox 867 3981 958 4048; x_wconf 73' lang='lat' dir='ltr'><strong>arsat.</strong></span> 
     </span>
    </p>

    <p class='ocr_par' dir='ltr' id='par_1_9' title="bbox 87 4073 603 4150">
     <span class='ocr_line' id='line_1_31' title="bbox 87 4073 603 4150; baseline 0.008 -22"><span class='ocrx_word' id='word_1_265' title='bbox 87 4073 109 4129; x_wconf 90' lang='grc'><strong>5.</strong></span> <span class='ocrx_word' id='word_1_266' title='bbox 128 4075 232 4132; x_wconf 86' lang='lat' dir='ltr'><strong>Dicens.</strong></span> <span class='ocrx_word' id='word_1_267' title='bbox 247 4107 281 4118; x_wconf 92' lang='lat'>-</span> <span class='ocrx_word' id='word_1_268' title='bbox 295 4075 415 4150; x_wconf 87' lang='lat' dir='ltr'><strong>Manqua</strong></span> <span class='ocrx_word' id='word_1_269' title='bbox 428 4077 498 4132; x_wconf 76' lang='lat' dir='ltr'><strong>daris</strong></span> <span class='ocrx_word' id='word_1_270' title='bbox 512 4075 603 4134; x_wconf 84' lang='lat' dir='ltr'><strong>Hinal.</strong></span> 
     </span>
    </p>

    <p class='ocr_par' dir='ltr' id='par_1_10' title="bbox 87 4149 740 4242">
     <span class='ocr_line' id='line_1_32' title="bbox 87 4149 740 4242; baseline 0.005 -23"><span class='ocrx_word' id='word_1_271' title='bbox 87 4166 109 4222; x_wconf 86' lang='grc'><strong>6.</strong></span> <span class='ocrx_word' id='word_1_272' title='bbox 127 4165 226 4224; x_wconf 87' lang='lat' dir='ltr'><strong>Pbrase</strong></span> <span class='ocrx_word' id='word_1_273' title='bbox 242 4149 545 4242; x_wconf 74' lang='lat' dir='ltr'><strong>legerementmodidee</strong></span> <span class='ocrx_word' id='word_1_274' title='bbox 560 4167 629 4224; x_wconf 87' lang='lat' dir='ltr'><strong>dans</strong></span> <span class='ocrx_word' id='word_1_275' title='bbox 648 4165 740 4225; x_wconf 83' lang='lat' dir='ltr'><strong>Rinal.</strong></span> 
     </span>
    </p>

    <p class='ocr_par' dir='ltr' id='par_1_11' title="bbox 87 4255 574 4332">
     <span class='ocr_line' id='line_1_33' title="bbox 87 4255 574 4332; baseline 0.012 -24"><span class='ocrx_word' id='word_1_276' title='bbox 87 4255 109 4314; x_wconf 83' lang='lat' dir='ltr'><strong>l.</strong></span> <span class='ocrx_word' id='word_1_277' title='bbox 127 4255 201 4313; x_wconf 85' lang='lat' dir='ltr'><strong>Tum.</strong></span> <span class='ocrx_word' id='word_1_278' title='bbox 220 4287 250 4299; x_wconf 97' lang='lat'><em>-</em></span> <span class='ocrx_word' id='word_1_279' title='bbox 266 4258 386 4332; x_wconf 87' lang='lat' dir='ltr'><strong>Manque</strong></span> <span class='ocrx_word' id='word_1_280' title='bbox 400 4257 470 4314; x_wconf 88' lang='lat' dir='ltr'><strong>dans</strong></span> <span class='ocrx_word' id='word_1_281' title='bbox 484 4255 574 4315; x_wconf 84' lang='lat' dir='ltr'><strong>Riual.</strong></span> 
     </span>
    </p>

    <p class='ocr_par' dir='ltr' id='par_1_12' title="bbox 60 4344 1376 4604">
     <span class='ocr_line' id='line_1_34' title="bbox 87 4344 1376 4423; baseline 0.005 -25"><span class='ocrx_word' id='word_1_282' title='bbox 87 4345 110 4400; x_wconf 83' lang='lat'><strong>8.</strong></span> <span class='ocrx_word' id='word_1_283' title='bbox 128 4345 165 4404; x_wconf 90' lang='lat' dir='ltr'><strong>On</strong></span> <span class='ocrx_word' id='word_1_284' title='bbox 181 4364 259 4404; x_wconf 88' lang='lat' dir='ltr'><strong>acru</strong></span> <span class='ocrx_word' id='word_1_285' title='bbox 274 4366 328 4423; x_wconf 88' lang='lat' dir='ltr'><strong>que</strong></span> <span class='ocrx_word' id='word_1_286' title='bbox 348 4349 373 4404; x_wconf 91' lang='lat' dir='ltr'><strong>la</strong></span> <span class='ocrx_word' id='word_1_287' title='bbox 386 4348 479 4404; x_wconf 88' lang='lat' dir='ltr'><strong>rhaisa</strong></span> <span class='ocrx_word' id='word_1_288' title='bbox 498 4344 657 4404; x_wconf 76' lang='lat' dir='ltr'><strong>stercorales</strong></span> <span class='ocrx_word' id='word_1_289' title='bbox 675 4346 741 4404; x_wconf 82' lang='lat' dir='ltr'><strong>eluit</strong></span> <span class='ocrx_word' id='word_1_290' title='bbox 758 4346 881 4406; x_wconf 81' lang='lat' dir='ltr'><strong>destines</strong></span> <span class='ocrx_word' id='word_1_291' title='bbox 899 4347 1036 4406; x_wconf 80' lang='lat' dir='ltr'><strong>butrida·</strong></span> <span class='ocrx_word' id='word_1_292' title='bbox 1048 4349 1073 4406; x_wconf 90' lang='lat' dir='ltr'><strong>le</strong></span> <span class='ocrx_word' id='word_1_293' title='bbox 1086 4366 1151 4408; x_wconf 89' lang='lat' dir='ltr'><strong>sexe</strong></span> <span class='ocrx_word' id='word_1_294' title='bbox 1164 4349 1202 4408; x_wconf 94' lang='lat' dir='ltr'><strong>du</strong></span> <span class='ocrx_word' id='word_1_295' title='bbox 1217 4349 1376 4422; x_wconf 84' lang='lat' dir='ltr'><strong>Papenou·</strong></span> 
     </span>
     <span class='ocr_line' id='line_1_35' title="bbox 60 4431 1374 4513; baseline 0.007 -28"><span class='ocrx_word' id='word_1_296' title='bbox 60 4431 183 4492; x_wconf 85' lang='lat' dir='ltr'><strong>rellement</strong></span> <span class='ocrx_word' id='word_1_297' title='bbox 196 4438 251 4507; x_wconf 76' lang='lat' dir='ltr'><strong>eiu,</strong></span> <span class='ocrx_word' id='word_1_298' title='bbox 268 4446 295 4495; x_wconf 88' lang='lat' dir='ltr'><strong>et</strong></span> <span class='ocrx_word' id='word_1_299' title='bbox 311 4440 336 4494; x_wconf 88' lang='lat' dir='ltr'><strong>la</strong></span> <span class='ocrx_word' id='word_1_300' title='bbox 350 4436 488 4510; x_wconf 78' lang='lat' dir='ltr'><strong>malignite</strong></span> <span class='ocrx_word' id='word_1_301' title='bbox 507 4443 534 4494; x_wconf 88' lang='lat' dir='ltr'><strong>et</strong></span> <span class='ocrx_word' id='word_1_302' title='bbox 552 4436 715 4509; x_wconf 81' lang='lat' dir='ltr'><strong>l&#39;ignorance</strong></span> <span class='ocrx_word' id='word_1_303' title='bbox 732 4444 781 4494; x_wconf 89' lang='lat' dir='ltr'><strong>ont</strong></span> <span class='ocrx_word' id='word_1_304' title='bbox 799 4438 940 4496; x_wconf 79' lang='lat' dir='ltr'><strong>contribue</strong></span> <span class='ocrx_word' id='word_1_305' title='bbox 968 4442 984 4496; x_wconf 80' lang='lat' dir='ltr'><strong>d</strong></span> <span class='ocrx_word' id='word_1_306' title='bbox 1003 4442 1147 4513; x_wconf 76' lang='lat' dir='ltr'><strong>perpetuer</strong></span> <span class='ocrx_word' id='word_1_307' title='bbox 1168 4445 1239 4498; x_wconf 84' lang='lat' dir='ltr'><strong>cette</strong></span> <span class='ocrx_word' id='word_1_308' title='bbox 1258 4437 1374 4512; x_wconf 74' lang='lat' dir='ltr'><strong>legende</strong></span> 
     </span>
     <span class='ocr_line' id='line_1_36' title="bbox 61 4525 1218 4604; baseline 0.009 -27"><span class='ocrx_word' id='word_1_309' title='bbox 61 4525 120 4579; x_wconf 85' lang='lat' dir='ltr'><strong>aussi</strong></span> <span class='ocrx_word' id='word_1_310' title='bbox 132 4525 221 4584; x_wconf 90' lang='lat' dir='ltr'><strong>iausse</strong></span> <span class='ocrx_word' id='word_1_311' title='bbox 234 4546 290 4602; x_wconf 88' lang='lat' dir='ltr'><strong>que</strong></span> <span class='ocrx_word' id='word_1_312' title='bbox 306 4528 461 4586; x_wconf 83' lang='lat' dir='ltr'><strong>t&#39;existence</strong></span> <span class='ocrx_word' id='word_1_313' title='bbox 475 4529 509 4586; x_wconf 87' lang='lat' dir='ltr'><strong>da</strong></span> <span class='ocrx_word' id='word_1_314' title='bbox 524 4528 551 4586; x_wconf 86' lang='lat' dir='ltr'><strong>la</strong></span> <span class='ocrx_word' id='word_1_315' title='bbox 565 4528 686 4602; x_wconf 86' lang='lat' dir='ltr'><strong>Papcsae</strong></span> <span class='ocrx_word' id='word_1_316' title='bbox 702 4527 831 4585; x_wconf 78' lang='lat' dir='ltr'><strong>leanned</strong></span> <span class='ocrx_word' id='word_1_317' title='bbox 845 4527 959 4604; x_wconf 86' lang='lat' dir='ltr'><strong>laquelle</strong></span> <span class='ocrx_word' id='word_1_318' title='bbox 974 4547 1009 4586; x_wconf 91' lang='lat' dir='ltr'><strong>on</strong></span> <span class='ocrx_word' id='word_1_319' title='bbox 1019 4530 1056 4585; x_wconf 88' lang='lat' dir='ltr'><strong>l&#39;a</strong></span> <span class='ocrx_word' id='word_1_320' title='bbox 1069 4529 1218 4588; x_wconf 78' lang='lat' dir='ltr'><strong>rattachae.</strong></span> 
     </span>
    </p>

    <p class='ocr_par' dir='ltr' id='par_1_13' title="bbox 61 4611 1375 5235">
     <span class='ocr_line' id='line_1_37' title="bbox 90 4611 1374 4693; baseline 0.005 -25"><span class='ocrx_word' id='word_1_321' title='bbox 90 4611 200 4689; x_wconf 83' lang='lat' dir='ltr'><strong>lorsque</strong></span> <span class='ocrx_word' id='word_1_322' title='bbox 215 4617 241 4672; x_wconf 89' lang='lat' dir='ltr'><strong>te</strong></span> <span class='ocrx_word' id='word_1_323' title='bbox 260 4617 335 4692; x_wconf 86' lang='lat' dir='ltr'><strong>Pepe</strong></span> <span class='ocrx_word' id='word_1_324' title='bbox 353 4617 464 4676; x_wconf 86' lang='lat' dir='ltr'><strong>arrirait</strong></span> <span class='ocrx_word' id='word_1_325' title='bbox 483 4634 549 4675; x_wconf 88' lang='lat' dir='ltr'><strong>sous</strong></span> <span class='ocrx_word' id='word_1_326' title='bbox 571 4617 596 4675; x_wconf 91' lang='lat' dir='ltr'><strong>le</strong></span> <span class='ocrx_word' id='word_1_327' title='bbox 618 4617 742 4692; x_wconf 87' lang='lat' dir='ltr'><strong>partique</strong></span> <span class='ocrx_word' id='word_1_328' title='bbox 759 4618 792 4674; x_wconf 90' lang='lat' dir='ltr'><strong>da</strong></span> <span class='ocrx_word' id='word_1_329' title='bbox 817 4617 933 4675; x_wconf 84' lang='lat' dir='ltr'><strong>S.-lean</strong></span> <span class='ocrx_word' id='word_1_330' title='bbox 954 4619 988 4674; x_wconf 87' lang='lat' dir='ltr'><strong>de</strong></span> <span class='ocrx_word' id='word_1_331' title='bbox 1010 4619 1120 4689; x_wconf 87' lang='lat' dir='ltr'><strong>Latran,</strong></span> <span class='ocrx_word' id='word_1_332' title='bbox 1144 4619 1168 4676; x_wconf 90' lang='lat' dir='ltr'><strong>le</strong></span> <span class='ocrx_word' id='word_1_333' title='bbox 1187 4619 1278 4693; x_wconf 85' lang='lat' dir='ltr'><strong>prieur</strong></span> <span class='ocrx_word' id='word_1_334' title='bbox 1294 4625 1321 4677; x_wconf 88' lang='lat' dir='ltr'><strong>et</strong></span> <span class='ocrx_word' id='word_1_335' title='bbox 1334 4617 1374 4676; x_wconf 85' lang='lat' dir='ltr'><strong>les</strong></span> 
     </span>
     <span class='ocr_line' id='line_1_38' title="bbox 62 4700 1375 4784; baseline 0.01 -30"><span class='ocrx_word' id='word_1_336' title='bbox 62 4700 190 4762; x_wconf 84' lang='lat' dir='ltr'><strong>chanoinea</strong></span> <span class='ocrx_word' id='word_1_337' title='bbox 204 4706 239 4764; x_wconf 89' lang='lat' dir='ltr'><strong>de</strong></span> <span class='ocrx_word' id='word_1_338' title='bbox 254 4707 281 4764; x_wconf 86' lang='lat' dir='ltr'><strong>ia</strong></span> <span class='ocrx_word' id='word_1_339' title='bbox 299 4705 437 4780; x_wconf 86' lang='lat' dir='ltr'><strong>Basilique</strong></span> <span class='ocrx_word' id='word_1_340' title='bbox 457 4707 482 4764; x_wconf 86' lang='lat' dir='ltr'><strong>le</strong></span> <span class='ocrx_word' id='word_1_341' title='bbox 498 4707 627 4781; x_wconf 64' lang='lat' dir='ltr'><strong>laisoient¹</strong></span> <span class='ocrx_word' id='word_1_342' title='bbox 637 4709 740 4766; x_wconf 87' lang='lat' dir='ltr'><strong>asseoir</strong></span> <span class='ocrx_word' id='word_1_343' title='bbox 757 4726 805 4766; x_wconf 89' lang='lat' dir='ltr'><strong>sur</strong></span> <span class='ocrx_word' id='word_1_344' title='bbox 819 4725 873 4765; x_wconf 93' lang='lat' dir='ltr'><strong>une</strong></span> <span class='ocrx_word' id='word_1_345' title='bbox 889 4708 981 4766; x_wconf 85' lang='lat' dir='ltr'><strong>choise</strong></span> <span class='ocrx_word' id='word_1_346' title='bbox 993 4709 1027 4766; x_wconf 92' lang='lat' dir='ltr'><strong>de</strong></span> <span class='ocrx_word' id='word_1_347' title='bbox 1046 4711 1151 4766; x_wconf 88' lang='lat' dir='ltr'><strong>marbra</strong></span> <span class='ocrx_word' id='word_1_348' title='bbox 1172 4710 1283 4784; x_wconf 80' lang='lat' dir='ltr'><strong>appelte</strong></span> <span class='ocrx_word' id='word_1_349' title='bbox 1307 4717 1375 4766; x_wconf 89' lang='lat' dir='ltr'><strong>ster·</strong></span> 
     </span>
     <span class='ocr_line' id='line_1_39' title="bbox 63 4795 1375 4876; baseline 0.005 -27"><span class='ocrx_word' id='word_1_350' title='bbox 63 4795 156 4876; x_wconf 71' lang='lat' dir='ltr'><strong>corrice,</strong></span> <span class='ocrx_word' id='word_1_351' title='bbox 172 4797 210 4853; x_wconf 91' lang='lat' dir='ltr'><strong>les</strong></span> <span class='ocrx_word' id='word_1_352' title='bbox 223 4797 375 4856; x_wconf 86' lang='lat' dir='ltr'><strong>cardinaux</strong></span> <span class='ocrx_word' id='word_1_353' title='bbox 393 4799 522 4856; x_wconf 86' lang='lat' dir='ltr'><strong>venaient</strong></span> <span class='ocrx_word' id='word_1_354' title='bbox 536 4798 642 4856; x_wconf 86' lang='lat' dir='ltr'><strong>ensuite</strong></span> <span class='ocrx_word' id='word_1_355' title='bbox 658 4799 682 4855; x_wconf 91' lang='lat' dir='ltr'><strong>le</strong></span> <span class='ocrx_word' id='word_1_356' title='bbox 697 4799 810 4870; x_wconf 86' lang='lat' dir='ltr'><strong>relever,</strong></span> <span class='ocrx_word' id='word_1_357' title='bbox 827 4815 860 4855; x_wconf 88' lang='lat' dir='ltr'><strong>en</strong></span> <span class='ocrx_word' id='word_1_358' title='bbox 877 4799 1010 4856; x_wconf 86' lang='lat' dir='ltr'><strong>chantant</strong></span> <span class='ocrx_word' id='word_1_359' title='bbox 1023 4800 1048 4855; x_wconf 92' lang='lat' dir='ltr'><strong>le</strong></span> <span class='ocrx_word' id='word_1_360' title='bbox 1065 4806 1177 4856; x_wconf 84' lang='lat' dir='ltr'><strong>verset:</strong></span> <span class='ocrx_word' id='word_1_361' title='bbox 1191 4800 1321 4858; x_wconf 76' lang='lat' dir='ltr'><strong>Suscitat</strong></span> <span class='ocrx_word' id='word_1_362' title='bbox 1339 4803 1375 4856; x_wconf 85' lang='lat' dir='ltr'><strong>de</strong></span> 
     </span>
     <span class='ocr_line' id='line_1_40' title="bbox 61 4884 1374 4964; baseline 0.008 -30"><span class='ocrx_word' id='word_1_363' title='bbox 61 4884 161 4949; x_wconf 79' lang='lat' dir='ltr'><strong>pulvere</strong></span> <span class='ocrx_word' id='word_1_364' title='bbox 170 4904 293 4956; x_wconf 74' lang='lat' dir='ltr'><strong>cycnum</strong></span> <span class='ocrx_word' id='word_1_365' title='bbox 302 4897 328 4942; x_wconf 82' lang='lat' dir='ltr'><strong>et</strong></span> <span class='ocrx_word' id='word_1_366' title='bbox 338 4890 373 4942; x_wconf 88' lang='lat' dir='ltr'><strong>de</strong></span> <span class='ocrx_word' id='word_1_367' title='bbox 382 4897 504 4944; x_wconf 71' lang='lat' dir='ltr'><strong>stercore</strong></span> <span class='ocrx_word' id='word_1_368' title='bbox 515 4892 601 4960; x_wconf 75' lang='lat' dir='ltr'><strong>eripit</strong></span> <span class='ocrx_word' id='word_1_369' title='bbox 608 4906 766 4960; x_wconf 83' lang='lat' dir='ltr'><strong>pauperem</strong></span> <span class='ocrx_word' id='word_1_370' title='bbox 778 4898 811 4943; x_wconf 84' lang='lat' dir='ltr'><strong>ut</strong></span> <span class='ocrx_word' id='word_1_371' title='bbox 820 4891 927 4958; x_wconf 85' lang='lat' dir='ltr'><strong>sedeat,</strong></span> <span class='ocrx_word' id='word_1_372' title='bbox 938 4893 990 4946; x_wconf 86' lang='lat' dir='ltr'><strong>etc.</strong></span> <span class='ocrx_word' id='word_1_373' title='bbox 1000 4888 1081 4964; x_wconf 83' lang='lat' dir='ltr'><strong>(Voy.</strong></span> <span class='ocrx_word' id='word_1_374' title='bbox 1090 4889 1229 4960; x_wconf 85' lang='lat' dir='ltr'><strong>Mabillon,</strong></span> <span class='ocrx_word' id='word_1_375' title='bbox 1239 4891 1374 4946; x_wconf 78' lang='lat' dir='ltr'><strong>Murcum</strong></span> 
     </span>
     <span class='ocr_line' id='line_1_41' title="bbox 63 4972 1375 5056; baseline 0.007 -31"><span class='ocrx_word' id='word_1_376' title='bbox 63 4972 193 5046; x_wconf 81' lang='lat' dir='ltr'><strong>italicum,</strong></span> <span class='ocrx_word' id='word_1_377' title='bbox 206 4985 228 5034; x_wconf 86' lang='lat' dir='ltr'><strong>t.</strong></span> <span class='ocrx_word' id='word_1_378' title='bbox 243 4979 279 5050; x_wconf 92' lang='lat' dir='ltr'><strong>ll,</strong></span> <span class='ocrx_word' id='word_1_379' title='bbox 296 4997 323 5052; x_wconf 88' lang='lat' dir='ltr'><strong>p.</strong></span> <span class='ocrx_word' id='word_1_380' title='bbox 342 4981 406 5050; x_wconf 75' lang='grc'>211,</span> <span class='ocrx_word' id='word_1_381' title='bbox 424 4979 496 5036; x_wconf 90' lang='lat' dir='ltr'><strong>Ordo</strong></span> <span class='ocrx_word' id='word_1_382' title='bbox 513 4981 690 5039; x_wconf 85' lang='lat' dir='ltr'><strong>Romanus...</strong></span> <span class='ocrx_word' id='word_1_383' title='bbox 708 4987 819 5038; x_wconf 86' lang='lat' dir='ltr'><strong>auctore</strong></span> <span class='ocrx_word' id='word_1_384' title='bbox 838 4979 948 5038; x_wconf 85' lang='lat' dir='ltr'><strong>Cencio.</strong></span> <span class='ocrx_word' id='word_1_385' title='bbox 963 5011 997 5021; x_wconf 97' lang='lat'>-</span> <span class='ocrx_word' id='word_1_386' title='bbox 1014 4979 1054 5036; x_wconf 89' lang='lat' dir='ltr'><strong>De</strong></span> <span class='ocrx_word' id='word_1_387' title='bbox 1073 4979 1232 5056; x_wconf 81' lang='lat' dir='ltr'><strong>Brequigny</strong></span> <span class='ocrx_word' id='word_1_388' title='bbox 1252 4981 1332 5054; x_wconf 84' lang='lat' dir='ltr'><strong>(Not.</strong></span> <span class='ocrx_word' id='word_1_389' title='bbox 1349 4991 1375 5035; x_wconf 84' lang='lat' dir='ltr'><strong>et</strong></span> 
     </span>
     <span class='ocr_line' id='line_1_42' title="bbox 62 5060 1374 5145; baseline 0.005 -25"><span class='ocrx_word' id='word_1_390' title='bbox 62 5060 128 5133; x_wconf 73' lang='lat' dir='ltr'><strong>Eut,</strong></span> <span class='ocrx_word' id='word_1_391' title='bbox 140 5073 160 5122; x_wconf 88' lang='lat' dir='ltr'><strong>l.</strong></span> <span class='ocrx_word' id='word_1_392' title='bbox 171 5068 193 5137; x_wconf 93' lang='lat' dir='ltr'><strong>l,</strong></span> <span class='ocrx_word' id='word_1_393' title='bbox 208 5085 237 5141; x_wconf 92' lang='lat' dir='ltr'><strong>p.</strong></span> <span class='ocrx_word' id='word_1_394' title='bbox 252 5069 286 5123; x_wconf 82' lang='lat'><strong>79</strong></span> <span class='ocrx_word' id='word_1_395' title='bbox 299 5075 325 5125; x_wconf 91' lang='lat' dir='ltr'><strong>et</strong></span> <span class='ocrx_word' id='word_1_396' title='bbox 338 5069 504 5126; x_wconf 85' lang='lat' dir='ltr'><strong>80.-Mus.</strong></span> <span class='ocrx_word' id='word_1_397' title='bbox 520 5071 602 5142; x_wconf 77' lang='lat' dir='ltr'><strong>Ital,</strong></span> <span class='ocrx_word' id='word_1_398' title='bbox 616 5078 636 5128; x_wconf 89' lang='lat' dir='ltr'><strong>l.</strong></span> <span class='ocrx_word' id='word_1_399' title='bbox 650 5071 685 5140; x_wconf 87' lang='lat' dir='ltr'><strong>ll,</strong></span> <span class='ocrx_word' id='word_1_400' title='bbox 701 5089 728 5145; x_wconf 90' lang='lat' dir='ltr'><strong>p.</strong></span> <span class='ocrx_word' id='word_1_401' title='bbox 738 5089 800 5127; x_wconf 83' lang='lat' dir='ltr'><strong>curu</strong></span> <span class='ocrx_word' id='word_1_402' title='bbox 811 5078 837 5128; x_wconf 89' lang='lat' dir='ltr'><strong>el</strong></span> <span class='ocrx_word' id='word_1_403' title='bbox 851 5088 934 5126; x_wconf 81' lang='lat' dir='ltr'><strong>cxxu.</strong></span> <span class='ocrx_word' id='word_1_404' title='bbox 945 5071 1044 5124; x_wconf 84' lang='lat' dir='ltr'><strong>—Not</strong></span> <span class='ocrx_word' id='word_1_405' title='bbox 1068 5069 1186 5127; x_wconf 78' lang='lat' dir='ltr'><strong>etllctr.</strong></span> <span class='ocrx_word' id='word_1_406' title='bbox 1198 5073 1248 5128; x_wconf 80' lang='lat' dir='ltr'><strong>des</strong></span> <span class='ocrx_word' id='word_1_407' title='bbox 1260 5088 1329 5126; x_wconf 78' lang='lat' dir='ltr'><strong>mas.</strong></span> <span class='ocrx_word' id='word_1_408' title='bbox 1340 5071 1374 5126; x_wconf 83' lang='lat' dir='ltr'><strong>dc</strong></span> 
     </span>
     <span class='ocr_line' id='line_1_43' title="bbox 62 5149 1371 5235; baseline 0.003 -24"><span class='ocrx_word' id='word_1_409' title='bbox 62 5149 84 5204; x_wconf 78' lang='lat' dir='ltr'><strong>ta</strong></span> <span class='ocrx_word' id='word_1_410' title='bbox 96 5153 153 5214; x_wconf 76' lang='lat' dir='ltr'><strong>bibl.</strong></span> <span class='ocrx_word' id='word_1_411' title='bbox 167 5161 208 5214; x_wconf 83' lang='lat' dir='ltr'><strong>du</strong></span> <span class='ocrx_word' id='word_1_412' title='bbox 223 5160 284 5224; x_wconf 80' lang='lat' dir='ltr'><strong>lici,</strong></span> <span class='ocrx_word' id='word_1_413' title='bbox 293 5167 313 5218; x_wconf 93' lang='lat' dir='ltr'><strong>t.</strong></span> <span class='ocrx_word' id='word_1_414' title='bbox 326 5161 361 5230; x_wconf 92' lang='lat' dir='ltr'><strong>ll,</strong></span> <span class='ocrx_word' id='word_1_415' title='bbox 377 5179 405 5235; x_wconf 91' lang='lat' dir='ltr'><strong>p.</strong></span> <span class='ocrx_word' id='word_1_416' title='bbox 417 5162 481 5220; x_wconf 84' lang='lat'><strong>580.</strong></span> <span class='ocrx_word' id='word_1_417' title='bbox 493 5193 529 5206; x_wconf 92' lang='lat'><em>-</em></span> <span class='ocrx_word' id='word_1_418' title='bbox 539 5160 863 5231; x_wconf 87' lang='lat' dir='ltr'><strong>FioravantaMartinelli,</strong></span> <span class='ocrx_word' id='word_1_419' title='bbox 880 5161 971 5218; x_wconf 78' lang='lat' dir='ltr'><strong>noma</strong></span> <span class='ocrx_word' id='word_1_420' title='bbox 985 5161 1148 5232; x_wconf 80' lang='lat' dir='ltr'><strong>Ricareoto,</strong></span> <span class='ocrx_word' id='word_1_421' title='bbox 1159 5159 1283 5230; x_wconf 86' lang='lat' dir='ltr'><strong>Venetia,</strong></span> <span class='ocrx_word' id='word_1_422' title='bbox 1294 5161 1371 5233; x_wconf 76' lang='lat'><strong>1571,</strong></span> 
     </span>
    </p>
   </div>
   <div class='ocr_carea' id='block_1_4' title="bbox 0 0 1752 6055">
    <p class='ocr_par' dir='ltr' id='par_1_14' title="bbox 0 0 1752 6055">
     <span class='ocr_line' id='line_1_44' title="bbox 0 0 1752 6055; baseline 0 0"><span class='ocrx_word' id='word_1_423' title='bbox 0 0 1752 6055; x_wconf 95' lang='lat' dir='ltr'><strong> </strong></span> 
     </span>
    </p>
   </div>
  </div>
 </body>
</html>
