3424 6038
58 479 162 542 ttmrier
176 477 245 541 teus]
371 476 498 534 RERUM
523 475 749 535 URBANAHUM
774 475 1035 536 COMMENTARN.
1322 480 1377 535 285

57 631 141 705 tione
154 656 218 705 sna
232 632 279 706 dc
295 631 446 706 Francia
462 632 627 706 rediisset
641 632 677 706 in
695 653 790 722 saro,
803 632 924 730 plures
939 631 1065 706 RRmi.
1080 634 1154 707 llll.
1172 631 1373 706 cardinales

55 759 159 854 ipsum
180 758 227 830 ab
244 763 346 832 extra
361 781 474 855 usque
491 757 536 832 ad
550 763 712 832 sanctam
727 756 879 831 Narium
894 757 939 832 de
956 757 1091 855 Populo
1108 759 1370 832 conduxerunt.

56 883 154 970 idem,
173 888 211 957 ut
227 883 387 958 intellexi
403 883 447 958 de
463 883 625 981 pluribus
641 883 732 974 aliis,
755 883 920 957 videlicet
936 888 1099 980 tempore
1124 883 1176 957 Pii
1206 883 1368 972 secundi,

54 1009 82 1080 in
94 1008 245 1082 adventu
260 1008 507 1084 atrebatensis
523 1015 559 1082 et
579 1009 623 1083 de
644 1009 804 1098 Libreto,
826 1009 889 1105 qui
906 1008 1013 1082 simul
1028 1031 1073 1084 cx
1093 1008 1244 1083 Francia
1264 1033 1372 1084 vene-

53 1142 136 1222 runt,
152 1141 200 1225 et,
224 1140 266 1208 ut
286 1157 413 1210 omnes
429 1158 534 1232 reges
556 1134 718 1224 Francia,
746 1131 947 1232 in'publica
969 1133 1050 1208 aula
1069 1138 1166 1208 retro
1190 1135 1371 1208 banchum

52 1257 337 1356 presbyterorum
366 1257 598 1333 cardinalium
627 1264 764 1334 stantes
790 1257 827 1332 in
857 1257 1001 1356 publico
1030 1257 1259 1350 consistens,
1291 1281 1374 1334 ora-

51 1382 174 1456 ticnem
195 1382 405 1458 habuerunt
427 1389 463 1457 et
485 1382 706 1480 pragmatico
727 1382 902 1458 sanctioni
924 1382 1201 1474 renunciarunt;
1226 1383 1371 1476 deinde,

51 1514 155 1582 stante
171 1509 405 1600 consistorio,
431 1533 453 1584 a
477 1508 615 1606 pretato
632 1509 694 1583 Pio
709 1507 829 1607 pileati
846 1509 1009 1598 luerunt3
1038 1509 1135 1584 idem
1160 1509 1197 1582 in
1219 1510 1374 1584 adventu

49 1633 309 1708 constantiensi
332 1659 376 1712 ex
399 1634 536 1709 eisdem
558 1634 719 1733 partibus
744 1633 810 1708 tuit
830 1635 1058 1710 observatum
1083 1642 1120 1709 at
1143 1635 1188 1710 de
1212 1635 1375 1734 pluribus

50 1759 130 1850 aliis,
143 1759 256 1833 etiam
273 1767 438 1858 tempore
456 1759 592 1836 Nicolai
610 1759 738 1856 quinti,
753 1769 859 1858 prout
874 1765 915 1836 R.
936 1764 977 1834 Ι).
1002 1759 1192 1836 cardinalis
1216 1784 1245 1834 s.
1263 1760 1374 1834 Marci

50 1883 142 1957 uobis
155 1885 294 1958 retulit.

92 2009 230 2094 Quibus
255 2033 319 2108 per
347 2013 412 2086 SS.
442 2014 484 2084 Ι).
509 2014 552 2086 N.
576 2011 782 2104 intellectis,
808 2010 945 2110 placuit
963 2010 1149 2086 Sanctitati
1179 2033 1257 2102 sue,
1278 2007 1376 2107 quod

49 2132 151 2228 prime
168 2141 206 2210 et
223 2137 370 2234 antique
386 2137 592 2214 ceremonia
608 2139 885 2214 observarentur
902 2165 909 2210 :
927 2135 1037 2211 voluit
1054 2141 1173 2210 tamen
1191 2134 1372 2210 Sanctitas

51 2283 106 2334 sua
119 2263 217 2358 qnod
233 2269 393 2337 mentem
411 2287 514 2338 suam
534 2262 571 2338 in
583 2261 769 2362 premissis
790 2261 933 2336 RRmis.
950 2260 1259 2351 vicecancellario,
1279 2262 1374 2334 Nea·
1422 2267 1424 2272 '

50 2385 212 2481 politano,
232 2411 262 2462 s,
289 2388 414 2480 Marci,
438 2389 700 2488 Andagavensi,
721 2387 993 2464 Mediolanensi.
1015 2385 1249 2462 Ulixbononsi
1273 2390 1309 2459 et
1329 2385 1374 2460 de

52 2509 191 2588 Sabellis
203 2513 446 2588 cardinalibus
462 2513 748 2612 significaremus
763 2519 798 2587 et
814 2535 941 2587 eorum
957 2511 1173 2586 sententiam
1186 2509 1374 2584 Sanctitati

53 2661 106 2710 sue
120 2638 252 2715 deinde
269 2640 500 2715 referremus.
518 2640 771 2737 Placuitigitur
789 2637 956 2713 omnibus
969 2637 1114 2735 prelatis
1132 2636 1275 2710 RRmis.
1295 2639 1371 2710 Ι)Ι).

53 2769 123 2836 octo
138 2765 382 2841 cardinalibus
398 2769 461 2840 SS.
481 2769 524 2840 Ι).
543 2770 586 2841 N.
606 2789 698 2864 pape
717 2764 942 2854 deliberatio,
960 2787 1070 2861 quam
1087 2767 1123 2836 et
1138 2767 1376 2860 acceptarunt

53 2893 83 2960 et
97 2891 281 2964 Sanctitati
304 2916 382 2983 sue,
408 2897 599 2990 propterea
621 2891 718 2988 quod
736 2890 943 2988 hujusmodi
965 2889 1017 2964 rei
1043 2911 1167 2962 curam
1188 2887 1371 2978 habuerit,

54 3013 174 3106 gratias
187 3022 357 3113 egerunt.
375 3015 518 3114 Adjeoit
531 3022 653 3091 tamen
666 3020 790 3090 Rmus.
803 3017 878 3088 Ι)Ι).
897 3013 1086 3088 cardinalis
1102 3010 1372 3110 studegavensis

55 3135 137 3212 dicto
152 3165 217 3215 sno
236 3141 333 3238 quod
349 3142 385 3214 in
399 3141 507 3239 pleno
523 3141 740 3217 consistorio
765 3140 1004 3216 deliberatum
1032 3137 1157 3212 luisset
1177 3137 1295 3234 ipsum
1311 3159 1371 3208 so-

56 3258 132 3353 lum,
147 3269 332 3362 umquam
344 3265 621 3364 compatriotam
634 3266 761 3364 prelati
778 3263 969 3341 cardinalis
980 3263 1025 3340 de
1037 3268 1148 3356 Fuxo,
1163 3262 1304 3338 obviam
1318 3261 1371 3336 ire

55 3384 192 3482 debere,
211 3397 404 3490 propterea
417 3391 540 3468 mirari
555 3390 823 3467 sanctissimum
839 3395 881 3466 Ι).
900 3394 942 3464 N.
963 3393 1013 3466 ita
1027 3389 1071 3464 de
1088 3389 1182 3464 sacili
1198 3389 1372 3464 delibera-

57 3509 178 3589 tionem
193 3516 483 3593 consistorialem
499 3541 668 3593 revccare
685 3523 720 3592 et
739 3517 809 3593 alia
823 3518 939 3616 plura.

96 3639 204 3736 lgitur
217 3641 262 3716 de
281 3643 454 3718 mandato
472 3645 532 3720 SS.
549 3648 592 3718 Ι).
611 3647 651 3719 Ν.
667 3643 871 3719 intimatum
882 3643 946 3718 luit
962 3643 1111 3742 singulis
1127 3641 1271 3716 RRmis.
1291 3643 1367 3716 llll.

56 3764 283 3842 cardinalibus
294 3792 359 3866 per
369 3793 537 3844 cursores
554 3769 612 3844 dio
625 3769 820 3861 dominica,
834 3775 879 3844 ΙΙ
893 3769 1027 3844 mensis
1032 3769 1186 3868 januarii
1201 3767 1368 3867 predicti,

55 3891 266 3982 quodnullus
282 3917 410 3970 eorum
425 3895 481 3970 vel
491 3895 659 3970 vadatvel
670 3917 771 3970 suam
787 3895 956 3970 samiliem
973 3895 1092 3970 mittat
1107 3893 1247 3970 obviam
1261 3899 1364 3968 Rmo.

56 4013 91 4084 ll.
106 4019 272 4093 cardinali
288 4019 333 4094 de
349 4025 462 4112 Fuso,
482 4021 543 4095 illo
569 4043 650 4098 sero
664 4021 827 4097 veniente
843 4021 889 4096 ad
902 4020 1101 4096 claustrum
1117 4025 1239 4096 sanote
1256 4019 1367 4092 llarie

55 4135 91 4210 de
103 4143 248 4242 Populo,
266 4145 348 4242 quia
363 4152 418 4221 est
436 4152 562 4222 contra
585 4147 749 4244 antiquas
769 4155 806 4221 et
820 4146 934 4221 bonas
955 4145 1200 4234 ceremonias;
1219 4143 1284 4218 sed
1308 4166 1365 4218 se-

56 4268 163 4358 quenti
176 4269 250 4358 die,
267 4268 364 4345 bono
389 4294 496 4346 mane
517 4271 651 4347 vadant
666 4295 793 4348 omues
808 4271 854 4346 ad
870 4272 1006 4346 dictum
1026 4269 1363 4344 claustrum-sancte

57 4389 151 4466 llario
166 4395 210 4469 do
226 4395 363 4492 Populo
385 4403 422 4471 et
440 4397 489 4471 ibi
503 4397 679 4495 recipiant
692 4397 897 4496 predictum
911 4401 1054 4472 Rmum.
1076 4395 1119 4469 1).
1143 4393 1364 4469 cardinalem

58 4511 93 4587 de
107 4518 196 4592 Fuso
217 4526 254 4595 et
276 4517 457 4596 deducunt
475 4523 521 4596 ad
535 4522 790 4598 consistorium
809 4524 1009 4623 publicum,
1029 4529 1068 4597 ut
1086 4521 1196 4596 moris
1220 4527 1288 4594 est.

95 4641 221 4720 Eadem
249 4645 321 4738 die,
350 4644 546 4740 dominica,
576 4653 619 4724 ΙΙ
638 4649 807 4748 januarii,
828 4651 921 4726 hora
942 4673 1060 4740 xxnn,
1082 4649 1135 4724 vel
1151 4648 1261 4739 circa,
1279 4672 1362 4744 pre-

55 4761 129 4842 latus
154 4775 278 4845 ltmus.
310 4775 352 4844 Ι).
372 4773 563 4848 cardinalis
592 4776 636 4850 de
666 4779 764 4850 Fuxo
794 4775 935 4850 intravit
969 4777 1102 4850 Urbem
1127 4773 1163 4847 iu
1190 4797 1305 4871 cappa
1328 4781 1364 4848 et

54 4895 173 4986 capello
196 4895 481 4972 cardinalaribus
501 4921 566 4997 per
593 4908 735 4998 portam
759 4907 882 4975 sancte
902 4901 1014 4976 Mario
1038 4901 1082 4974 de
1102 4899 1238 4998 Populo
1258 4905 1294 4972 et
1313 4898 1362 4972 ibi

55 5011 221 5096 descendit
240 5022 287 5096 ad
307 5023 438 5120 gradus
465 5031 548 5098 anta
569 5025 778 5116 ccclesiam3
805 5025 947 5100 intravit
974 5025 1092 5124 primo
1115 5025 1308 5100 ecclesiam
1327 5031 1363 5098 et

55 5147 248 5233 genuflexus
268 5155 352 5225 ante
368 5149 480 5227 altare
495 5151 622 5243 oravit,
640 5151 770 5228 deinde
785 5151 966 5228 osculatus
981 5157 1036 5228 est
1050 5151 1162 5227 altare
1182 5157 1219 5226 ct
1235 5148 1361 5224 obtulit
