3422 6034
298 443 351 500 358
757 436 933 495 voulruus
957 433 1179 508 succusani,
1475 437 1542 506 {run
1556 439 1617 510 rur]

300 597 365 672 sod
379 619 463 670 cum
482 600 606 670 nostra
619 593 764 690 incepta
776 597 885 682 esset,
904 590 953 664 illi
974 592 1084 667 etiam
1100 591 1309 668 immediate
1327 599 1411 668 ante
1428 615 1496 667 nos
1510 593 1616 669 inces—

301 728 425 798 serunt
441 728 477 796 et
498 745 564 795 nos
580 717 843 817 impediverunt
861 743 869 792 :
885 718 991 816 pauci
1008 724 1129 794 tamen
1145 720 1399 796 conventuales
1418 727 1456 794 et
1471 741 1516 793 ex
1532 720 1615 794 clero

302 848 554 922 interfuerunt.
578 844 703 918 RRmi.
726 847 802 918 DD.
824 843 1025 918 cardinales
1041 843 1298 942 Neapolitanus
1319 850 1354 919 et
1373 844 1419 920 de
1438 842 1617 918 Comitibus
1696 825 1697 920 l

304 998 376 1048 non
413 973 654 1048 iuterfuerunt
681 970 906 1070 processioni
933 970 998 1044 sed
1029 971 1066 1044 iu
1090 971 1213 1069 cappis
1235 971 1308 1044 suis
1338 975 1571 1068 expectaruut
1590 971 1618 1042 iu

303 1100 416 1175 choro
434 1097 579 1173 basilice
595 1095 756 1194 predicte
773 1095 966 1168 adveutum
985 1094 1228 1192 processionis
1244 1100 1280 1170 et
1295 1095 1527 1171 sacrementi.
1546 1099 1620 1169 Cum
1696 1101 1697 1192 t

303 1231 429 1301 Rmus.
460 1227 501 1300 u.
530 1223 720 1298 cardinalis
746 1245 775 1293 s.
801 1219 990 1296 Anastasia
1014 1219 1239 1320 pervenisset
1262 1227 1346 1296 ante
1363 1221 1480 1298 altare
1507 1222 1619 1320 majus,

303 1348 470 1446 deposuit
489 1369 598 1445 super
622 1345 710 1420 illud
734 1353 1002 1421 sacramentum
1027 1347 1125 1444 quod
1143 1369 1188 1422 ex
1209 1347 1377 1422 manibus
1397 1348 1475 1422 suis
1498 1348 1622 1446 accepit
1696 1333 1697 1424 l

304 1473 466 1550 sacrista.
495 1475 585 1546 Cum
611 1471 719 1544 mitra
742 1471 914 1568 imposuit
939 1471 1130 1546 incensum
1152 1477 1201 1562 et,
1225 1474 1390 1572 deposita
1418 1474 1495 1564 illa,
1525 1498 1625 1572 geuu-

303 1601 419 1675 tlexus
450 1602 719 1674 sacramentum
759 1596 971 1671 incensavit.
1008 1598 1171 1672 Accessit
1200 1598 1330 1674 deinde
1359 1600 1440 1676 siue
1466 1598 1568 1674 mitra
1588 1597 1625 1672 ed

304 1723 544 1801 faldistorium
559 1723 634 1813 ubi,
653 1722 802 1798 dimisso
818 1722 975 1821 pluviali,
993 1724 1132 1822 accepit
1154 1725 1373 1817 tunicellam,
1390 1725 1624 1814 dalmaticam,

306 1851 549 1941 chirothecae,
567 1849 743 1940 casulam,
760 1849 906 1924 mitram
923 1856 958 1923 et
973 1850 1120 1924 anulum
1134 1876 1142 1943 ;
1161 1858 1197 1926 et
1212 1851 1359 1926 obtenta
1370 1877 1440 1950 per
1455 1875 1515 1926 me
1530 1875 1550 1926 a
1564 1875 1627 1925 car·

303 1977 484 2052 dinalibus
505 1975 664 2067 boeotia,
691 1974 847 2049 accessit
872 1975 919 2050 ad
945 1976 1071 2068 altare,
1100 1977 1185 2051 tecit
1209 1978 1504 2069 contessionem
1523 1975 1627 2052 atalia

307 2125 409 2178 more
437 2107 612 2177 consueto
636 2127 643 2173 :
666 2123 740 2176 non
774 2099 840 2174 luit
868 2125 1002 2176 sermo.
1035 2106 1075 2176 ln
1104 2103 1190 2196 fine,
1226 2105 1422 2203 publicavit
1454 2102 1627 2178 celebrans

307 2227 569 2326 indulgentiam
597 2233 739 2324 septem
772 2250 952 2301 annorum
980 2235 1017 2304 et
1045 2229 1197 2305 totidem
1226 2229 1546 2328 quadragenarum
1575 2251 1629 2326 per

311 2359 445 2454 Papam
469 2351 769 2428 interessentibus
793 2374 1021 2426 concessam.
1054 2356 1093 2427 ln
1117 2354 1366 2454 processione,
1396 2353 1628 2428 subdiaconus

311 2480 449 2581 capelle
465 2477 634 2553 omuibus
658 2477 891 2575 paramentis,
915 2479 1101 2577 manipulo
1120 2482 1282 2580 dempto,
1305 2487 1470 2577 paratus,
1493 2477 1629 2576 portavit

312 2628 472 2694 crucem,
496 2602 654 2700 imagine
675 2603 769 2676 illius
789 2608 873 2678 ante
896 2626 935 2678 se
950 2626 1066 2696 versa,
1084 2607 1224 2680 medius
1245 2607 1340 2684 iuter
1353 2608 1446 2683 duos
1464 2604 1628 2681 cerofera-

309 2733 382 2806 rios
402 2729 608 2828 capellanos
633 2727 848 2803 celebrantis
873 2729 1136 2828 superpelliciis
1155 2731 1313 2808 indutos.

359 2857 463 2930 Faria
488 2861 628 2953 quarta,
656 2859 702 2928 tl
726 2855 862 2931 mensis
883 2855 988 2954 junii,
1019 2857 1153 2932 testum
1190 2859 1383 2936 nativitatis
1408 2887 1439 2936 s.
1469 2864 1629 2938 Johauuir

311 2981 471 3080 Baptista
486 2981 521 3054 in
538 3004 610 3078 quo
625 3003 698 3054 non
713 2980 779 3054 tuit
792 2981 931 3078 capoNa
946 3005 1064 3081 neque
1080 2986 1143 3057 SS.
1163 2986 1205 3057 D.
1221 2988 1264 3060 N.
1283 2985 1390 3060 exivit
1403 2987 1441 3060 in
1457 2989 1628 3086 publicum

310 3106 378 3180 nisi
407 3107 453 3181 ad
477 3114 692 3182 castrum-s.
721 3108 864 3205 Angeli,
899 3109 1023 3183 RRmi.
1056 3112 1132 3185 uo.
1165 3110 1365 3186 cardinales
1401 3117 1479 3188 tam
1502 3113 1576 3187 heri
1598 3113 1626 3184 io

310 3232 469 3332 vesperis
498 3256 606 3332 quam
632 3232 741 3307 hodie
769 3233 806 3308 iu
832 3233 943 3310 missa
970 3233 1212 3312 interfuerunt
1240 3236 1278 3311 in
1301 3237 1452 3314 basilica
1480 3239 1628 3338 ejusden

312 3383 342 3432 s.
358 3358 532 3433 Iohannis
547 3359 814 3433 lateranensis.

361 3483 532 3574 Sabbato‚
552 3487 595 3556 27
612 3483 748 3559 mensis
756 3483 862 3582 junii,
876 3485 1091 3582 magnificus
1107 3486 1274 3561 Nicotaus
1290 3489 1456 3580 Ursinus,
1475 3489 1627 3580 Pitibani,

312 3613 431 3684 Suana
447 3607 483 3683 et
499 3609 587 3684 Nole
605 3633 742 3702 comes,
761 3610 901 3684 tuturus
918 3610 1127 3709 capitaneus
1149 3613 1329 3710 generalis
1350 3622 1478 3692 sancte
1494 3637 1626 3690 romano

313 3734 487 3824 Ecclesia,
511 3735 645 3809 Urbem
664 3735 893 3834 ingressurus
915 3759 999 3810 cum
1020 3762 1086 3810 sua
1107 3737 1243 3812 lamilia
1266 3740 1454 3816 dumtaxat
1474 3747 1510 3816 et
1532 3739 1626 3840 parti·

314 3858 494 3932 cularibus
515 3860 653 3952 amiciS,
686 3883 759 3936 nou
784 3867 908 3936 tamen
931 3861 1075 3936 familiis
1101 3863 1351 3954 cardinalium,
1378 3865 1562 3964 ingressus
1583 3873 1626 3941 est

313 4009 379 4084 per
392 3985 598 4059 viridarium
613 3987 735 4084 palatii
747 3987 932 4085 apostolici
944 3989 990 4062 ad
1004 3989 1269 4064 sanctissimum
1280 3991 1470 4068 dominum
1484 4001 1625 4069 nostrum

314 4135 421 4209 aquo
434 4111 591 4209 benigue
608 4119 775 4210 receptus
792 4118 868 4204 est;
890 4113 1021 4188 deinde
1042 4113 1140 4189 idern
1158 4137 1295 4206 comes,
1316 4141 1361 4190 ex
1377 4119 1485 4193 astris
1505 4119 1626 4218 opinio·

195 4289 199 4295 -
313 4261 397 4311 uem
424 4261 549 4312 secum
573 4237 714 4313 habeus
742 4238 839 4338 quod
870 4238 980 4314 hodio
1008 4239 1106 4312 bono
1140 4261 1319 4336 augurum
1353 4243 1457 4340 signo
1489 4241 1624 4338 iusignia

314 4361 561 4458 capitaneatus
580 4369 703 4437 esseut
718 4363 906 4461 capienda,
919 4364 1021 4461 petiit
1033 4371 1068 4440 et
1083 4364 1239 4440 obtinuit
1252 4389 1274 4440 a
1289 4369 1353 4440 SS.
1371 4369 1414 4440 D.
1434 4370 1476 4441 N.
1491 4365 1624 4463 insignia

313 4483 524 4581 hujusmodi
540 4486 608 4559 sibi
623 4487 697 4560 dari
720 4487 791 4562 hoc
814 4488 954 4564 ordine.
978 4489 1232 4564 Sanctissimus
1248 4494 1291 4564 Ι).
1315 4495 1357 4564 Ν.
1378 4491 1415 4564 in
1435 4493 1516 4567 aula
1528 4489 1624 4590 ponti-

315 4607 439 4701 ticum,
480 4617 628 4707 recepto
665 4611 809 4708 pluviali
846 4637 956 4710 supra
984 4615 1113 4688 stolam
1147 4623 1184 4690 et
1220 4617 1424 4708 rochetum,
1461 4612 1622 4692 benedixit

291 4735 422 4835 'ambo
441 4735 581 4818 vexilla,
607 4744 712 4832 prout
734 4737 772 4809 in
798 4739 993 4813 ordinario.
1020 4740 1194 4814 Tunicam
1219 4741 1269 4813 illi
1297 4743 1499 4818 successive
1518 4760 1620 4816 coram

315 4880 353 4930 se
379 4859 569 4953 geuutlexo
593 4861 749 4953 tradidit,
778 4863 901 4938 dicens
922 4871 1029 4962 prout
1046 4865 1082 4937 in
1105 4865 1234 4940 eodem
1254 4867 1346 4941 libro
1367 4869 1574 4956 continetur,
1593 4868 1620 4936 et

315 4982 459 5055 tandem
475 4984 643 5059 baculum
659 4987 725 5061 sub
740 4989 820 5063 altis
837 4989 967 5077 verbiS,
989 4998 1096 5088 prout
1111 4991 1207 5065 iutra
1221 4992 1360 5082 dicam;
1379 4995 1453 5091 qui,
1475 4991 1616 5092 posthoc

315 5107 516 5180 successive
544 5120 703 5210 recepta,
737 5115 917 5188 osculatus
945 5121 1000 5189 est
1022 5117 1153 5214 pedem
1177 5117 1359 5214 pontilicis
1387 5143 1395 5192 :
1422 5143 1492 5214 que
1515 5127 1613 5190 tamen
