3424 6038
78 487 264 554 ll'ffl'lefflssll
404 487 530 543 RERUM
555 486 782 544 unssttunnuu
808 487 1070 546 COMMEN'l'Allll.
1346 501 1396 556 241

76 649 198 741 Campo
224 641 332 716 Flore
353 641 399 715 ad
422 640 594 738 palatium
619 667 648 714 S.
677 640 772 715 Petri
796 663 862 738 pro
884 641 992 738 pallio
1017 642 1174 716 duarum
1197 669 1396 722 cannarum

73 767 170 866 panni
199 767 347 842 celestis
374 766 434 840 vel
456 765 565 857 circa,
592 766 678 840 satis
703 766 765 838 fini
788 791 796 840 :
828 765 912 840 bina
935 768 1010 842 vice
1034 780 1286 863 cucurrerunt,
1310 774 1394 869 quia

73 893 278 991 principium
299 893 407 990 primi
428 918 554 968 cursus
579 917 652 967 non
677 892 742 966 luit
764 893 913 966 honum.
940 895 1090 968 Pallium
1115 895 1242 970 habuit
1269 899 1392 972 asinus

71 1021 247 1117 cujusdam
278 1018 469 1094 Pillicaroli
497 1041 609 1116 prope
637 1018 847 1092 Paradisum
867 1021 1139 1108 commorantis,
1172 1022 1388 1126 senesanna,

72 1145 309 1236 allemanni,
332 1145 417 1241 quia
433 1143 682 1220 secundariae
710 1153 962 1219 cucurrerunt.

112 1269 211 1344 Faria
232 1271 375 1368 quinta,
400 1275 445 1342 Ἡ
467 1269 635 1344 februarii
658 1271 724 1344 luit
746 1271 1031 1368 pulcherrimum
1054 1275 1185 1348 festum
1206 1275 1243 1346 in
1267 1275 1392 1370 agone

70 1421 159 1473 more
179 1419 348 1470 romano.
369 1395 615 1471 Intarluerunt
637 1403 719 1470 octo
747 1399 923 1473 carruche
948 1399 1185 1497 triumphales
1214 1400 1307 1474 benc
1336 1424 1394 1472 or·-

70 1530 140 1596 nate
155 1522 381 1597 diversarum
398 1521 761 1620 representationum.
781 1523 842 1596 llis
856 1524 997 1616 diebus,
1012 1532 1050 1598 ut
1067 1525 1173 1622 vulgo
1190 1525 1389 1615 dicebatur,

69 1647 257 1722 cardinales
294 1673 326 1720 s.
354 1647 512 1745 Georgii,
545 1647 764 1738 Parmensis,
797 1648 974 1724 Columna
1001 1657 1037 1725 et
1060 1650 1236 1724 Ascanius
1258 1650 1394 1747 pluries

69 1773 263 1870 equitarunt
284 1772 429 1864 larvati,
459 1773 652 1870 aliquando
681 1797 808 1848 omnes
831 1775 955 1866 simul,
976 1775 1170 1873 aliquando
1197 1776 1287 1850 alins
1308 1799 1392 1849 cum

68 1899 145 1986 alio;
163 1905 197 1972 et
216 1921 306 1971 cum
330 1897 470 1994 pridem
496 1899 672 1972 Columna
696 1923 779 1974 cum
800 1923 907 1996 equo,
936 1907 1117 2000 utsupra,
1145 1902 1305 1993 caderet,
1331 1901 1390 1974 alii

69 2021 264 2098 traslarrati
287 2023 455 2097 dicuntur
478 2023 697 2098 interfuisse.

109 2149 207 2224 Feria
221 2155 340 2240 sexta,
360 2155 404 2224 23
421 2149 556 2223 mensis
572 2149 743 2224 februarii
757 2159 993 2226 cucurrerunt
1006 2153 1287 2251 postprandium
1299 2152 1389 2228 asini

68 2287 97 2352 ct
117 2277 320 2352 habuerunt
345 2277 506 2375 pallium,
538 2288 577 2352 ut
602 2301 731 2375 supra3
755 2277 884 2352 deinde
912 2286 1149 2353 cucurrerunt
1169 2287 1204 2353 cl
1231 2279 1342 2353 bul'ali
1368 2305 1389 2352 a

69 2408 187 2504 Campo
205 2406 315 2479 Flore
331 2404 376 2478 ad
395 2405 567 2502 palatium
588 2430 615 2478 s.
631 2403 725 2479 Petri
740 2427 806 2501 pro
821 2403 929 2502 pullio
945 2405 1099 2479 duarum
1121 2428 1317 2479 cannarum
1334 2405 1389 2479 vel

68 2530 147 2605 cirea
160 2533 270 2628 panni
298 2531 431 2622 viridis,
448 2531 533 2606 bina
552 2530 628 2606 vice
645 2558 652 2602 :
669 2555 753 2604 nam
768 2531 885 2628 primo
901 2555 1010 2605 cursu
1031 2530 1150 2605 nullus
1167 2555 1231 2606 seu
1248 2531 1389 2606 bulalus

69 2679 120 2730 seu
133 2655 250 2732 bulala
269 2659 368 2733 venit
389 2657 435 2731 ad
449 2657 610 2756 pallium,
634 2657 699 2732 sed
722 2657 868 2754 quidam
884 2665 1097 2734 manserunt
1117 2659 1207 2733 citra
1222 2666 1363 2756 portam
1379 2683 1386 2748 ;

68 2780 116 2854 alii
142 2807 223 2858 cum
247 2784 498 2882 pervenissent
523 2783 568 2855 ad
593 2782 750 2879 plateam
774 2807 802 2856 s.
832 2785 945 2876 Petri,
975 2783 1122 2880 quidam
1149 2789 1388 2858 cucurrerunt

67 2914 306 3008 extraportam
318 2909 498 3001 Viridarii,
517 2908 574 2982 alii
589 2914 844 3005 extraportam
858 2913 1065 3000 Pertusam3
1080 2908 1297 3004 nescioquis
1313 2907 1387 3004 pal·
1456 2942 1464 2960 .

67 3033 140 3108 lium
160 3035 341 3111 habuerit.

109 3159 270 3252 Sabbato,
296 3165 342 3232 ld
365 3159 547 3252 februarii,
570 3162 666 3236 lacta
684 3161 749 3234 luit
774 3162 933 3234 inmane
951 3157 1170 3256 presentatio
1197 3165 1383 3232 taurorum

67 3284 94 3356 in
114 3286 331 3385 Gampidolio
360 3308 462 3360 more
487 3285 605 3376 solito,
632 3293 669 3360 et
691 3285 782 3384 pluit
807 3292 882 3359 tota
910 3285 1077 3360 diacum
1104 3283 1324 3382 precedente
1349 3290 1384 3357 et

68 3419 221 3506 sequente
246 3411 428 3486 noctibus.
1097 3405 1099 3410 ’

106 3537 311 3629 llominica,·
332 3543 376 3613 25
402 3539 536 3612 mensis
558 3535 728 3614 februarii
750 3539 984 3636 carnisprivii,
1006 3538 1072 3611 luit
1096 3535 1382 3634 pulcherrimum

66 3659 121 3735 hac
140 3671 172 3738 et
195 3665 433 3762 sequentibus
449 3665 669 3762 carnisprivii
685 3665 811 3739 diebus
828 3689 835 3738 :
849 3665 952 3762 juxta
966 3670 1130 3737 montem
1151 3662 1269 3736 omnis
1286 3668 1381 3736 terre

67 3799 283 3864 cucurrerunt
311 3791 394 3888 equi
422 3790 565 3865 barbari
588 3815 654 3889 pro
682 3791 790 3887 pallio
816 3788 1077 3868 bruccatiauri
1107 3787 1254 3862 suliulto
1283 3787 1381 3883 quod

65 3911 172 3990 habuit
196 3917 372 3993 barbarus
400 3921 443 3992 D.
475 3917 684 4017 Hieronymi
715 3917 901 4014 Calagrani
929 3916 1139 3990 subdiaconi
1173 3917 1374 4014 apostolici,

66 4041 118 4112 SS.
139 4047 178 4117 ll.
196 4049 238 4120 N.
265 4071 359 4146 pape
384 4045 592 4122 cubicularii
616 4043 759 4119 secreti.
787 4043 924 4118 Deinde
943 4049 1183 4117 cucurrerunt
1213 4042 1294 4139 equi
1310 4065 1376 4138 pro

67 4165 156 4258 pallio
178 4171 220 4245 de
240 4171 372 4247 velluto
388 4169 591 4247 cremosino
606 4169 792 4244 tallattano
812 4167 911 4240 viridi
929 4167 1120 4258 subducto,
1146 4167 1244 4263 quod
1266 4167 1374 4240 hodie

67 4291 166 4368 nullus
179 4297 304 4372 habuit
319 4298 493 4372 barbarus
509 4301 552 4370 D.
572 4293 781 4393 Hieronymi
797 4291 983 4389 Calagrani
1000 4289 1209 4364 subdiaconi
1228 4295 1374 4386 aposto-

66 4413 124 4507 lici,
134 4423 192 4496 SS.
208 4427 250 4496 l).
263 4427 306 4497 N.
318 4445 410 4522 pape
427 4419 637 4499 cubicularii
651 4419 794 4494 secreti.
809 4419 946 4492 Deinde
958 4421 1197 4490 cucurrerunt
1210 4413 1292 4510 equi
1307 4435 1373 4509 pro

67 4541 155 4636 pallio
176 4547 218 4624 de
234 4547 366 4624 velluto
387 4549 590 4625 cremosino
607 4547 792 4622 tallettano
813 4543 915 4618 viridi
935 4541 1125 4630 subducto,
1149 4539 1247 4635 quod
1265 4537 1373 4612 hodie

67 4666 165 4744 nullus
197 4672 338 4766 habuit,
363 4677 448 4772 quia
477 4697 604 4749 cursus
630 4695 704 4745 non
729 4670 795 4743 luit
816 4668 953 4742 bonum
982 4663 1212 4763 principium.
1245 4667 1374 4736 Postea

67 4807 277 4873 cucurrerunt
293 4823 384 4896 equa
401 4822 466 4898 pro
482 4797 589 4898 pallio
613 4797 657 4870 de
676 4794 807 4870 velluto
827 4814 1034 4891 pavonaceo
1055 4788 1240 4862 lallettano
1259 4786 1371 4862 rubeo

69 4921 220 5000 subducto
242 4927 479 5024 quodhabuit
499 4949 593 5024 aqua
617 4921 785 4997 Ludovici
809 4917 972 5009 llatthei,
991 4916 1075 4991 civis
1098 4913 1251 4988 romani.
1277 4918 1370 4988 Tan-

67 5045 133 5126 dem
162 5057 248 5130 tauri
277 5055 400 5145 occisi,
429 5053 550 5150 plures
577 5051 745 5127 hominos
774 5045 947 5122 vulnerati
978 5046 1182 5142 etquidem
1209 5044 1365 5133 mortui;

69 5176 147 5253 nulla
162 5186 273 5258 tamen
294 5181 427 5255 ibidem
443 5179 551 5255 hodic
571 5177 635 5251 luit
654 5174 852 5251 contentio.

183 5341 206 5382 r.
224 5341 242 5382 1.
1115 5367 1118 5374 ,
1190 5315 1223 5370 lo
