3422 6034
93 471 171 542 [svnt
186 467 258 534 litt]
422 466 548 526 RERUM
572 463 802 526 URBANARUM
825 460 1088 526 adunabuntur.
1367 467 1425 524 tut·

92 626 188 702 dieta
203 621 401 699 tractandis
410 615 558 697 'futurus
573 627 664 712 erat,
680 621 789 697 etiam
803 621 1012 720 hujusmodi
1023 641 1231 695 sermonem
1243 619 1424 718 postmis-

91 775 168 826 sam
184 749 320 826 debere
336 747 507 825 ordinari.
526 747 644 824 Finito
660 769 843 836 sermone,
861 749 922 821 SS.
937 751 980 822 l).
998 753 1125 822 noster
1139 745 1238 820 dedit
1252 745 1425 821 benedic-

90 878 228 952 tionem
251 881 463 950 consuetam
486 873 610 948 dicens
629 897 637 946 :
656 871 716 946 Sit
733 897 861 946 nomen
880 879 967 962 etc,
989 879 1025 946 et
1047 872 1239 970 episeopus
1264 873 1324 968 qui
1350 895 1426 946 ser-

89 1025 238 1077 monem
258 1001 394 1075 fecerat
419 999 614 1096 publicavil
634 997 878 1095 indulgentias
900 1021 966 1096 per
984 997 1195 1096 pontificem
1209 1020 1424 1087 concessas;

91 1135 166 1202 tum
190 1123 379 1200 descendit
404 1123 449 1198 de
469 1124 606 1222 pulpito
630 1130 666 1198 et
685 1130 916 1200 recesserunt
938 1145 1079 1198 omnes.
1107 1123 1302 1197 Celebrans
1323 1145 1423 1212 vero,

89 1253 359 1350 quamprimum
379 1249 516 1324 dictum
536 1257 591 1324 est
609 1249 665 1323 Ite
682 1251 789 1323 missa
806 1261 869 1340 est,
887 1249 959 1324 Deo
979 1249 1129 1346 pretias,
1154 1249 1242 1322 dixit
1259 1249 1422 1337 Placeat,

8 1437 13 1450 ,
89 1377 313 1476 mespelium
333 1399 363 1449 s.
378 1373 566 1449 Jodoants.
582 1375 757 1474 Deposuit
771 1381 889 1450 vestes
905 1397 1039 1464 sacras,
1060 1374 1200 1472 aceepit
1216 1397 1367 1472 cappam
1387 1381 1423 1448 et

88 1499 225 1576 resedit
240 1500 336 1576 inter
350 1499 439 1576 alios
455 1500 657 1574 cardinales
677 1501 714 1574 in
733 1501 814 1575 loeo
833 1523 899 1575 suo
919 1523 988 1574 neo
1008 1499 1067 1574 ille
1084 1522 1290 1574 sermonem
1316 1523 1422 1573 suum

88 1629 238 1726 incepit,
263 1652 451 1725 quousque
471 1627 568 1704 idem
591 1628 784 1703 cardinalis
801 1627 989 1703 celebrans
1006 1626 1051 1700 ad
1067 1627 1189 1701 locum
1203 1649 1310 1700 suum
1329 1625 1424 1700 inter
1530 1618 1535 1629 “

88 1755 180 1828 alios
194 1753 396 1828 cardinales
412 1753 593 1829 rediisset.

139 1883 226 1953 Post
245 1877 436 1977 prandium
457 1877 635 1977 ejusdem,
661 1881 723 1952 SS.
751 1883 794 1953 D.
824 1885 949 1954 noster
968 1878 1140 1975 equitavit
1163 1879 1209 1952 ad
1233 1877 1426 1954 ecelesiam

87 2005 199 2079 beate
212 2003 325 2078 Marie
341 2003 387 2078 ad
401 2003 599 2078 Minervam
611 2003 671 2077 ubi
685 2003 924 2101 quadraginta
938 2004 1088 2078 ducatos
1103 2004 1234 2079 obtulit
1247 2027 1314 2102 pro
1326 2002 1428 2100 puel-

86 2129 133 2204 lis
160 2127 373 2204 maritandis
393 2129 558 2204 societati
581 2129 809 2204 annunciate
825 2129 956 2204 deinde
971 2130 1017 2202 ad
1036 2130 1142 2204 beate
1155 2129 1269 2203 Maria
1286 2129 1331 2201 de
1355 2132 1425 2203 Po-

88 2254 197 2352 pulo;
214 2260 293 2328 lum
307 2253 416 2328 rediit
428 2253 474 2328 ad
488 2253 675 2352 palatium,
686 2244 928 2328 cardinalibus
938 2261 1020 2352 post
1032 2277 1178 2330 crucem
1193 2261 1278 2328 ante
1289 2257 1425 2352 Papam

89 2381 339 2476 equitantibus
359 2381 489 2478 quibus
507 2381 758 2478 citrapuntem
772 2380 871 2456 dedit
885 2381 1070 2456 licentiam
1084 2382 1213 2456 domos
1226 2380 1422 2470 redeundi,

91 2511 201 2603 prout
215 2505 351 2580 lactum
367 2513 435 2581 est.
487 2483 489 2489 ¹

142 2630 334 2705 [lominica
350 2631 476 2728 quinta
490 2631 767 2730 quadragesime
783 2655 853 2730 que
870 2631 914 2707 de
929 2633 1098 2731 passione
1114 2633 1258 2724 dicitur,
1278 2639 1322 2708 28
1339 2632 1425 2707 dicti

91 2755 231 2832 mensis
257 2757 391 2846 martii,
420 2763 462 2832 R.
485 2762 524 2832 P.
552 2763 595 2832 D.
625 2757 809 2832 lohannes
838 2757 1028 2856 episcopus
1062 2759 1302 2834 Tornacensis
1331 2759 1428 2834 cele-

92 2883 210 2958 bravit
238 2881 387 2956 missam
409 2882 591 2980 publicam
608 2882 646 2956 in
672 2883 811 2980 capella
829 2883 1004 2981 predicta,
1025 2887 1121 2981 Papa
1141 2892 1325 2981 presente.
1343 2887 1429 2958 Ser-

92 3030 244 3084 monem
271 3006 356 3082 lecit
386 3008 532 3104 quidam
563 3009 675 3082 trater
704 3015 917 3106 procurator
947 3007 1084 3083 ordinis
1105 3031 1291 3084 servorum
1309 3010 1427 3093 ¹beate

92 3133 220 3208 illaria.

141 3257 251 3332 Faria
264 3265 378 3349 sexta,
397 3257 567 3352 aepulis,
585 3256 676 3332 hora
689 3257 785 3333 circa
799 3258 1025 3356 vigesimam,
1042 3283 1105 3358 per
1116 3267 1220 3358 prata
1233 3266 1268 3333 et
1284 3267 1426 3356 portam

91 3381 265 3458 Viridauii
279 3383 376 3458 venit
392 3383 438 3457 ad
453 3383 588 3458 Urbem
605 3383 658 3456 Ill.
679 3387 722 3458 l).
741 3383 857 3458 Guido
873 3384 945 3457 dux
964 3385 1086 3458 Urbini
1103 3409 1185 3458 eum
1202 3384 1347 3458 circiter
1359 3383 1427 3458 du-

91 3507 208 3582 centis
239 3514 275 3582 et
301 3506 563 3604 quinquaginta
590 3505 770 3603 equitibus
795 3513 832 3580 et
857 3506 1111 3596 familiaribus,
1139 3508 1200 3604 qui
1232 3531 1254 3580 a
1281 3507 1428 3580 lamiliis

91 3631 330 3706 cardinalium
361 3639 398 3707 et
421 3635 483 3707 SS.
512 3636 555 3705 D.
585 3634 628 3704 N.
658 3654 700 3703 ac
726 3638 913 3705 oratorum
944 3657 1072 3728 regum
1097 3656 1139 3706 ac
1162 3631 1365 3729 principum
1389 3632 1427 3704 in

93 3757 190 3831 Urbe
205 3757 438 3832 existentium
453 3755 655 3830 honorifice
673 3764 840 3854 receptus
858 3764 926 3846 est,
952 3765 988 3832 et
1012 3759 1108 3832 venit
1130 3758 1175 3830 ad
1195 3757 1308 3855 pedes
1323 3779 1428 3830 sanc-

91 3881 223 3956 tissimi
241 3881 378 3956 domini
402 3881 517 3956 nostri
541 3904 633 3977 pape
656 3880 692 3951 in
715 3881 876 3954 secunda
896 3905 1042 3957 camera
1065 3907 1173 3980 super
1189 3883 1296 3956 lobiis
1320 3905 1429 3978 super

91 4015 234 4105 portam
251 4005 418 4081 introitus
433 4005 556 4103 palatii
581 4005 762 4094 sedentis;
781 4006 841 4102 qui
858 4031 942 4080 eum
964 4007 1009 4080 ad
1029 4007 1145 4104 pedis,
1162 4032 1290 4081 manus
1306 4014 1342 4080 et
1355 4007 1428 4080 oris

92 4131 260 4206 osculum
281 4131 439 4229 benigne
454 4131 605 4228 recepit,
624 4129 758 4205 audivit
779 4138 814 4206 et
839 4132 884 4204 ad
901 4133 1126 4229 propositum
1139 4131 1345 4228 respondit;
1363 4131 1428 4204 de·
1476 4223 1478 4226 Ι

92 4256 178 4330 inde
201 4256 247 4330 ad
263 4257 437 4354 palatium
455 4256 548 4329 Rmi.
568 4261 610 4330 D.
630 4255 821 4328 cardinalis
838 4259 874 4329 S.
893 4257 990 4330 Petri
1008 4257 1053 4330 ad
1067 4256 1233 4344 Vincula,
1245 4257 1349 4354 juxta
1363 4256 1427 4328 ba-

92 4381 234 4456 silicam
249 4381 440 4458 duodecim
456 4381 716 4478 apostolorum,
734 4381 796 4454 ubi
815 4379 1101 4478 hospitatusest,
1119 4381 1330 4469 associatus,
1348 4403 1427 4456 me-

93 4507 174 4580 dius
190 4507 345 4582 interl).
366 4507 574 4581 Mauritium
590 4505 677 4580 Cibo
693 4507 841 4580 tratrem
857 4508 919 4580 SS.
941 4511 983 4579 D.
1002 4509 1045 4579 N.
1062 4530 1155 4604 pape
1173 4529 1194 4579 a
1215 4506 1374 4580 dexteris
1390 4511 1425 4579 et

92 4631 378 4728 gubernatorem
398 4631 504 4706 Urbis
519 4655 541 4704 a
555 4631 723 4720 sinistris,
746 4631 911 4726 equitans
925 4655 933 4721 ;
957 4631 1191 4728 sequentibus
1204 4630 1283 4704 aliis
1298 4630 1425 4704 ordine

93 4764 285 4832 consueto.
313 4755 562 4832 Precedebant
589 4763 709 4831 autem
738 4755 873 4830 familie
900 4755 1151 4846 cardinalium,
1177 4763 1213 4830 et
1235 4755 1272 4828 in
1301 4756 1427 4830 ultimo

92 4883 285 4973 lacuerat,
308 4889 392 4981 post
413 4887 509 4980 Papa
529 4889 565 4955 et
585 4881 686 4954 ducis
709 4881 869 4955 nobilem
889 4879 1075 4972 familiam,
1094 4882 1166 4955 dux
1182 4885 1270 4958 Sore
1287 4880 1429 4956 medius

96 5009 264 5106 equitans
281 5009 377 5082 inter
390 5005 624 5081 Franciscum
642 5007 729 5080 Cibo
748 5007 864 5081 filium
879 5011 976 5104 Pape
991 5031 1012 5079 a
1028 5006 1187 5082 dexteris
1203 5015 1239 5082 et
1259 5007 1429 5081 comitem

1 5142 2 5146 ’
94 5134 296 5208 Antonium
313 5131 463 5209 ¹tratrem
480 5131 712 5228 illegitimum
733 5133 836 5206 ducis
857 5131 982 5207 Urbini
998 5157 1019 5206 a
1038 5132 1215 5224 sinistris3
1238 5155 1337 5230 quus·
1349 5153 1433 5228 pre-

240 5293 266 5332 τ.
287 5293 307 5332 r.
1255 5274 1292 5329 26
