3424 6038
69 473 139 543 [darii
150 469 217 540 litia]
390 471 531 569 anabau
540 465 768 528 URBANARUM
793 465 1055 528 COMMENTAllll.
1332 467 1385 524 299

63 627 103 701 ad
125 627 300 725 capellam
325 634 362 703 et
384 627 468 702 inde
493 597 697 715 redeundo,
724 629 760 697 et
788 623 896 713 beno,
927 621 1010 720 quia
1036 621 1115 720 ipsa
1144 626 1220 698 orat
1244 620 1381 719 primm

63 753 239 826 assistens.
255 752 335 826 atie
349 751 472 826 omnia
487 747 650 826 ordinata
664 755 748 824 snut
762 754 870 847 prout
885 748 922 821 in
942 747 1137 823 ordinario.
1268 751 1270 759 '

105 877 218 950 Finito
234 876 371 966 officio,
389 875 704 952 vicecancellarius
724 873 896 970 depositis
910 873 1007 971 apud
1022 872 1261 946 faldistorium
1278 897 1382 972 para-

62 1001 198 1094 mentis,
216 1009 369 1101 accepta
380 1025 507 1100 cappa,
519 999 671 1076 caudam
682 999 776 1074 illius
786 1006 869 1098 post
884 997 1113 1088 sotrahenle,
1125 997 1187 1072 ivit
1201 998 1246 1072 ad
1260 998 1381 1073 locum

62 1149 160 1198 suum
177 1125 223 1202 ad
237 1126 328 1202 alios
343 1126 543 1202 cardinales
559 1149 642 1200 oum
657 1124 891 1222 replicaretur
902 1123 1123 1220 antiphone:
1142 1129 1222 1220 post
1238 1123 1384 1220 Mopni-

58 1251 150 1348 ficut,
169 1254 266 1349 Papa
278 1253 376 1328 venit
390 1252 434 1326 ad
450 1250 687 1328 faldistorium
702 1250 762 1324 ubi
780 1247 991 1348 genuflexus
1010 1247 1047 1322 in
1059 1248 1133 1323 fine
1148 1248 1235 1324 dixit
1251 1249 1384 1323 oratio-

61 1398 140 1450 nem
153 1375 316 1474 erapicc,
332 1389 412 1470 eta,
429 1383 464 1453 et
479 1376 585 1452 rediit
599 1375 645 1450 ad
658 1353 854 1450 cameram.
873 1376 1088 1450 Sermonem
1104 1373 1189 1448 facil
1205 1377 1245 1451 l).
1258 1373 1383 1449 Hiero-

61 1525 184 1601 nymus
200 1503 346 1578 Scottus
362 1502 546 1593 Senensis,
565 1503 628 1576 SS.
645 1504 688 1576 D.
711 1503 754 1575 N.
770 1521 862 1598 papa
879 1500 1042 1574 scutifer.

106 1627 239 1704 Eadem
253 1627 326 1719 die,
345 1627 442 1702 circa
456 1625 702 1719 finemofficii,
721 1631 821 1700 tanta
833 1624 1061 1723 renitpluvia
1075 1627 1273 1702 vehemens
1287 1625 1382 1724 quod

60 1753 253 1828 cardinales
267 1751 439 1828 nolebant
453 1750 500 1828 od
512 1751 640 1826 domos
655 1751 792 1840 redire;
806 1757 843 1824 et
857 1773 941 1825 cum
953 1749 1245 1849 Papainritasset
1256 1773 1384 1826 omnes

60 1885 91 1952 et
103 1879 169 1976 ipsi
187 1881 376 1952 remanere
393 1877 596 1952 noluissent
615 1877 653 1950 iu
680 1874 830 1974 prandio
849 1899 987 1966 secum,
1012 1875 1110 1952 dedit
1130 1876 1382 1953 eislicentiam

61 2004 145 2076 utin
160 2027 242 2078 sero
258 2003 304 2077 ad
323 2003 516 2078 matutinas
536 2025 610 2078 non
630 2001 800 2076 redirent.
823 2005 1032 2079 Manserunt
1053 2010 1174 2081 autem
1195 2005 1232 2078 in
1250 2005 1382 2102 palatio

60 2129 91 2200 in
117 2151 263 2204 camera
284 2127 482 2226 apostolica
496 2127 621 2202 RRmi.
647 2130 722 2202 oo.
744 2127 976 2220 camerarius,
998 2127 1043 2204 de
1066 2127 1242 2202 Columna
1270 2136 1306 2202 el
1338 2127 1382 2201 de

62 2254 194 2328 Ursinis
207 2253 409 2328 cardinales
425 2259 461 2328 et
472 2253 517 2328 de
530 2252 682 2328 Sabellis
697 2251 732 2326 in
747 2252 929 2327 Paradisio
944 2253 981 2326 in
996 2274 1142 2328 camora
1156 2257 1200 2328 D.
1218 2255 1382 2350 Evange-

61 2379 137 2456 liste
161 2380 205 2455 de
230 2379 351 2454 Sutrio
372 2377 595 2470 cubicrdarii,
618 2377 679 2475 qui
706 2385 861 2475 quatuor
887 2378 1086 2454 cardinales
1117 2379 1153 2452 in
1179 2383 1260 2454 ser'o
1287 2378 1384 2454 circa

62 2505 183 2582 boram
210 2529 271 2580 ιιι
299 2513 475 2582 uenanmt
498 2528 583 2579 cum
608 2507 670 2580 SS.
698 2507 740 2578 D.
761 2507 804 2580 N.
838 2503 885 2578 ad
912 2501 1106 2576 matutinas
1135 2500 1181 2575 ad
1207 2501 1382 2600 capellam

63 2633 232 2728 majorem
261 2637 298 2706 et
320 2629 369 2704 ibi
392 2635 566 2705 steterunt
594 2630 630 2704 in
654 2625 814 2705 scamma
839 2651 903 2702 suo
931 2627 1096 2702 videlicet
1122 2625 1379 2718 diaconorum3

63 2755 185 2831 deinde
211 2780 296 2832 cnm
318 2755 390 2831 fine
415 2755 521 2854 primi
545 2755 712 2830 nocturni
731 2754 887 2830 venisset
914 2757 1039 2828 Rmus.
1067 2755 1109 2826 D.
1134 2751 1326 2826 cardinalis
1350 2775 1380 2824 a.

65 2881 250 2958 Clementis
274 2881 476 2982 presbyter,
501 2880 652 2979 predicti
679 2886 832 2978 quatuor
853 2877 995 2953 diaconi
1024 2882 1200 2952 venerunt
1224 2875 1384 2952 adalind

64 3029 257 3082 scammum
271 3007 438 3082 videlicet
455 3007 709 3106 episcoporum
726 3013 763 3080 et
780 3004 1073 3103 presbyterorum
1097 3001 1331 3078 cardinalium
1347 3009 1383 3076 et

64 3131 106 3204 ibi
121 3140 331 3208 manserunt
349 3155 415 3231 per
438 3138 531 3208 totas
552 3131 745 3208 matutinas
766 3131 804 3204 in
824 3152 950 3228 cappa,
973 3135 1012 3202 ut
1033 3127 1111 3202 heri
1135 3126 1325 3228 presbyter
1347 3133 1383 3200 et

65 3256 214 3357 episcopi
230 3260 454 3336 assistentes.
1142 3247 1147 3254 ’

107 3381 261 3456 Sabbato
276 3387 415 3474 sanolo,
429 3381 548 3480 vigilia
564 3381 717 3473 Pascha,
728 3388 749 3457 5
760 3380 896 3455 mensis
909 3378 1043 3476 aprilis,
1054 3378 1146 3452 hora
1156 3401 1192 3452 xr
1204 3378 1258 3452 vel
1269 3377 1379 3464 circa,

66 3505 122 3578 SS.
144 3509 181 3580 o.
202 3509 250 3582 N.
275 3515 421 3603 paratus
440 3507 587 3598 amictu,
614 3506 708 3597 alba,
728 3505 884 3603 cingulo,
903 3503 1168 3578 stola'violacea
1187 3511 1223 3578 et
1239 3503 1381 3600 plutiali

65 3631 166 3704 rubeo
189 3655 232 3706 ac
257 3631 363 3706 mitra
392 3631 614 3730 simplicibus
637 3633 733 3707 venit
761 3631 806 3706 ad
830 3625 1007 3726 capellam
1038 3629 1226 3726 majorem,
1254 3629 1380 3720 oravit,

63 3756 212 3830 ascendit
234 3757 281 3832 ad
304 3757 447 3834 solium.
472 3761 581 3835 Facta
596 3763 649 3832 est
664 3758 732 3832 sibi
748 3757 949 3832 reverentia
963 3779 984 3831 a
1000 3749 1147 3830 RRmis.
1168 3758 1242 3828 bo.
1269 3755 1382 3828 cardi-

63 3879 204 3972 nalibus,
229 3887 267 3958 ol
289 3881 359 3956 alia
382 3905 484 3957 more
507 3877 613 3958 solito
640 3892 723 3958 sunt
752 3885 951 3958 observata.
971 3886 1096 3956 Rmus.
1124 3883 1166 3956 o.
1189 3879 1380 3956 cardinalis

64 4005 255 4081 Parmensis
281 4006 474 4082 celebravit
505 4007 681 4083 officium.
718 4008 834 4084 Finita
865 4008 1029 4106 epistola,
1062 4010 1104 4081 l).
1139 4001 1380 4105 Hieronymus

63 4129 267 4227 Cdagranus
299 4131 395 4206 sedis
426 4133 625 4230 apostolica
648 4134 902 4226 subdiaconus,
927 4133 1073 4224 amictu,
1092 4132 1196 4222 alba,
1218 4131 1375 4229 cingulo,

63 4256 233 4353 manipulo
249 4264 285 4332 et
306 4257 475 4334 tunicella
493 4258 583 4333 albis
598 4251 758 4358 paratus,
774 4267 874 4334 stans
889 4253 972 4333 aule
988 4257 1212 4356 pontificem,
1237 4279 1378 4332 cunun-

62 4378 154 4454 clarit
167 4381 199 4456 ei
216 4381 389 4479 gandium
404 4405 576 4481 magnum
597 4383 693 4482 qood
708 4391 763 4460 est
782 4383 953 4474 Alleluia3
972 4377 1113 4460 deinde'
1125 4381 1307 4457 osculatus
1323 4388 1379 4457 est

62 4504 178 4597 pedem
205 4513 242 4580 el
263 4507 470 4582 innumera
496 4508 635 4587 abbatis
666 4510 801 4584 dimisit
831 4517 1043 4609 paramenta
1071 4513 1108 4585 et
1142 4509 1378 4606 reassumpsit

62 4647 212 4726 cappam.
237 4633 335 4728 Papa
359 4639 481 4707 autem
515 4621 630 4708 noluil
653 4634 812 4733 incipere
836 4635 1008 4726 Alleluia,
1033 4636 1097 4710 sed
1121 4635 1275 4712 surrexit
1294 4657 1376 4710 cum

62 4751 155 4828 mitra
170 4763 205 4830 el
227 4755 417 4830 celebrans
436 4757 523 4832 dixit
542 4759 701 4832 Alleluia
723 4760 924 4836 successiva
950 4760 1062 4834 tribus
1080 4759 1232 4851 uicibus,
1251 4767 1287 4836 et
1308 4759 1377 4833 alia

61 4887 154 4971 prout
164 4881 199 4953 iu
211 4880 406 4956 ordinario.
425 4885 597 4959 Caulores
614 4885 780 4960 dixerunt
800 4885 968 4959 undecim
988 4887 1198 4984 prophetias
1220 4885 1255 4961 et
1277 4886 1376 4961 cele-

63 4998 155 5077 brans
170 5005 214 5079 ad
228 5005 447 5105 Mapbificot
462 5009 659 5086 incensavit
685 5011 809 5085 altare.
838 5011 967 5086 Omnia
987 5011 1058 5086 alia
1076 5035 1177 5086 more
1200 5018 1376 5088 consueto

65 5131 347 5206 suntabserrata.
624 5131 628 5140 '
661 5129 664 5138 ‘
766 5153 774 5158 ·
803 5155 808 5164 ’
