3424 6038
75 501 147 569 [aar
161 500 231 566 vva]
393 498 518 558 annun
541 497 771 558 uannusnnu
794 495 1057 563 couunurnau.
1157 477 1161 483 '
1337 499 1391 557 aaa

70 677 169 729 unam
184 655 388 730 orationem
403 661 557 747 tantum,
574 653 699 745 Credo,
718 659 755 728 et
769 652 839 727 alia
857 655 965 749 prout
983 650 1021 724 in
1036 647 1232 725 ordinario.
1251 653 1389 726 Conse·
1510 645 1512 648 ’

70 781 170 854 crevit
191 781 279 856 duas
310 780 447 856 hostias
483 787 635 880 quarum
667 779 819 854 alteram
853 782 935 876 post
961 759 1259 852 communionem
1283 798 1387 851 suam

70 904 223 1000 reposuit
246 905 283 978 in
309 905 420 982 calice
449 905 517 1005 pro'
545 905 700 981 crastina
728 903 993 978 reservandam.
1030 900 1181 992 Deinde,
1204 899 1242 973 in
1271 900 1388 998 capite

69 1049 173 1102 cornu
197 1029 351 1128 epistole
375 1035 474 1104 stans
505 1053 630 1105 versus
654 1031 700 1105 ad
728 1029 915 1129 populum,
950 1027 1034 1104 lavit
1059 1051 1201 1102 manus.
1236 1027 1385 1103 Interim

66 1155 247 1230 distribute
262 1165 344 1230 sunt
358 1155 507 1232 candele
533 1160 642 1255 Papa,
668 1155 909 1231 cardinalibus
929 1161 966 1232 et
985 1154 1131 1253 prelatis
1155 1177 1221 1253 per
1245 1155 1386 1230 socium

64 1304 201 1370 mcum;
230 1288 284 1372 et,
312 1280 415 1356 finita
433 1281 562 1372 missa,
594 1289 631 1357 et
663 1281 916 1358 benedictione
944 1304 1011 1380 per
1049 1279 1259 1380 pontificem
1290 1279 1387 1370 data,

65 1406 262 1481 cardinales
283 1414 502 1505 acceperunt
517 1413 729 1506 paramenta
750 1404 951 1506 presbyteri
972 1411 1009 1481 et
1028 1403 1168 1503 prelati.
1195 1403 1389 1480 Celebrabs

67 1533 182 1622 etiam,
210 1531 385 1630 depositis
409 1533 506 1631 apud
531 1533 771 1608 faldistorium
790 1531 902 1606 sacris
923 1529 1095 1622 vestibus,
1113 1528 1252 1626 accepit
1267 1553 1390 1628 snper-

67 1657 254 1754 pellicanm
269 1663 305 1732 et
314 1656 482 1754 pluviale,
494 1662 530 1732 et
542 1657 705 1732 ordinata
718 1663 773 1733 est
783 1656 968 1756 processio
983 1656 1030 1731 ad
1040 1677 1186 1754 parvam
1198 1653 1387 1751 capellam.

67 1781 257 1856 Celebrans
283 1781 416 1857 mansit
442 1781 537 1881 apud
561 1783 673 1857 altare
702 1786 740 1855 nt
757 1781 976 1857 ministraret
1006 1786 1274 1856 sacramentum
1294 1783 1390 1886 Papa

67 1905 122 2001 qui
137 1905 292 2004 portavit
306 1905 406 2000 illud,
429 1913 620 2006 postquam
640 1907 838 1984 incensavit
857 1929 972 2004 usque
990 1906 1036 1981 ad
1054 1929 1198 2005 parvam
1215 1903 1390 2003 capellam

68 2031 129 2106 sub
142 2030 362 2106 baldachino
378 2033 474 2130 quod
488 2039 676 2130 portarunt
692 2033 903 2108 assistentes
919 2035 1033 2130 Pape;
1050 2031 1256 2128 discoperto
1272 2029 1390 2130 capite

67 2165 163 2233 erant
197 2161 296 2255 Papa
330 2164 366 2232 at
402 2181 530 2232 omnes
566 2157 625 2232 alii
657 2157 853 2234 :fimbrias
890 2157 1062 2254 aurifrigii
1097 2155 1260 2254 pluvialis
1292 2158 1387 2253 Papa

68 2289 251 2379 portarunt
280 2281 482 2358 cardinales
520 2283 743 2376 assistentes,
777 2284 929 2359 caudam
962 2303 1045 2357 vero
1080 2281 1242 2379 dispotus
1266 2283 1389 2358 Mores

69 2407 260 2506 imperator
286 2405 695 2505 constantinopolitanus
729 2407 768 2480 in
801 2431 911 2505 parva
938 2405 1077 2504 capella
1104 2405 1212 2504 juxta
1237 2403 1349 2480 altare
1379 2429 1387 2480 :

68 2531 378 2622 vicecancellarius
399 2531 461 2629 qui
483 2531 688 2624 celebravit,
715 2531 855 2630 accepit
878 2531 1029 2607 calicem
1054 2555 1146 2606 cum
1162 2537 1390 2608 sacramento

70 2653 110 2728 de
146 2667 257 2730 manu
295 2659 391 2754 Papa
418 2662 455 2732 et
484 2657 643 2755 reposuit
669 2657 706 2730 in
727 2663 924 2755 capsellam
948 2656 1087 2732 adhoc
1116 2656 1330 2750 ordinatam,
1356 2663 1392 2732 et

73 2782 165 2879 Papa
178 2781 377 2858 incensavit
398 2781 543 2872 iterum,
568 2781 698 2857 deinde
719 2781 841 2858 clausa
860 2790 916 2858 est
939 2787 1100 2879 capsella
1117 2806 1183 2881 per
1202 2782 1390 2858 sacristam

72 2907 216 2982 etclavis
230 2908 413 3006 assignata
427 2907 568 3006 prelato
583 2907 878 2984 vicecancellarin
890 2907 1133 2984 incrastinum
1142 2887 1388 3000 celebraturo,

72 3039 103 3104 et
121 3037 229 3132 Papa,
251 3034 410 3108 dimissis
430 3034 573 3132 pluviali
596 3040 632 3109 ct
648 3033 739 3108 stola
765 3035 867 3126 albis,
890 3033 1030 3131 accepit
1044 3033 1157 3108 rubea
1172 3031 1333 3132 pretiosa
1355 3039 1392 3106 et

72 3160 380 3253 processionaliter
404 3185 486 3235 cum
520 3161 635 3235 mitris
659 3183 787 3235 omnes
812 3159 976 3235 exierunt
999 3159 1131 3234 dictam
1158 3155 1335 3255 capellam
1354 3164 1391 3233 et

72 3281 201 3358 iverunt
216 3285 263 3360 ad
277 3286 399 3361 locum
414 3285 691 3384 processionum
707 3291 743 3361 et
757 3283 1019 3361 benedictionis
1032 3283 1092 3358 ubi
1103 3284 1140 3357 in
1154 3282 1280 3382 primis
1295 3281 1390 3357 lacta

72 3415 121 3482 est
139 3413 332 3486 reverentia
346 3415 441 3509 Pape
456 3434 523 3510 per
537 3410 752 3486 cardinales.
770 3409 907 3487 Deinde
923 3413 1021 3508 Papa
1038 3408 1100 3484 ivit
1118 3408 1166 3484 ad
1187 3409 1309 3484 locum
1331 3408 1391 3483 nbi

72 3535 240 3632 apopulo
263 3534 457 3626 videretur,
486 3541 522 3612 ct
546 3535 595 3608 ibi
620 3537 718 3612 stetit
749 3537 861 3635 pedes
887 3559 1000 3633 usque
1018 3535 1064 3609 ad
1087 3535 1200 3610 tinem
1223 3540 1259 3610 ct
1277 3533 1392 3610 noluit

72 3658 202 3736 sedere.
229 3665 339 3736 Lecta
363 3659 461 3736 bulla
486 3661 564 3736 sino
591 3661 833 3759 processibus,
855 3664 952 3758 Papa
975 3661 1073 3737 dedit
1098 3659 1389 3736 benedictionem

72 3783 261 3862 solemnem
283 3791 320 3862 et
335 3783 577 3883 indulgentias
592 3785 784 3884 plenarias.
807 3785 947 3861 Bullam
964 3785 1051 3884 legit
1066 3786 1102 3861 in
1117 3786 1229 3862 latino
1244 3790 1287 3860 D.
1300 3790 1393 3863 Mat·

73 3907 169 3983 tbeus
200 3911 287 3985 Cibo
323 3910 567 3986 subdiaconus
605 3911 843 4009 apostolicus,
872 3911 909 3984 in
937 3910 1074 4009 vulgari
1107 3915 1228 3988 autem
1263 3915 1388 3987 Rmus.

74 4033 112 4105 Ι).
128 4035 313 4111 cardinalis
328 4035 374 4110 de
389 4035 578 4113 Columna.
597 4035 840 4133 lndulgentias
860 4035 1053 4135 publicavit
1071 4035 1108 4109 in
1130 4035 1243 4110 latino
1265 4039 1388 4110 llmus.

73 4158 112 4229 Ι).
132 4159 318 4236 cardinalis
347 4161 537 4254 Senensis,
564 4161 603 4236 in
634 4161 771 4259 vulgari
807 4167 942 4252 autem,
974 4166 1098 4236 ltmus.
1126 4165 1170 4234 Ι).
1198 4159 1389 4235 cardinalis

73 4307 99 4356 s.
119 4285 257 4384 Georgii
280 4286 601 4362 camerarius-His
629 4286 753 4376 finitis,
776 4286 901 4360 RRmi.
921 4289 997 4361 ub.
1016 4285 1216 4361 cardinales
1245 4307 1388 4378 omnes,

71 4408 214 4486 dimissis
239 4411 374 4486 ibidem
398 4413 633 4512 paramentis,
663 4418 816 4510 excepto
842 4413 1025 4488 cardinale
1053 4413 1099 4486 de
1128 4413 1302 4488 Columna
1328 4413 1387 4511 qui

72 4541 264 4612 cantatums
280 4541 358 4612 arat
378 4537 605 4636 evangelium
624 4563 689 4637 pro
714 4537 883 4613 mandato
904 4537 1051 4615 retinuit
1072 4544 1285 4636 paramenta
1304 4561 1387 4613 cum

73 4661 447 4761 subdiaconopretato,
471 4665 697 4738 associarunt
722 4667 856 4762 Papam
880 4664 926 4738 ad
947 4663 1069 4738 locum
1093 4661 1266 4754 mandati,
1293 4661 1391 4736 vide·

70 4782 143 4862 licet
165 4787 307 4863 tertiam
329 4788 449 4862 aulam
467 4787 590 4886 palatii
613 4789 673 4863 ubi
697 4795 823 4887 parata
843 4797 945 4864 erant
975 4788 1097 4863 omnia
1122 4809 1188 4886 pro
1216 4786 1385 4862 mandato

70 4913 266 4988 necessaria
284 4920 321 4988 et
341 4912 515 4988 tredecim
539 4937 716 5013 pauperes
737 4913 892 5004 lavandi,
918 4911 1048 5010 quibus
1075 4913 1139 4986 SS.
1165 4914 1209 4986 Ι).
1233 4915 1277 4986 N.
1304 4911 1390 4986 lavit

70 5038 171 5133 pedes
196 5061 298 5114 more
327 5045 517 5115 consueto.
553 5039 784 5138 Evangelium
812 5038 900 5114 dixit
934 5037 1097 5136 prelatus
1122 5035 1316 5112 cardinalis
1343 5035 1389 5111 de

71 5163 246 5240 Columna.
274 5165 387 5241 Sedes
414 5168 510 5264 Papa
531 5173 657 5265 parata
678 5171 755 5241 erat
782 5163 890 5262 pallio
917 5162 1093 5256 violaceo,
1122 5161 1299 5261 pulpitum
1323 5185 1389 5260 pro
