3578 6032
324 439 377 495 516
887 437 1101 496 APPENDICE.

323 591 510 672 pontificem
532 591 713 654 maximum
741 606 782 652 ex
813 589 974 653 industria
999 590 1092 666 adiit,
1116 589 1300 652 aduentum
1329 589 1594 652 denunciatums
1626 595 1662 650 ut

322 692 439 754 urbem
453 706 520 753 una
534 689 683 754 introiret
698 688 787 768 quod
802 689 1024 752 cardinalatus
1050 688 1200 769 dignitati
1214 703 1281 750 non
1296 677 1490 752 concederet
1504 687 1661 768 princeps

324 793 468 870 Zyzymy
495 789 552 852 ubi
578 787 737 868 palatium
765 788 983 866 apostolicum
1005 784 1161 866 applicuit
1186 787 1229 850 ab
1259 785 1419 849 cardinali
1448 787 1658 866 perhumano

324 893 481 967 exceptus
502 891 553 949 est
572 887 693 961 anirno,
719 886 1059 965 othumannidemque
1090 883 1272 965 principem
1297 884 1340 947 ad
1369 884 1557 948 destinatas
1580 884 1661 948 edes

325 985 488 1063 perduxit,
512 1002 595 1065 quas
630 983 825 1048 iamdudum
854 984 990 1047 incoluit
1021 982 1166 1047 clemens
1193 1000 1279 1064 papa
1308 983 1400 1062 apud
1427 1001 1512 1064 quas
1542 985 1661 1046 Petrus

325 1083 541 1164 Raymundus
556 1087 685 1146 sacosta
700 1081 904 1146 Rhodiorum
917 1083 1071 1164 Magister
1085 1081 1185 1162 paulo
1202 1083 1227 1144 11
1243 1079 1399 1160 pontifice
1410 1081 1548 1144 sedente
1565 1097 1663 1162 gene

325 1182 393 1245 rale
406 1183 586 1262 capitulum
602 1180 793 1244 celebrauit.
810 1181 865 1243 llis
889 1182 1091 1261 compositis,
1108 1181 1215 1245 (luido
1238 1181 1329 1260 prior
1352 1185 1386 1243 et
1405 1179 1523 1244 Rhodii
1536 1179 1661 1242 milites

324 1280 514 1360 pontificem
528 1280 709 1343 maximum
724 1279 857 1356 adeunt,
875 1296 960 1360 quos
975 1280 1118 1361 benigne
1129 1279 1257 1359 excepit
1267 1279 1405 1360 eiusque
1420 1279 1517 1342 iussu
1532 1277 1661 1359 palatio

323 1379 477 1442 resident.
508 1379 614 1442 Pridie
645 1383 757 1441 autem
780 1377 855 1440 idus
882 1379 1022 1441 marcias
1053 1395 1147 1442 sacer
1171 1383 1307 1441 senatus
1328 1376 1484 1458 frequens
1514 1378 1663 1440 habetur

324 1494 390 1558 quo
409 1495 527 1558 regum
543 1477 644 1558 legati
658 1477 814 1540 mandata
835 1482 1015 1556 exponunt,
1033 1476 1188 1557 pontifice
1200 1494 1259 1556 pro
1279 1477 1436 1540 tribunali
1455 1475 1602 1540 sedente
1614 1492 1662 1538 as-

326 1577 522 1640 sistentibus
536 1575 757 1639 cardinalibus
772 1575 1021 1656 archiepiscopis
1039 1575 1203 1656 episcopis
1224 1575 1379 1654 palatinis
1400 1575 1661 1655 insignibusque

324 1675 414 1739 viris.
432 1674 576 1739 Accessit
591 1673 696 1737 Guido
723 1691 761 1737 ac
786 1675 940 1738 dominus
961 1673 1002 1737 de
1027 1675 1166 1737 Falcone
1189 1675 1246 1754 qui
1272 1677 1420 1756 Zyzymy
1440 1672 1498 1737 fidi
1515 1673 1659 1737 comites

240 1817 244 1825 -
323 1774 570 1836 mahumeteum
595 1771 777 1852 principem
798 1773 986 1836 innocentio
1013 1774 1082 1836 Vlll
1108 1773 1270 1836 obtulere.
1298 1775 1329 1836 ls
1356 1772 1479 1852 quippe
1501 1773 1660 1836 dextrum

322 1871 486 1951 pontificis
497 1871 606 1934 ierunt
621 1872 723 1934 sacris
737 1872 887 1934 vestibus
907 1875 1061 1934 ornatum
1081 1875 1114 1934 el
1136 1871 1280 1934 maxime
1293 1869 1473 1951 indignans
1495 1871 1659 1951 quamuis

322 1970 510 2050 premonuit
524 1971 701 2046 osculatur,
717 1987 777 2049 per
791 1987 895 2049 pauca
904 1971 1002 2033 verba
1011 1971 1198 2049 interpretis
1218 1969 1412 2033 commercio
1427 1969 1547 2032 babuit
1562 1987 1656 2050 :que

322 2067 443 2132 tuerint
456 2069 545 2132 haud
560 2069 639 2132 mibi
655 2072 733 2132 sunt
747 2073 923 2147 comperta.
948 2071 1033 2132 Tum
1056 2073 1202 2150 Zyzymy
1214 2068 1258 2132 ad
1272 2067 1456 2131 cardinales
1468 2084 1658 2131 conuersus

323 2166 470 2247 singulos
500 2170 675 2230 veneratur
698 2171 731 2230 el
755 2183 887 2246 quoque
912 2165 1053 2230 offitium
1077 2165 1262 2241 reddidere,
1289 2182 1350 2228 nec
1378 2166 1490 2229 minus
1517 2167 1657 2247 quidem

321 2265 478 2328 exhibuit.
503 2265 706 2329 Mabumetes
721 2264 819 2328 ieroci
833 2265 967 2344 quidem
982 2266 1092 2327 animo
1108 2269 1160 2327 est
1173 2269 1205 2327 et
1220 2264 1498 2330 othumannidum
1511 2273 1651 2349 gentem

319 2363 442 2427 cunctis
453 2365 624 2442 anteponit
638 2383 645 2426 :
657 2363 891 2440 hisabsoluliS,
904 2364 1055 2426 discessit
1064 2367 1209 2445 Zyzymy
1219 2369 1252 2426 et
1260 2363 1303 2427 ad
1313 2365 1392 2428 edes
1403 2367 1550 2446 perrexit
1563 2385 1572 2430 :
1584 2367 1656 2429 lau·

321 2462 410 2526 dauil
424 2463 603 2526 admodum
618 2464 826 2526 mahumetes
841 2461 1006 2542 pontificis
1024 2468 1057 2525 et
1078 2463 1161 2526 sacri
1185 2467 1320 2526 senatus
1338 2464 1474 2542 cultum,
1495 2482 1653 2546 pompam

319 2565 351 2622 et
364 2561 632 2636 obseruantiam;
651 2561 833 2642 solatioque
848 2561 911 2624 sibi
926 2561 987 2624 fuit
998 2561 1058 2624 hec
1074 2554 1255 2641 aspexisse.
1277 2587 1290 2616 ι

359 2699 402 2758 le
418 2697 492 2760 titre
507 2697 548 2759 de
563 2697 731 2779 l’ouvrege
754 2702 847 2776 porte
863 2717 870 2760 :
889 2723 901 2752 ι
919 2697 1084 2760 Guillelmi
1100 2695 1259 2762 Caonrsin
1283 2697 1485 2762 Rhodiorum
1500 2700 1655 2763 vicecan-

319 2791 451 2869 cellarii,
467 2793 656 2857 Obsidionis
673 2795 796 2858 llbodie
811 2796 903 2858 urbis
917 2795 1101 2876 descriptio.
1120 2820 1133 2850 ι

357 2923 481 3007 (ln-fol.
497 2927 655 3008 gothique
671 2931 879 2994 contenant9
896 2930 1071 3010 opuscules
1097 2929 1241 2992 formant
1262 2931 1432 2996 ensemble
1458 2931 1497 2994 60
1519 2932 1554 2995 11.
1576 2931 1597 2994 a
1615 2933 1653 2995 11
1775 2963 1776 2968 =

316 3025 423 3107 lignes
440 3042 501 3105 par
514 3043 610 3108 page,
626 3033 657 3090 et
667 3027 706 3092 36
715 3045 875 3111 gravures
888 3045 947 3090 sur
958 3029 1032 3091 bois
1048 3027 1113 3090 fort
1128 3029 1309 3108 cunienses,
1322 3035 1415 3110 porte
1431 3047 1472 3094 en
1488 3033 1654 3111 souscrip-

317 3125 386 3188 lion
404 3143 412 3186 :
427 3123 621 3202 Impressum
640 3131 725 3191 Ulmo
737 3147 774 3207 p.
796 3129 902 3190 tonna.
921 3129 1032 3206 lleper.
1046 3126 1139 3189 Anno
1156 3125 1287 3190 Domini
1306 3145 1359 3192 no.
1380 3123 1562 3190 MCCCGX
1564 3127 1591 3190 C
1599 3127 1650 3204 VI,

316 3221 366 3285 dte
378 3222 497 3286 XXIV
510 3224 660 3306 Octobris)
682 3227 734 3308 (1).

961 3558 1002 3626 35

357 3793 369 3822 ι
388 3767 606 3831 Cornmission
620 3768 665 3832 du
678 3773 748 3850 Roy
763 3787 806 3832 au
821 3770 910 3832 sieur
923 3769 964 3833 de
978 3769 1184 3868 Blancheiort
1194 3775 1226 3834 et
1238 3769 1256 3833 a
1267 3773 1431 3835 Anthoine
1441 3772 1547 3836 Gimel
1561 3790 1648 3853 pour

313 3864 346 3926 la
358 3866 511 3928 conduite
524 3867 564 3929 de
580 3869 693 3932 Sultan
710 3869 808 3932 Zizim
824 3867 860 3932 es
876 3872 992 3932 Terres
1008 3870 1048 3932 de
1059 3869 1203 3950 l'Eglise.

356 4018 520 4082 ‹Charles
534 4035 593 4097 par
606 4018 637 4082 la
651 4037 750 4100 grace
771 4020 812 4083 de
832 4021 913 4084 Dieu
936 4022 1006 4102 Roy
1028 4021 1069 4084 de
1089 4023 1211 4084 France
1228 4023 1278 4082 :A
1295 4037 1357 4083 nos
1379 4039 1472 4084 amez
1494 4025 1527 4085 et
1549 4021 1645 4089 feaux

311 4117 473 4180 hntlroine
488 4117 526 4178 de
541 4118 753 4195 Bluncbescrt,
774 4119 948 4196 ebeualier,
968 4124 1082 4182 nostre
1101 4119 1324 4197 chambellan,
1342 4129 1375 4196 et
1393 4124 1557 4187 llnlhoine
1577 4125 1645 4190 Sei·

311 4233 419 4296 gneur
430 4218 468 4278 de
482 4215 591 4292 Glmel,
608 4217 786 4280 llareschal
801 4218 841 4280 de
856 4235 917 4280 nos
931 4218 1029 4298 logis,
1042 4217 1133 4280 Sclul
1146 4223 1174 4281 el
1186 4221 1343 4283 dilection.
1357 4222 1492 4286 Comme
1502 4240 1563 4302 par
1572 4241 1645 4286 nos·

312 4317 361 4376 tre
375 4315 598 4390 commission,
617 4313 721 4394 conge
736 4315 915 4390 etlicence,
933 4317 1034 4377 Zizlm
1055 4315 1275 4395 Sultensrc're
1289 4319 1334 4381 du
1349 4322 1457 4382 Grand
1479 4325 1574 4396 Ture,
1590 4325 1645 4384 eut
1773 4381 1774 4384 ,

312 4409 381 4473 este
395 4411 513 4475 amend
528 4428 569 4474 en
583 4417 694 4475 nostre
711 4415 879 4493 ltoyaume
892 4431 952 4492 par
966 4431 1047 4476 ceux
1069 4414 1109 4477 de
1126 4415 1157 4478 la
1178 4416 1327 4497 lleligion
1350 4418 1390 4480 de
1412 4419 1545 4482 Rhodes
1563 4435 1645 4500 pour

311 4515 432 4590 yestre
447 4511 523 4590 plus
538 4516 727 4573 seurement
741 4509 854 4591 garde,
872 4529 907 4574 ce
921 4513 977 4591 qui
992 4530 1010 4574 a
1026 4511 1096 4575 este
1121 4511 1178 4576 fait
1200 4531 1260 4592 par
1278 4517 1401 4580 certain
1422 4521 1545 4597 temps,
1568 4535 1645 4598 pen-

310 4607 391 4670 dant
406 4609 515 4688 lequel
530 4614 643 4672 nostre
657 4607 842 4674 saint-Pare
856 4611 887 4672 le
900 4612 997 4688 Papo,
1016 4616 1049 4672 et
1065 4611 1158 4674 aussi
1173 4612 1204 4674 le
1220 4614 1494 4691 Grand-llaistre,
1512 4620 1546 4678 et
1563 4633 1642 4679 ceux

311 4706 351 4768 de
367 4705 467 4770 ladite
483 4707 630 4788 Religion
644 4707 685 4769 de
702 4707 831 4770 Rhodes
846 4709 998 4771 aurolent
1013 4707 1143 4790 cnuoye'
1159 4710 1279 4774 deuers
1299 4729 1386 4776 nous
1400 4710 1420 4775 a
1434 4729 1471 4776 ce
1485 4729 1551 4793 que
1565 4713 1642 4776 ledit

310 4803 409 4865 Zizim
423 4803 491 4867 inst
510 4803 570 4868 tire'
583 4805 662 4867 hors
677 4811 788 4869 nostre
813 4806 860 4869 dit
879 4810 1048 4887 Royaume
1070 4824 1155 4885 pour
1176 4814 1263 4873 estre
1282 4809 1380 4874 mone'
1404 4810 1441 4874 es
1460 4813 1579 4874 'terres
1601 4811 1642 4875 de

339 4993 361 5042 1.
380 4992 413 5042 Le
425 4995 496 5044 texte
511 4995 543 5046 de
554 4995 623 5046 cette
637 4991 739 5041 edition
751 5005 766 5040 a
777 4991 817 5042 dte
830 4991 983 5042 fidelement
993 4993 1132 5057 reproduit
1142 4995 1186 5056 ici,
1198 4996 1259 5047 scut
1269 4998 1295 5048 la
1303 4999 1490 5064 ponctuntion,
1500 4998 1640 5063 compesce

308 5070 446 5204 ww?
461 5075 531 5125 etde
545 5076 616 5154 deus
627 5076 717 5142 points
731 5078 779 5141 qui
792 5078 940 5130 detruisenl
954 5083 1069 5131 souvenl
1084 5080 1109 5130 le
1124 5095 1186 5133 sens
1202 5087 1229 5134 et
1243 5083 1357 5136 tendent
1367 5083 1393 5136 le
1405 5084 1506 5136 lecture
1521 5084 1568 5134 des
1578 5082 1638 5148 plns

318 5165 333 5202 a
347 5165 408 5218 egon
422 5167 459 5204 es.
