3436 6038
87 423 226 492 [aruritae]
388 421 513 479 RERUM
539 421 765 480 URBANARUM
788 422 1051 483 COMMENTARH.
1333 432 1388 486 207

123 580 215 656 Faria
226 586 336 671 saxa,
353 585 392 653 ll
407 579 562 678 augusti,
576 579 674 654 circa
689 579 817 653 horam
832 579 974 654 tertiam
993 580 1123 687 noctis,
1137 582 1307 656 conclusa
1320 584 1388 658 luit

82 707 237 804 parintcr
252 709 314 780 SS.
338 709 380 779 D.
404 709 445 780 N.
475 729 605 802 papam
628 710 664 779 et
685 705 951 779 Ferdinandum
979 706 1099 781 Sicilie
1118 730 1257 803 regem,
1281 715 1318 782 et
1344 704 1388 782 de¹

82 830 223 928 capitulis
244 831 345 906 lactis
371 836 515 928 rogatus
542 833 608 906 suit
635 835 677 906 D.
705 833 890 930 Philippus
914 833 959 908 de
992 836 1216 907 Pontecurvo
1243 857 1388 908 camere

81 956 254 1054 apostolice
269 957 444 1032 notarius.

121 1085 213 1158 Faria
242 1084 416 1175 secunda,
446 1090 489 1158 ld
509 1083 644 1160 mensis
663 1084 815 1180 augusti,
846 1083 911 1158 luit
932 1083 1186 1158 consistorium
1208 1091 1389 1158 secretum

80 1211 116 1284 ab
126 1210 210 1285 hora
218 1209 433 1285 duodecima
447 1235 559 1308 usque
573 1210 619 1284 ad
628 1210 807 1285 decimam
818 1211 978 1307 quintam
991 1212 1046 1286 vel
1062 1211 1175 1302 circa;
1190 1237 1261 1310 quo
1272 1214 1388 1304 finito,

81 1337 259 1412 cardinales
278 1338 513 1412 veneruntad
528 1335 703 1432 capellam
719 1336 895 1433 majorem
915 1336 1050 1433 palatii,
1068 1338 1105 1410 in
1119 1363 1191 1434 qua
1210 1339 1392 1414 celebrata

80 1463 248 1536 luitmissa
265 1462 523 1536 defunctorum
550 1460 783 1535 anniversarii
804 1460 923 1533 obitus
947 1463 1034 1535 Sixti
1054 1465 1116 1536 llll
1136 1487 1202 1561 per
1226 1469 1266 1536 R.
1287 1469 1326 1538 P.
1346 1469 1388 1538 b.

79 1588 263 1662 iohannem
278 1587 493 1686 episcopum
515 1587 756 1677 Palmensem,
780 1589 878 1684 Papa
903 1588 1066 1679 absente,
1092 1595 1127 1662 et
1150 1589 1293 1662 thmis.
1313 1593 1388 1663 DI).

79 1712 368 1802 vicecancellario‚
398 1737 432 1785 s.
459 1711 585 1802 Marci,
610 1711 863 1809 audegavensi
888 1735 930 1786 ac
955 1711 1033 1784 aliis
1051 1713 1292 1786 cardinalibus
1312 1737 1393 1810 pre-

80 1839 235 1912 sentibus.
279 1836 554 1910 Absolutionem
590 1845 673 1932 post
703 1836 850 1910 missam
886 1835 972 1916 lecit
1008 1837 1166 1935 prelatus
1200 1839 1392 1937 episcopua

79 1962 261 2052 calabram,
281 1969 317 2038 et
331 1962 414 2052 alia,
437 1967 541 2059 prout
555 1962 591 2034 iu
606 1961 837 2037 ceremoniali
862 1963 1059 2053 ordinatur,
1086 1971 1168 2036 sunt
1187 1965 1388 2039 observata.

121 2089 215 2162 Faria
237 2089 356 2176 tertia,
378 2093 421 2162 15
440 2088 594 2185 augusti,
627 2088 760 2162 festum
784 2087 1041 2185 assumptionis
1063 2089 1168 2163 beate
1195 2091 1306 2166 llarie
1324 2093 1392 2164 vir-

79 2215 168 2312 ginis,
185 2219 226 2288 a.
245 2218 287 2288 P.
301 2217 342 2286 D.
360 2214 544 2302 lohannes
560 2213 752 2311 episcopus
774 2213 1013 2286 Tornaceusis
1034 2213 1228 2288 celebravit
1244 2215 1392 2288 missam

79 2340 330 2438 pontificaliter,
351 2343 448 2436 Papa
463 2345 498 2413 et
511 2338 753 2412 cardinalibus
771 2337 979 2414 absentibus
994 2347 1029 2413 et
1049 2339 1173 2436 paucis
1186 2362 1231 2412 ex
1246 2339 1393 2437 prelatis

79 2466 182 2562 palatii
197 2466 232 2538 iu
249 2487 316 2538 suo
333 2463 542 2561 quotidiano
558 2463 680 2538 habitu
698 2465 927 2562 presentibus
946 2491 953 2538 :
971 2465 1158 2538 observata
1174 2472 1258 2539 sunt
1273 2465 1396 2538 omnia

78 2599 165 2686 prout
180 2588 215 2664 in
231 2591 311 2666 aliis
326 2591 444 2664 missis
459 2590 692 2681 solemnibus
708 2595 806 2688 Papa
817 2591 980 2679 absente,
997 2597 1261 2684 consueverunt
1274 2590 1396 2664 obser-

79 2717 150 2790 rari.

119 2843 213 2918 Faria
228 2842 351 2933 tertia,
377 2844 593 2942 coangusti,
619 2845 751 2918 festum
776 2842 1025 2918 decollationis
1050 2870 1079 2918 s.
1098 2844 1273 2918 lobannis
1300 2845 1395 2940 Rap-

81 2969 160 3060 tiste‚
177 2969 463 3043 anniversarium
478 2969 733 3068 assumptionis
748 2973 811 3044 SS.
831 2974 873 3042 b.
891 2973 935 3043 Ν.
960 2972 1160 3046 Innocentii
1182 2976 1277 3068 Pape
1293 2975 1391 3060 Vlll‚

81 3095 187 3167 ltmus.
199 3090 396 3169 cardinalis
408 3095 612 3170 Parmensis
628 3095 663 3167 in
679 3095 897 3193 paramentis
907 3095 1026 3171 rubeis
1041 3094 1235 3171 celebravit
1246 3095 1394 3168 missam

80 3220 263 3296 solemnem
286 3221 322 3293 in
337 3220 476 3318 capella
492 3222 629 3318 majore
646 3221 780 3318 palatii,
809 3225 906 3318 Papa
925 3227 961 3294 et
981 3222 1223 3296 cardinalibus
1244 3243 1395 3318 presen-

81 3343 172 3420 tibus.
189 3351 289 3445 Papa
306 3346 400 3426 venit
419 3346 465 3421 ad
479 3346 716 3420 faldistorium
736 3345 782 3419 ad
808 3347 1125 3443 genuflectendum
1147 3371 1213 3444 pro
1232 3371 1338 3420 versu
1359 3346 1396 3418 in

81 3469 191 3544 altari:
217 3471 310 3546 Veni
324 3483 443 3544 sancte
457 3471 626 3569 Spiritou,
649 3483 730 3562 etc,
747 3495 855 3568 quem
877 3479 998 3546 tamen
1020 3497 1093 3546 non
1122 3473 1257 3568 incepit
1277 3487 1410 3568 neque·

79 3591 185 3668 debuit
199 3595 363 3692 incipere
376 3619 383 3683 ;
397 3595 565 3669 diotaluit
578 3595 708 3668 deinde
723 3617 830 3692 prosa
843 3601 879 3669 et
896 3595 1041 3670 interim
1052 3596 1261 3694 impositum
1274 3598 1397 3670 iucen-

80 3740 147 3790 sum
160 3743 224 3816 pro
240 3719 444 3817 euangelio,
464 3743 504 3793 ac
524 3719 593 3794 alia
606 3721 728 3793 omnia
743 3719 932 3794 observata
944 3723 1177 3799 moreaolito.
1197 3727 1258 3796 Est
1274 3730 1395 3797 tamen

80 3843 329 3920 advertendum
345 3845 486 3943 quodsi
503 3852 670 3921 cantores
693 3847 829 3922 nollent
845 3871 991 3946 prosam
1008 3847 1141 3941 dicere
1160 3849 1257 3945 quod
1272 3849 1398 3922 incen-

80 3991 146 4044 sum
161 3972 367 4071 imponatur
382 3977 574 4068 antequam
591 3977 688 4070 Papa
702 3973 822 4048 veniat
844 3973 889 4046 ad
911 3973 1232 4070 genuflectendum
1248 3973 1395 4046 minime
1462 4003 1468 4016 ·

80 4097 341 4188 protraheretur
356 4097 428 4171 sire
444 4097 657 4171 traderetur.
677 4098 777 4188 Heri,
799 4123 872 4170 non
898 4097 1043 4172 luerunt
1068 4123 1217 4195 vespere
1239 4097 1396 4194 papales.

122 4223 219 4296 Faria
233 4223 373 4320 quinta,
390 4227 430 4295 31
452 4223 713 4319 augustinusait
729 4223 774 4296 ad
790 4224 923 4296 Urbem
940 4249 1005 4322 per
1019 4232 1159 4321 portam
1173 4245 1203 4296 s.
1216 4217 1398 4296 Laurentii

81 4345 116 4416 ll.
132 4349 307 4422 Antonius
323 4347 368 4422 de
382 4347 594 4422 Alexandris
608 4355 731 4422 orator
746 4347 960 4422 Ferd‘inandi
985 4347 1106 4420 Sicilie
1122 4347 1230 4442 regia,
1245 4345 1336 4416 lrora
1350 4365 1397 4414 xu

82 4470 125 4542 vel
139 4473 253 4565 circa;
279 4475 336 4546 cui
351 4482 525 4548 venerunt
541 4474 681 4546 obviam
697 4473 829 4548 familie
847 4477 910 4548 88.
934 4478 977 4546 D.
996 4476 1037 4544 N.
1058 4495 1164 4569 pape,
1188 4475 1223 4540 et
1238 4465 1398 4540 omnium

81 4598 287 4672 bammum.
316 4603 393 4672 DD.
420 4599 658 4674 cardinalium
684 4600 842 4697 exceptis
865 4596 1129 4694 andegavensi,
1154 4591 1400 4667 Mediolanen-

81 4722 169 4818 sique
187 4731 222 4798 et
234 4725 279 4798 de
297 4724 484 4816 Columna,
495 4725 555 4822 qui
571 4751 643 4800 non
660 4726 835 4800 miserunt
848 4723 1001 4796 familias
1017 4743 1119 4812 suas;
1135 4717 1267 4792 familie
1283 4713 1401 4788 cardi-

80 4849 216 4942 nalium,
231 4851 335 4948 juxta
350 4859 385 4947 et
401 4852 496 4924 intra
510 4858 652 4949 portam
674 4839 779 4948 prout
794 4874 877 4926 eum
892 4848 1131 4946 reperierunt,
1161 4843 1277 4941 ipsum
1303 4865 1404 4916 rece-

81 4983 211 5070 perunt.
240 4981 338 5076 Papa
371 4979 491 5050 autem
520 4973 658 5070 recepit
687 4973 787 5047 illum
815 4973 919 5070 juxta
953 4969 1125 5044 mucellos
1152 4967 1244 5042 inter
1270 4965 1403 5064 palatia

82 5123 106 5170 s.
121 5103 240 5176 Basilii
256 5109 291 5178 et
306 5127 336 5174 s.
355 5101 479 5175 llaroi.
497 5100 706 5175 ,associatus
727 5100 793 5174 luit
814 5122 914 5174 more
931 5097 1036 5171 solito
1051 5093 1234 5191 usquead
1255 5093 1403 5168 domum
