3422 6034
207 491 213 506 ·
285 473 339 529 342
741 468 917 526 JOHANNlS
942 467 1165 540 abacelam,
1453 465 1526 532 [blm
1540 467 1599 534 lltsl

291 623 458 700 omnibus
486 621 739 712 cardinalibus,
769 621 924 718 demptis
949 620 1018 694 illis
1045 620 1185 694 duobus
1210 621 1269 717 qui
1295 623 1390 718 apud
1408 621 1605 718 pontificem

292 751 328 822 in
340 748 545 823 assistentia
559 753 850 844 permanserunt,
872 747 1008 843 absque
1031 769 1074 821 eo
1095 746 1191 842 quod
1212 746 1317 821 aliter
1331 771 1370 821 se
1385 747 1608 822 lirmaretaut

291 875 394 949 aliter
408 874 568 972 pontifici
588 873 823 949 reverentiam
840 873 988 964 iaceret,
1007 871 1111 946 rediit
1127 871 1173 946 ad
1185 895 1349 946 cameras
1365 897 1449 948 suas
1467 873 1512 946 ab
1526 873 1608 964 illlis,

291 1009 330 1074 ut
343 1001 454 1099 prius,
474 1001 683 1074 associatus.
1184 1075 1186 1080 ,

339 1130 429 1200 Tum
445 1127 606 1223 pontifex
630 1149 795 1223 surgens,
821 1126 866 1198 ad
882 1147 1065 1198 cameram
1078 1146 1181 1198 more
1203 1123 1448 1212 solitorediit;
1472 1116 1516 1197 de
1536 1147 1613 1220 quo,

292 1253 511 1350 paramentis
524 1252 710 1348 depositis,
727 1251 927 1324 cardinales
940 1251 1121 1348 petierunt
1131 1250 1328 1336 licentiam,
1345 1255 1381 1323 et
1393 1249 1616 1324 obtinuerunt

292 1377 374 1451 novi
398 1377 599 1451 cardinales
626 1378 670 1451 de
702 1377 878 1450 visitando
907 1383 988 1473 post
1016 1377 1208 1474 prandium
1233 1376 1400 1473 antiquos
1425 1375 1618 1450 cardinales

294 1503 536 1601 supplicantes
553 1503 738 1576 Sanctitati
755 1527 819 1575 sue
840 1502 936 1598 quod
951 1503 1161 1600 dignaretur
1179 1525 1218 1577 se
1233 1502 1369 1576 habere
1386 1525 1452 1600 pro
1473 1501 1619 1590 visitata,

295 1651 365 1724 que
392 1627 429 1700 in
453 1627 577 1725 primis
608 1627 783 1701 visitanda
809 1633 906 1701 esset
931 1652 938 1700 :
959 1627 1010 1700 sic
1036 1629 1263 1702 factumest.
1292 1628 1438 1702 intrarit
1466 1627 1624 1726 pontifex

294 1777 477 1827 cameram
502 1735 680 1827 secretam
707 1759 742 1826 et
766 1759 847 1850 post
863 1775 946 1826 eum
969 1777 1097 1828 omnes
1116 1753 1316 1828 cardinales
1333 1753 1623 1849 antiquietnori.

297 1885 345 1970 et,
373 1878 466 1952 lacta
487 1878 622 1952 ibidem
645 1879 763 1976 aliqua
791 1901 907 1968 mora,
926 1878 1091 1953 exierunt
1117 1903 1258 1968 omnes,
1290 1885 1326 1952 et
1355 1878 1493 1974 antiqui
1520 1900 1628 1950 noros

297 2027 411 2100 usque
434 2003 480 2077 ad
497 2010 655 2076 castrum
676 2028 706 2076 s.
730 2005 857 2102 Angeli
883 2005 1109 2082 associarunt
1133 2005 1169 2078 in
1190 2029 1261 2102 quo
1281 2004 1387 2077 simol
1409 2009 1483 2079 tres
1505 2027 1630 2077 omnes

297 2129 378 2203 nori
403 2129 592 2226 prandium
619 2127 796 2203 lecerunt.
821 2131 1032 2228 Equitarunt
1060 2138 1180 2205 autem
1209 2131 1280 2205 hoc
1306 2129 1433 2204 ordine
1461 2153 1469 2203 :
1499 2129 1630 2226 primo,

298 2253 459 2352 episcopi
498 2253 628 2328 deinde
661 2257 863 2354 presbyteri
900 2256 1114 2348 cardinales,
1152 2255 1357 2330 Parmensis
1393 2253 1636 2352 presbytera

299 2379 434 2453 dextris
462 2388 496 2453 et
522 2379 699 2454 Ascanius
724 2380 895 2454 diaconus
918 2403 939 2454 a
961 2379 1133 2469 sinistris;
1157 2378 1358 2470 Auriensis,
1377 2378 1422 2452 de
1439 2377 1581 2452 Ursinis
1602 2385 1637 2452 et

301 2505 490 2595 Columna,
508 2504 704 2578 Aleriensis
720 2513 755 2580 el
778 2529 808 2578 s.
828 2505 972 2602 Georgii
994 2529 1036 2579 ac
1055 2505 1099 2578 de
1119 2509 1218 2578 Fuxo
1238 2505 1276 2578 in
1298 2503 1425 2577 ultimo
1441 2503 1524 2577 loco
1539 2502 1640 2597 equi·

301 2635 440 2720 tantes3
464 2633 758 2704 Beneventanum
783 2630 877 2705 inter
901 2653 939 2705 se
964 2630 1182 2704 habuerunt.
1207 2633 1300 2704 Ante
1328 2652 1479 2727 parrum
1503 2627 1638 2702 ostium

301 2755 412 2828 castri
427 2755 592 2852 predicti,
620 2757 756 2852 antiqui
778 2756 979 2830 cardinales
1001 2781 1038 2830 se
1060 2755 1250 2829 firmarunt
1274 2754 1462 2853 :episcopi
1484 2761 1520 2828 et
1536 2777 1640 2851 pres-

302 2879 417 2980 byteri
431 2880 477 2954 ad
492 2882 658 2955 dextram
678 2881 844 2956 intrantis
868 2888 904 2956 et
923 2881 1065 2955 diaconi
1086 2906 1107 2956 a
1127 2881 1280 2954 sinistris
1296 2879 1426 2976 quibos
1443 2879 1577 2974 singuli
1595 2903 1639 2952 ex

302 3006 417 3098 noviS,
433 3005 670 3104 discoopertis
685 3007 874 3105 capitibus,
890 3007 1095 3082 immediate
1110 3015 1293 3104 unuspost
1306 3005 1416 3078 alium
1431 3005 1642 3101 equitantes

304 3131 436 3228 gratias
456 3137 609 3228 egerunt
632 3155 735 3206 more
762 3133 880 3206 solito.
916 3137 1158 3208 Recesserunt
1181 3131 1312 3205 deinde
1337 3129 1473 3226 antiqui
1498 3135 1534 3202 et
1554 3130 1640 3204 nori

304 3263 386 3353 post
400 3279 585 3330 recessum
602 3258 764 3330 omnium
784 3258 1005 3356 prelatorum
1027 3265 1063 3333 et
1083 3257 1286 3347 curialium,
1306 3255 1573 3329 descendentes
1596 3277 1644 3327 ex

305 3382 426 3470 mulis,
446 3382 666 3456 intraverunt
689 3383 734 3457 ad
758 3391 917 3457 castrum
942 3382 1158 3480 predictum,
1176 3381 1212 3455 in
1235 3403 1306 3477 quo
1326 3380 1492 3477 superius
1507 3379 1541 3452 in
1557 3380 1643 3452 aula

306 3505 445 3602 maJore
468 3506 658 3601 prandium
684 3507 860 3582 lecerunt.
890 3512 928 3582 ln
954 3509 1071 3606 capite
1092 3530 1219 3583 mense
1241 3507 1334 3581 sedit
1351 3505 1566 3594 aleriensis,
1598 3505 1643 3577 ad

308 3632 387 3728 ejus
404 3631 568 3705 dextram
592 3611 779 3708 doriensis
805 3644 841 3707 et
864 3642 946 3732 post
966 3657 1050 3710 eum
1073 3638 1362 3724 Beneventanus,
1385 3633 1432 3706 ad
1456 3632 1641 3706 sinistram

306 3779 392 3830 vero
409 3756 527 3829 nullus
543 3762 633 3850 erat,
649 3759 714 3832 sed
729 3759 871 3834 stabant
891 3761 1094 3835 servitores.
1118 3764 1203 3834 Post
1219 3763 1517 3834 Beneventanum
1540 3766 1644 3832 erant
1709 3737 1710 3787 ³

309 3881 499 3978 episcopus
515 3883 717 3976 lmolensiS,
741 3886 1008 3982 protonotarius
1029 3887 1074 3959 de
1091 3883 1252 3974 PinelliS,
1271 3887 1314 3956 Ι).
1328 3883 1522 3982 ¹tierardus
1545 3884 1643 3956 Usis-

309 4006 418 4080 maris
430 4007 651 4104 gubernator
667 4009 786 4100 Urbis,
805 4011 1015 4084 Dominicus
1031 4011 1139 4084 Auria
1155 4015 1191 4084 et
1207 4033 1289 4106 ego.

360 4131 514 4206 Prandio
536 4142 698 4229 peracto,
723 4133 819 4208 circa
839 4135 967 4208 horam
993 4161 1052 4226 xx,
1079 4135 1206 4232 prelati
1233 4144 1305 4210 tres
1330 4133 1535 4208 cardinales
1558 4133 1636 4206 nori

311 4257 478 4332 associati
494 4281 515 4331 a
530 4257 675 4355 prelatis
690 4259 825 4356 palatii,
839 4259 972 4332 familia
986 4264 1082 4356 Pape
1098 4265 1226 4352 elsua,
1245 4259 1450 4356 equitarunt
1466 4259 1636 4331 visitaturi

312 4363 467 4455 thmos.
495 4385 570 4455 llll.
598 4383 798 4459 cardinales
819 4385 999 4482 antiquos,
1020 4393 1055 4460 et
1075 4385 1191 4482 primo
1213 4385 1401 4458 visitarunt
1424 4389 1570 4456 Rmum.
1596 4388 1635 4456 ll.

184 4501 189 4512 '
311 4506 644 4581 vicecancellarium
669 4511 741 4605 qui,
766 4518 848 4608 post
870 4511 1086 4585 descensum
1117 4535 1161 4584 ex
1187 4509 1293 4583 mulis
1315 4509 1426 4583 voluit
1447 4515 1637 4605 antequam
1708 4531 1709 4536 ¹

313 4633 444 4729 gradus
460 4633 697 4708 ascenderent
714 4641 752 4709 ut
767 4659 898 4733 cappas
914 4635 1138 4733 deponerent
1155 4661 1163 4710 :
1182 4636 1233 4709 sic
1249 4635 1383 4710 tactum
1399 4641 1468 4722 est,
1480 4641 1515 4708 el
1531 4633 1635 4706 male.

313 4757 512 4832 Visitarunt
533 4758 663 4833 deinde
688 4761 977 4858 Neapolitanum,
1008 4786 1037 4834 s.
1062 4761 1186 4852 lllarci,
1223 4786 1253 4834 s.
1283 4760 1379 4833 Petri
1405 4759 1450 4834 ad
1473 4759 1635 4835 vincula.

314 4885 548 4974 lanuensem,
568 4907 597 4960 S.
613 4885 740 4984 Angeli
757 4893 793 4958 et
807 4885 852 4958 de
869 4885 1055 4958 Columna.

365 5009 553 5084 Dominioa
574 5011 734 5084 secunda
760 5010 1048 5106 quadragesime,
1075 5016 1117 5084 15
1143 5011 1278 5085 mensis
1306 5009 1440 5098 martii,
1467 5012 1508 5080 R.
1535 5012 1574 5080 P.
1598 5013 1637 5081 l).

316 5135 485 5226 Thomas,
521 5137 712 5233 episcopus
742 5135 907 5209 Dolensis
932 5136 1104 5208 assistens
1129 5140 1238 5232 Pape,
1275 5133 1467 5208 celebrarit
1495 5133 1639 5206 missam
