3600 6094
104 510 171 575 [tout
187 503 250 568 titt]
418 495 544 556 RERUM
567 491 796 554 URBANAHUM
819 489 1080 550 COMMENTAHII.

143 665 189 734 Ex
200 655 360 732 Francis.
379 656 508 728 Orator
522 650 658 725 ordinis
676 674 706 724 s.
723 647 897 724 Johaunis
913 645 1231 722 Hierosolimitani.

144 790 189 860 Es
202 780 382 879 Hispanis.
401 777 546 852 Nullum
559 775 650 852 scio.
1271 873 1275 882 υ

145 916 189 984 Ex
211 907 355 982 italicis.
381 907 510 980 Orator
531 901 626 1000 regis
649 899 781 991 Sicilie,
810 904 931 974 orator
952 899 1046 996 rogis
1070 899 1270 996 Huugarie‚
1294 906 1417 976 orator

104 1038 190 1112 ducis
202 1032 410 1125 Mediolani,
425 1037 547 1106 orator
564 1025 806 1117 Florentinus,
822 1030 944 1100 orator
957 1023 1141 1098 Senensis.

146 1166 272 1248 Quarta
286 1155 453 1232 custodia
465 1155 532 1229 erit
548 1153 583 1228 in
604 1160 707 1251 porta
725 1149 917 1240 conclavis,
935 1155 972 1224 et
987 1147 1057 1224 hec
1077 1147 1336 1224 committenda
1351 1149 1418 1224 erit
1544 1215 1546 1220 ,

103 1286 232 1385 prelatis
245 1281 470 1381 dignioribus
492 1279 529 1354 in
554 1278 648 1356 Urbe
673 1275 922 1364 existentibus,
947 1279 1103 1370 quatuor
1126 1271 1314 1345 nationum
1334 1296 1418 1369 pre-

105 1411 263 1486 dictarum
281 1407 361 1506 pari
377 1428 543 1495 numero,
559 1405 631 1482 sive
648 1409 810 1479 oratores
824 1401 895 1476 sint
910 1399 982 1474 sive
995 1420 1069 1472 non
1087 1400 1193 1472 aaa.
1211 1400 1286 1472 uo.
1308 1397 1423 1495 depu-

105 1537 209 1612 tatisa
233 1531 389 1630 collegio
415 1531 651 1608 cardinalium
677 1551 792 1626 usque
807 1527 1058 1604 adnumerum
1080 1531 1236 1622 quatuor
1257 1525 1312 1600 111
1341 1533 1424 1602 octo

105 1661 144 1736 ad
157 1661 327 1760 majorem
342 1683 351 1750 3
370 1665 455 1732 sunt
466 1663 589 1732 autem
605 1655 642 1730 in
658 1679 809 1732 romana
821 1654 922 1730 curia
933 1655 997 1742 hii,
1023 1650 1213 1728 uidelicet:

149 1784 405 1862 ExGermanis.
422 1783 620 1882 Episcopus
634 1781 890 1858 Dunelmensis
906 1787 1029 1856 orator
1043 1781 1139 1880 regis
1154 1785 1297 1884 Anglie.

146 1907 678 2006 ExFrancis.·Archiepiscopus
697 1906 932 1998 Arelatensis,
948 1906 1138 2005 episcopus
1152 1909 1391 1988 Nenuetensis
1408 1933 1416 1982 :

109 2038 287 2135 episcopus
301 2033 566 2110 Mauriauensis
580 2032 755 2107 deterius.

147 2165 192 2238 Ex
214 2161 396 2259 Hispanis.
416 2157 722 2255 Archiepiscopus
746 2157 1030 2258 Montisregalis,
1057 2157 1249 2258 episcopus
1275 2155 1425 2234 Barchi-

107 2288 273 2379 nonensis,
290 2285 490 2384 episcopus
503 2281 783 2380 Agrigentinus.

149 2417 194 2488 En
207 2413 352 2488 Italicis.
368 2407 696 2494 Vicecamersrius,
713 2408 1008 2508 archiepiscopus
1021 2414 1310 2500 Beneventanus,
1326 2409 1416 2508 epis·

109 2561 205 2636 copus
216 2538 444 2638 Spoletanus,
456 2534 592 2610 electus
603 2536 832 2626 Mantuanus,
844 2534 1036 2634 episcopus
1047 2537 1218 2635 Reginus,
1232 2537 1424 2635 episcopus

109 2664 299 2756 Alaricusis,
328 2663 522 2761 episcopus
546 2658 811 2752 Foruliviensis,
829 2662 1021 2761 episcopus
1037 2663 1308 2756 Comacliensis,
1325 2663 1417 2760 epis-

110 2811 207 2887 copus
224 2788 490 2866 Gleudatensis.

150 2919 259 2992 Tenor
276 2915 452 2992 schedula
476 2916 548 2992 sire
569 2916 755 2992 inventarii
775 2939 896 2992 rerum
911 2937 976 3012 pro
993 2913 1137 2990 RRmis.
1161 2913 1316 2990 dominis
1339 2933 1420 2988 car=

110 3041 270 3116 diualibus
289 3041 339 3116 ad
352 3041 523 3118 conclave
544 3041 803 3140 portenderum
819 3041 900 3115 talis
914 3047 979 3114 cst.

151 3170 397 3243 Parameutum
410 3166 455 3242 de
467 3167 780 3264 sargiaviridi,aut
792 3165 939 3242 alterius
952 3163 1083 3240 coloris
1096 3165 1213 3263 magis
1224 3165 1419 3263 placentis;

112 3313 205 3388 cupra
227 3293 347 3368 calum
367 3299 490 3368 tamen
516 3291 595 3368 lieri
619 3299 794 3390 potestat
814 3290 1085 3368 convenientius
1108 3313 1153 3366 ex
1175 3290 1248 3366 tela
1271 3290 1367 3382 alba,
1384 3299 1422 3368 ut

112 3438 238 3492 camera
251 3417 297 3492 sit
309 3417 479 3492 lucidior.

151 3545 289 3619 Lectum
310 3567 378 3641 pro
402 3547 506 3618 Rmo.
534 3542 681 3618 domino
703 3541 885 3620 cardinale
909 3564 992 3616 cum
1017 3539 1185 3616 omnibus
1215 3541 1288 3616 suis
1313 3542 1421 3618 torni-

112 3667 483 3748 mentiszmataratium
497 3667 583 3742 cum
592 3667 862 3744 linteaminibus
878 3673 913 3744 et
927 3674 1076 3764 coperta
1091 3689 1158 3764 pro
1175 3667 1418 3760 conclavistis,

112 3793 162 3889 qui
175 3795 256 3870 illud
267 3797 303 3871 in
320 3817 402 3872 sero
417 3817 527 3890 supra
539 3800 659 3891 tapete
673 3792 709 3868 in
723 3801 855 3870 terram
867 3799 1056 3891 ponentes,
1070 3793 1105 3868 in
1122 3815 1268 3868 camera
1280 3793 1417 3870 domiui

113 3919 159 3994 sui
172 3919 298 3998 ibidem
316 3920 518 3996 dormiunt.

152 4047 276 4124 Tabula
291 4070 366 4122 uua
386 4047 458 4122 sira
480 4067 609 4122 mensa
631 4045 866 4143 longitudinis
885 4069 904 4118 1
923 4043 1132 4143 palmorum
1154 4071 1239 4124 cum
1251 4047 1326 4124 suis
1341 4048 1424 4132 tris„

112 4171 255 4266 pedibus.
276 4178 422 4251 -Una
446 4171 565 4250 sedes.
594 4217 643 4232 --
663 4177 782 4250 Unum
809 4173 1021 4250 scabellum.
1046 4215 1096 4230 --
1122 4178 1200 4250 Una
1223 4173 1328 4250 sedes
1357 4197 1423 4272 pro

113 4291 270 4374 beneficio
285 4300 419 4376 ventris
434 4323 518 4376 cum
531 4300 605 4376 suis
625 4298 881 4398 correquisitis.
897 4303 1039 4374 -Duo
1057 4299 1220 4376 urinalia.
1237 4341 1287 4354 -·-
1304 4303 1422 4374 Unum

112 4419 348 4504 1111111111.-
366 4430 444 4502 Due
462 4449 592 4525 mappe
619 4449 726 4524 parve
743 4449 808 4524 pro
827 4447 954 4500 mensa
977 4425 1126 4504 domiui.
1146 4471 1195 4486 ·-
1219 4424 1423 4502 Duodecim

114 4551 262 4647 mappula
276 4575 383 4650 parve
396 4575 462 4650 pro
485 4552 628 4630 eodem.
645 4595 694 4608 -
710 4555 870 4640 Quatuor
891 4554 1131 4652 manutergia.
1159 4599 1200 4612 —
1214 4560 1293 4630 Una
1307 4577 1423 4652 cappa

115 4692 169 4766 pro
197 4678 433 4754 conclusistis.
467 4677 516 4736 ἑ·-
548 4681 626 4754 Due
660 4679 757 4777 petie
792 4679 862 4753 tele
891 4677 937 4754 ad
968 4679 1184 4778 tergendum
1216 4687 1343 4755 lassas.
1376 4723 1425 4736 -

117 4794 313 4894 1111111-
329 4805 408 4895 Una
418 4826 529 4902 capsa
542 4803 613 4878 sire
629 4802 824 4880 lorcerium
834 4827 900 4904 pro
915 4801 1074 4880 vestibus
1089 4804 1239 4897 domini,
1254 4804 1420 4896 camisia,

120 4924 293 5021 rocchatis,
319 4928 462 5006 tobaliis
489 4929 536 5004 ad
567 4929 830 5028 extergendum
860 4931 975 5006 visum
999 4937 1036 5006 et
1061 4929 1269 5006 lezzolettis.
1304 4935 1424 5008 Unum

120 5053 307 5132 mantellum
322 5055 522 5132 assistentis
536 5078 619 5131 aum
633 5078 700 5130 suo
715 5057 926 5154 cappuccio.
946 5099 994 5112 -
1012 5060 1173 5144 Quatuor
1188 5056 1324 5132 scatule
1339 5080 1424 5132 con-

121 5168 294 5256 lectionem
326 5206 392 5281 pro
421 5181 634 5258 munitione.
655 5225 704 5236 —
729 5186 808 5256 Una
836 5181 987 5270 scutella
1012 5183 1355 5281 piuocchiatarum.
1378 5223 1426 5236 -
