3496 6056
350 446 401 504 rao
802 446 977 506 tonsurus
1001 423 1223 514 euaderent,
1478 445 1585 512 [suaa
1599 451 1656 516 rua]

397 601 554 676 Provisio
571 624 654 678 cere
669 601 791 676 habite
807 603 843 676 in
856 603 925 678 hnc
940 601 997 678 die
1013 599 1304 692 canonizationis,
1322 600 1440 700 primo
1456 601 1536 676 albe
1555 628 1562 676 :

395 729 467 804 duo
496 729 618 826 magni
646 729 741 805 cerei
771 729 964 806 duodecim
991 729 1164 804 librarum
1193 725 1340 822 quilibet
1369 747 1435 822 pro
1465 727 1529 799 SS.
1558 729 1595 800 lt.
1618 731 1652 800 N.

343 854 393 927 lib
437 905 1532 930 ....................
1573 877 1652 941 xxiv,

328 1018 336 1036 ·
388 979 461 1054 duo
474 978 533 1053 alii
549 979 645 1056 cerei
656 1001 721 1078 pro
733 979 916 1056 offertorio
930 979 1057 1056 decem
1070 978 1241 1052 librarum
1254 973 1415 1072 quilibet,
1428 974 1521 1049 libra
1532 975 1650 1072 viginti,

394 1106 481 1178 Tres
496 1103 554 1178 alii
570 1104 666 1180 cerei
681 1126 747 1202 pro
763 1104 945 1180 ollertorio
961 1127 1024 1180 sex
1037 1103 1212 1178 librarum
1227 1100 1388 1198 quilibet,
1405 1099 1468 1174 lib.
1518 1156 1527 1174 .
1568 1125 1650 1191 xrrn,
1736 1149 1737 1158 .

394 1228 586 1304 duodecim
618 1229 800 1306 intorticia
837 1253 903 1328 pro
932 1229 1130 1306 elevatione
1165 1225 1381 1303 sacramenti
1408 1249 1473 1300 sex
1503 1225 1653 1302 librorun

345 1351 519 1450 quolibet,
536 1353 586 1428 lib
591 1405 1518 1428 .................
1562 1373 1652 1440 nuru,

392 1477 511 1554 facule
526 1503 655 1554 novem
669 1504 734 1578 pro
750 1479 851 1554 altari
867 1486 904 1556 et
918 1479 1116 1570 credentia,
1134 1478 1285 1551 duarum
1305 1474 1479 1549 librarum
1494 1473 1649 1572 quelibet,

344 1602 393 1678 lib
399 1654 1519 1679 .....................
1563 1623 1651 1690 xvru,

393 1729 509 1805 laeule
543 1729 665 1828 viginti
704 1752 770 1828 pro
811 1727 1050 1806 cardinalibus
1090 1735 1244 1825 quatuor
1279 1725 1453 1800 librarum
1489 1725 1651 1822 quelibet,

342 1853 391 1928 lib
397 1906 1519 1930 .....................
1563 1873 1651 1940 cxxx,

394 2003 536 2056 summa
559 1980 715 2056 ducente
742 1979 890 2079 triginta
913 1980 984 2056 due
1003 1979 1093 2055 libre
1116 2001 1199 2054 cere
1220 1977 1313 2053 albe.
1338 1975 1514 2052 intortitia
1538 1980 1583 2052 80
1601 1997 1652 2074 pro

346 2105 502 2181 ecclesia
522 2121 678 2204 quatuor
697 2104 868 2180 librorum
894 2106 1093 2204 quodlibet,
1120 2104 1169 2178 lib
1175 2153 1527 2176 .......
1572 2124 1655 2188 cccx,

388 2229 506 2306 laculo
527 2254 570 2306 oa
588 2231 740 2306 duarum
766 2229 940 2306 librarum
966 2231 1126 2328 quelibet
1147 2252 1213 2327 pro
1233 2228 1380 2326 prelatis
1402 2235 1438 2304 et
1453 2227 1653 2316 oratoribus,
1730 2328 1731 2332 .

345 2354 394 2430 lib
400 2412 741 2430 .......
790 2414 798 2446 ,
844 2411 1548 2432 .............
1592 2377 1653 2444 ccc,

391 2481 510 2556 leculo
524 2504 587 2556 ccc
602 2481 708 2556 unius
720 2479 810 2556 libre
821 2504 886 2579 pro
901 2480 1107 2573 curialibus,
1125 2481 1215 2558 libre
1231 2505 1306 2574 cco,
1324 2506 1351 2556 u
1362 2481 1480 2556 laculo
1494 2482 1540 2557 de
1555 2480 1656 2556 media

340 2607 432 2682 libra
453 2605 612 2703 quelibet
637 2629 702 2704 pro
723 2605 913 2703 religiosis,
939 2607 988 2682 lib
994 2661 1524 2682 ...........
1569 2627 1653 2693 noea,

387 2729 1185 2831 Summalibrcmillequadringenteriginti.
1240 2791 1247 2807 .
1304 2791 1311 2806 .
1368 2784 1378 2807 .
1429 2790 1438 2806 .
1490 2755 1652 2820 ucoccar,

390 2855 455 2929 Die
471 2855 654 2930 dominice
676 2860 721 2944 23
742 2856 826 2931 dicti
847 2858 982 2932 mensis
999 2857 1153 2956 januarii
1179 2865 1355 2934 venerunt
1376 2857 1422 2932 ed
1447 2857 1581 2930 Urbem
1596 2855 1653 2928 duo
1728 2895 1729 2950 t

342 2987 506 3057 oratores
537 2979 589 3054 lll.
623 2983 666 3055 ll.
694 2981 790 3057 Petri
813 2985 956 3058 Geusen
984 2982 1029 3083 (l)
1051 2983 1213 3081 magistri
1240 2985 1365 3062 militie
1390 2983 1527 3061 ordinis
1556 2979 1653 3058 sancti
1728 2975 1729 2984 '

338 3256 516 3314 burchardus
530 3261 597 3314 tuuc
617 3257 742 3331 magistri
761 3257 984 3316 ceremoniarum.
1005 3258 1092 3329 Quum
1111 3259 1278 3318 excessivam
1297 3275 1431 3316 summam
1450 3273 1513 3313 cum
1533 3253 1653 3311 audireta

337 3363 381 3402 ma
396 3345 519 3420 pontilex
534 3353 562 3403 et
575 3345 654 3420 quusi
672 3347 744 3404 illam
763 3347 862 3404 rideret
881 3353 912 3404 ut
925 3347 1129 3422 impossibilem,
1144 3349 1323 3424 interrogavit
1336 3348 1363 3404 in
1378 3347 1480 3422 quibus
1495 3343 1576 3402 rebus
1590 3349 1653 3399 tanta

336 3435 454 3511 pecunia
467 3437 678 3510 expenderetur.
699 3435 762 3492 Dixi
777 3438 848 3494 banc
863 3455 1010 3512 expensam
1030 3439 1070 3496 sic
1093 3439 1210 3513 amplam
1229 3437 1289 3496 ideo
1309 3437 1344 3495 ab
1359 3435 1480 3494 Ecclesia
1500 3436 1557 3494 sire
1570 3437 1651 3496 assde

337 3525 488 3599 apostolica
501 3530 529 3582 et
543 3543 559 3582 a
574 3525 747 3600 pontificibus
759 3543 812 3584 non
828 3527 917 3584 solum
936 3526 1043 3584 tolerari
1067 3529 1116 3586 sed
1135 3528 1217 3586 etiam
1240 3527 1439 3604 quodammodo
1459 3527 1571 3603 precipi,
1586 3533 1612 3584 ut
1624 3543 1651 3583 ex
1728 3603 1729 3610 ἵ

337 3613 457 3688 aequasi
471 3613 631 3688 impossibili
642 3615 683 3671 rel
699 3615 796 3672 saltem
812 3615 881 3672 dure
895 3615 1085 3674 abstineantur
1099 3618 1235 3692 principes
1246 3625 1273 3675 et
1288 3615 1380 3692 populi
1391 3617 1425 3673 ad
1439 3617 1584 3692 petendum
1598 3615 1651 3672 buis

336 3703 567 3760 canonizationem
583 3703 650 3774 lieri,
671 3721 725 3778 que
745 3705 891 3780 aliquando
906 3723 961 3763 non
976 3723 1010 3763 ex
1024 3706 1126 3764 meritis
1142 3708 1201 3782 ejus
1216 3705 1262 3782 qui
1276 3707 1453 3764 canonizatur
1467 3707 1517 3764 sed
1530 3725 1563 3764 ex
1579 3705 1651 3764 inter·

336 3792 460 3850 cessione
472 3793 673 3850 communitatis
689 3799 736 3850 out
750 3794 842 3868 populi
855 3802 903 3852 aut
917 3793 1047 3870 principis
1062 3796 1251 3871 supplicantis,
1268 3803 1345 3854 etc...
1361 3819 1374 3849 a

371 3881 442 3957 Voy.
458 3899 494 3939 uu
509 3881 581 3954 sajet
592 3883 643 3940 des
657 3881 721 3940 inuis
737 3887 861 3940 enormes
881 3885 963 3942 d'une
978 3885 1178 3954 canonisation‚
1193 3887 1219 3945 J.
1243 3885 1371 3958 Aruouo,
1394 3887 1481 3962 prelat
1496 3885 1649 3958 domestique

335 3972 372 4030 du
388 3971 463 4046 Papo
477 3973 611 4028 lnnocent
625 3971 662 4027 Xl
679 3987 686 4028 :
705 3973 833 4029 Tabiana
847 3977 884 4030 de
899 3975 928 4031 to
943 3978 1057 4032 coarcte
1071 3977 1171 4046 Rome,
1187 3976 1267 4051 ohep.
1283 3977 1355 4047 Vlll,
1370 3993 1398 4050 p.
1409 3975 1479 4032 336:
1497 4000 1511 4029 α
1529 3977 1580 4034 Des
1590 3977 1650 4030 otre-

334 4059 439 4118 menies
454 4067 481 4118 et
493 4059 641 4118 formalites
652 4064 686 4118 de
699 4061 725 4118 la
739 4079 805 4120 cour
819 4063 852 4126 de
867 4064 954 4122 Rome
964 4082 1034 4139 pour
1048 4065 1074 4122 la
1087 4065 1276 4123 canonisation
1287 4065 1335 4122 des
1351 4065 1457 4123 Saints.
1474 4089 1489 4118 a

369 4155 394 4208 t.
415 4152 491 4208 Dona
510 4157 572 4209 tous
591 4152 630 4210 les
650 4171 716 4214 mss.
734 4159 762 4212 et
775 4153 845 4210 dans
866 4154 891 4210 le
906 4161 1020 4214 couranl
1034 4156 1067 4212 de
1082 4161 1142 4213 tout
1157 4155 1181 4212 le
1198 4155 1316 4228 journal‚
1334 4155 1511 4214 d’Aubusson
1525 4157 1593 4214 n'est
1607 4153 1647 4209 dt·

334 4240 414 4316 signe
429 4259 482 4316 que
493 4259 543 4317 par
559 4262 566 4299 r
584 4243 705 4318 Gansen,
718 4245 809 4303 (lason
825 4245 929 4318 (5521),
940 4245 1048 4304 (lensen
1065 4245 1177 4321 (Cbigil,
1193 4244 1313 4316 (lenaeo,
1330 4245 1442 4304 Ganson
1454 4246 1540 4322 (147),
1551 4246 1645 4303 Gansm

369 4446 383 4476 a
404 4424 483 4482 Eletti
497 4423 595 4483 lurono
614 4445 662 4502 per
681 4428 772 4484 venire
787 4445 803 4485 e
817 4427 936 4484 Romae
955 4427 1066 4483 rendere
1085 4425 1233 4484 obedienzn
1248 4426 1273 4484 al
1293 4443 1383 4484 nuovo
1405 4427 1552 4496 Pentelice,
1567 4425 1583 4480 il
1601 4423 1646 4478 Bn-

330 4509 384 4569 livo
394 4512 421 4568 di
436 4513 531 4589 Lange
546 4516 599 4573 Fra
612 4516 758 4574 Edouardo
783 4515 809 4572 di
825 4516 1007 4574 Carmnndino
1022 4523 1050 4574 et
1069 4515 1087 4571 il
1102 4515 1158 4572 rice
1172 4515 1332 4574 cancelliero
1349 4515 1504 4590 Guglielmo
1519 4513 1644 4578 Caorsiuo,

331 4617 346 4656 e
362 4601 393 4657 lu
408 4603 531 4661 ordinato
547 4605 598 4662 ebe
614 4605 641 4662 in
657 4605 820 4680 campagnia
835 4606 878 4664 del
898 4605 1071 4680 Turcopliero
1091 4607 1144 4662 Fra
1166 4605 1299 4663 Gioranni
1314 4606 1439 4675 Quendal
1453 4607 1542 4662 ch'ero
1556 4605 1645 4660 Procu-

331 4697 405 4747 rator
418 4691 548 4751 Generala
573 4694 646 4753 nella
663 4703 738 4754 corte
752 4695 887 4766 Romana,
903 4696 982 4771 quell'
996 4701 1052 4754 atto
1071 4696 1111 4753 lar
1128 4696 1310 4756 dovessero...
1326 4719 1340 4749 n
1356 4695 1469 4771 (Jacopo
1480 4695 1568 4764 bosio,
1585 4689 1645 4748 bell·

331 4780 433 4837 Storid
448 4785 522 4838 della
537 4803 623 4842 soora
639 4789 780 4857 religione
803 4797 828 4841 et
848 4787 939 4842 Illma
962 4787 1074 4843 Militia
1095 4788 1127 4842 di
1148 4785 1211 4842 Son
1230 4787 1374 4842 Gioacrmi
1392 4787 1643 4844 Gicrosolimitooo.

330 4869 471 4936 loliano,
488 4873 565 4944 teet,
581 4874 627 4932 tol.
645 4881 665 4932 t.
683 4877 703 4946 l,
719 4875 763 4932 liv.
782 4877 826 4944 ll,
842 4893 868 4950 p.
887 4876 962 4949 398.)
1601 4887 1604 4892 '

366 4958 403 5014 Le
418 4957 541 5018 discours
561 4961 736 5020 d'obedienre
759 4964 800 5020 lut
819 4967 955 5037 prononce
975 4981 1023 5038 par
1043 4963 1195 5023 Guillnume
1216 4965 1359 5037 Caoursin,
1375 4967 1422 5041 qui
1437 4967 1472 5024 l'a
1486 4967 1571 5044 public
1586 4963 1645 5019 dans

327 5064 378 5105 son
393 5064 535 5121 ouvrage:
558 5051 720 5110 obsidionis
742 5053 850 5110 Rhodie
873 5056 956 5110 urbis
970 5056 1135 5127 descriptio,
1152 5057 1240 5126 Ulme,
1258 5058 1337 5125 ttae,
1354 5057 1409 5131 sig.
1434 5057 1492 5132 biij.
1509 5057 1527 5115 ll
1545 5073 1577 5113 ne
1593 5069 1645 5109 con·

330 5137 398 5196 tient
413 5137 469 5196 rien
482 5138 516 5196 de
531 5140 647 5200 saillant.
666 5143 749 5200 Bosio
765 5141 799 5199 l'a
814 5142 915 5200 traduit
929 5161 962 5202 en
978 5143 1081 5203 italien.
1100 5145 1180 5208 (Ouu.
1198 5147 1259 5214 cite,
1276 5152 1296 5204 t.
1315 5146 1337 5214 1,
1352 5165 1379 5221 p.
1395 5146 1473 5218 398.)
