3496 6056
114 500 260 568 [tautum]
433 497 560 560 RERUM
584 496 812 558 URBANARUM
837 495 1099 557 COMMENTARII.
1394 507 1429 564 85

114 651 1428 730 scutiterissuisbaoilerumbucalietduobusmantuiousadabluendum

109 781 360 878 extergendum
374 801 504 858 manus
519 803 585 878 pro
601 803 654 872 se,
669 785 705 854 at
719 778 941 854 subdiacono
959 779 1171 875 apostolico,
1185 780 1296 856 missa
1308 782 1424 875 linita,

112 904 367 982 ministratum.

152 1033 200 1104 lle
213 1028 332 1126 priore
346 1036 383 1104 et
398 1025 582 1105 canonicis
598 1051 628 1102 s.
647 1027 742 1102 Petri
761 1054 769 1102 :

147 1155 324 1229 avisantur
340 1155 452 1252 prior,
475 1154 653 1248 canonici,
676 1154 882 1230 beneficiati
900 1162 936 1230 ot
951 1157 1071 1231 clerici
1087 1156 1253 1234 bassilica
1274 1185 1303 1234 s.
1323 1163 1428 1235 Petro

111 1281 198 1378 quod
215 1280 313 1356 bono
333 1303 455 1374 mane,
476 1280 512 1354 in
530 1281 589 1356 die
609 1281 854 1358 coronationis
875 1286 984 1380 Papo,
1004 1283 1119 1382 parati
1140 1285 1211 1360 siut
1224 1285 1428 1384 processio-

112 1407 244 1498 naliter,
260 1410 397 1505 Papam
412 1405 606 1502 recepturi.
759 1419 762 1425 '

153 1534 199 1604 De
214 1529 336 1628 priore
350 1538 386 1606 et
402 1529 595 1606 canonicis
610 1528 757 1604 basilice
771 1554 801 1604 s.
822 1531 997 1606 lobannis
1013 1533 1265 1610 Lataranensis
1281 1561 1290 1612 :

150 1655 243 1752 prior
261 1662 299 1730 et
323 1652 488 1730 canonici
511 1651 659 1728 basilice
685 1654 938 1728 Lataranensis
958 1678 1086 1729 eorum
1107 1667 1283 1735 consueto
1302 1660 1427 1737 habitu

108 1804 171 1878 quo
191 1781 227 1854 in
244 1781 403 1856 ecclesia
417 1783 566 1860 utuntur
585 1777 713 1870 induti,
728 1779 784 1853 vel
797 1781 1113 1877 processionaliter
1129 1782 1166 1856 in
1178 1791 1283 1881 porta
1294 1785 1428 1882 princi-

107 1907 343 2004 paliipsarum
369 1905 598 1980 basilicarum
617 1927 701 1978 cum
721 1899 829 1978 cruce
847 1905 981 1980 debent
1004 1910 1136 2007 Papam
1162 1915 1367 2005 expectare,
1392 1921 1429 1985 ct

109 2056 196 2121 eum,
212 2041 408 2132 postquam
425 2032 469 2106 de
486 2053 579 2129 equo
596 2029 837 2120 descenderit,
851 2031 896 2104 ad
911 2032 1036 2106 sedem
1052 2035 1179 2108 sedere
1194 2035 1340 2128 saciant,
1363 2060 1427 2110 seu

107 2159 290 2235 collocare.
311 2158 538 2234 Procedente
557 2155 687 2230 deinde
713 2158 810 2252 Papa
829 2157 875 2230 ad
895 2157 1008 2234 altare
1028 2161 1161 2257 majus,
1184 2165 1357 2237 cantent:
1379 2161 1427 2236 Te

108 2285 428 2360 Dmmluudumua.

149 2411 197 2482 De
209 2410 335 2486 officio
348 2410 443 2485 ami.
459 2415 504 2484 D.
519 2409 708 2484 camerarii
724 2413 759 2484 et
771 2407 984 2484 thesaurarii
1000 2433 1008 2482 :

153 2538 272 2610 Rmus.
302 2539 348 2610 D.
374 2535 608 2626 camerarius,
640 2557 704 2610 seu
730 2534 909 2632 generalis
940 2514 1187 2612 thesaurarius
1212 2541 1277 2613 SS.
1304 2543 1346 2612 D.
1381 2542 1423 2613 N.

114 2663 199 2758 Papo
223 2647 411 2760 provideat
442 2662 487 2736 de
514 2660 676 2758 pecuniis
701 2659 926 2758 opportunis,
959 2661 1127 2736 videlicet
1147 2663 1205 2737 ille
1228 2665 1289 2761 qui
1308 2665 1426 2762 jactus

107 2785 206 2860 laciet
220 2787 360 2886 populo
390 2787 434 2862 de
456 2785 622 2875 carlonis,
650 2783 833 2860 haiocchis
856 2795 890 2859 et
910 2784 1065 2860 denariis
1085 2789 1232 2864 minutis
1258 2790 1305 2864 ad
1325 2789 1427 2864 sulfi-

107 2911 278 2986 cientiam.

146 3041 229 3112 ltem
253 3037 417 3112 habeant
442 3039 479 3112 in
506 3037 643 3135 gremio
665 3060 730 3135 pro
759 3041 822 3112 SS.
846 3041 889 3111 D.
916 3046 1041 3113 nostro
1064 3046 1147 3114 ante
1167 3047 1322 3137 portam,
1352 3042 1425 3117 sive

105 3160 251 3238 hostium
267 3163 418 3238 basilice
440 3164 707 3255 Lataranensis,
729 3163 766 3236 in
788 3163 874 3238 sede
892 3163 1055 3256 sedente,
1080 3165 1248 3251 denarios
1264 3167 1424 3240 minutos

105 3285 145 3359 ad
155 3288 506 3382 sufficientiam‚non
519 3297 712 3387 argenteos
731 3313 850 3388 neque
867 3312 996 3364 aureos
1016 3314 1082 3388 pro
1099 3290 1212 3364 trihus
1232 3293 1425 3389 pugillatis.

144 3416 229 3491 ltem
249 3438 318 3514 pro
343 3414 507 3490 secunda
532 3414 619 3488 sede
634 3413 839 3513 porphyrea
862 3412 1029 3490 denarios
1052 3413 1420 3512 argenteos'tantum

103 3535 253 3614 videlicet
269 3541 452 3631 codanus,
472 3538 669 3614 haiocchos
687 3545 723 3614 et
743 3539 877 3615 similes
898 3538 943 3614 ad
961 3539 1215 3615 sufficientiam
1229 3564 1294 3639 pro
1310 3541 1423 3616 tribus

104 3663 285 3759 pugillatis.
1024 3659 1026 3663 ⁴

145 3789 230 3863 ltern
244 3811 312 3888 pro
326 3787 547 3889 presbyteris
572 3789 610 3863 in
631 3790 771 3887 capella
792 3814 822 3868 s.
837 3789 996 3866 Silvestri
1022 3792 1172 3868 ducatos
1189 3799 1370 3870 trecentos
1388 3800 1439 3868 et,

107 3911 245 3989 totidem
264 3913 431 3990 carlenos
450 3938 458 3988 :
475 3914 573 4010 quod
587 3915 778 4012 supererit,
796 3915 927 3990 servari
941 3917 1085 4012 poterit.

144 4041 193 4112 be
209 4039 333 4114 officio
360 4038 491 4137 prioris
507 4039 802 4138 presbyterorum
817 4039 1051 4115 cardinalium
1068 4069 1076 4117 :

145 4185 222 4238 cum
246 4169 292 4241 D.
316 4171 441 4240 noster
456 4164 562 4240 luerit
583 4159 678 4263 apud
697 4190 725 4238 s·
746 4165 950 4240 Johanuom
975 4171 1256 4244 Lataranensem
1280 4169 1317 4242 in
1343 4169 1423 4244 aula

97 4289 249 4385 concilii,
264 4291 364 4390 prior
375 4291 671 4390 presbyterorum
681 4291 915 4366 cardinalium
930 4290 1083 4368 ferulam
1095 4293 1132 4366 in
1144 4292 1419 4384 machabeus,

59 4435 61 4440 ·
104 4413 373 4494 ordinatuersus
395 4416 554 4515 lapidem
573 4417 633 4514 qni
652 4439 825 4492 mensura
846 4417 975 4492 Christi
1000 4417 1141 4509 dicitur,
1166 4418 1419 4508 subdiaconos,

103 4537 288 4634 auditores,
315 4539 505 4615 advocatos
523 4545 559 4614 et
576 4539 789 4614 secretarios
804 4540 889 4618 hinc
911 4550 947 4616 et
970 4543 1053 4617 inde
1073 4543 1219 4640 pariter,
1237 4542 1286 4616 ita
1307 4549 1346 4615 ut
1368 4542 1422 4616 di·
1537 4557 1543 4567 ·

104 4663 236 4757 gniorss
250 4665 416 4742 uidelicet
426 4665 636 4742 subdiaconi
652 4669 745 4738 stent
759 4689 882 4740 uersus
894 4667 1028 4741 dictum
1038 4667 1209 4765 lapidem,
1226 4667 1355 4764 quihus
1370 4669 1420 4746 sic

104 4787 277 4883 ordinatis,
292 4791 388 4868 idem
403 4791 503 4890 prior
517 4798 616 4866 stans
636 4789 714 4866 sine
737 4791 845 4865 mitra
859 4792 898 4865 in
919 4791 1040 4866 medio
1061 4791 1156 4866 iuter
1178 4792 1314 4889 primos
1334 4795 1420 4870 sub-

106 4911 277 5010 diaconos,
290 4917 362 4992 alta
375 4941 477 5009 voce,
493 4916 595 5014 quasi
608 4915 778 5012 legendo,
796 4916 907 4991 dicit:
925 4916 1075 4992 Exaudi
1097 4916 1247 4992 Christe.

148 5041 373 5138 Subdaconi,
391 5043 587 5136 auditores,
610 5041 790 5116 secretarii
811 5049 847 5116 ct
862 5041 1023 5118 advocati
1045 5041 1151 5116 simili
1166 5066 1254 5120 voce
1270 5065 1421 5142 respon-

107 5163 205 5244 dent:
224 5169 379 5246 Domino
397 5182 515 5246 nostro
536 5168 744 5244 Innocentio
763 5192 785 5241 a
801 5167 878 5242 Deo
901 5168 1035 5243 decreto
1054 5194 1191 5244 summo
1206 5169 1371 5268 pontifici
1389 5181 1423 5242 ct
