3496 6056
254 503 290 558 90
711 491 887 550 JOHANNIS
912 492 1132 565 BURCHARot,
1336 496 1493 559 Septembre
1505 495 1595 560 11111]

255 656 300 729 de
320 651 462 752 pluviali
489 651 571 724 albo
597 669 662 746 pro
677 645 849 744 pontifice
875 647 912 720 in
939 649 1079 746 capella
1093 673 1123 722 1.
1146 648 1316 723 selvestri
1335 649 1372 721 in
1392 651 1598 722 Laterano.

306 777 371 853 Dic
381 782 402 852 8
414 773 914 874 septembris,concordarunt
923 775 1104 850 secretarii
1121 781 1157 848 et
1172 773 1333 848 advocati
1346 797 1605 872 superprcce-

258 905 381 981 dentia
396 911 504 1002 prout
522 903 616 978 intra
635 905 794 992 dicetur;
821 901 917 975 11111
937 924 1002 999 111
1020 924 1079 974 me
1100 899 1324 973 ordinatione
1350 899 1611 996 suprascripta

260 1030 408 1128 singulis
419 1029 545 1103 diebus
560 1053 676 1126 usque
687 1030 732 1104 ad
746 1027 843 1102 diem
854 1025 1098 1101 coronationis
1109 1027 1172 1100 SS.
1188 1028 1232 1100 D.
1249 1025 1362 1098 nostri
1381 1051 1388 1097 :
1407 1021 1609 1098 sollicitavi

259 1155 357 1254 quod
372 1153 756 1256 ordinata'hujusmodi
772 1155 1046 1254 perficerentur.

310 1285 361 1355 De
392 1283 531 1356 sabbati
559 1289 597 1356 tt
635 1282 865 1381 septembris,
900 1281 998 1354 circa
1029 1279 1157 1352 horam
1184 1283 1321 1352 sextam
1344 1279 1474 1368 noctis,
1506 1277 1610 1351 obiit

262 1412 386 1482 Rmus.
405 1406 441 1478 in
458 1407 601 1481 Christo
618 1411 657 1482 P.
676 1415 712 1482 et
732 1411 775 1481 D.
802 1407 1000 1503 Philippus,
1022 1403 1115 1478 tituli
1140 1411 1346 1478 sanctorum
1365 1405 1551 1479 lobannis
1570 1412 1610 1476 et

260 1533 359 1606 Pauli
385 1533 575 1632 presbyter
603 1533 794 1607 cardinalis
826 1529 1104 1605 Matisconensis
1131 1529 1326 1626 vulgariter
1349 1537 1608 1628 nuncupatus,

261 1658 357 1732 diem
375 1683 438 1731 sue
457 1659 526 1731 vite
541 1659 750 1756 temporalis
765 1657 893 1732 clausit
908 1662 1111 1730 extremum
1128 1656 1190 1752 qui
1202 1657 1330 1730 eadem
1346 1661 1465 1746 nocte,
1484 1679 1507 1728 a
1529 1657 1612 1729 sra-

263 1782 377 1856 tribus
398 1789 595 1856 conventus
618 1783 773 1856 ecclesie
797 1783 902 1855 beate
925 1781 1036 1854 Mario
1056 1781 1100 1854 de
1122 1779 1257 1877 Populo
1278 1785 1314 1855 et
1332 1804 1353 1852 a
1372 1805 1435 1853 sua
1455 1779 1613 1854 familia

262 1907 340 1980 sinc
369 1929 503 2005 pompa
524 1908 723 1981 associatus
749 1907 794 1981 ad
821 1907 1012 1981 ecclesiam
1041 1907 1146 1979 beate
1175 1905 1285 1978 lttarie
1313 1905 1513 2002 predictam
1536 1931 1547 1978 :
1571 1907 1611 1978 11

263 2033 391 2106 eadem
414 2033 574 2130 sepultus
599 2039 756 2106 estante
781 2033 893 2106 ultore
918 2033 1048 2128 majus,
1071 2031 1121 2104 ita
1146 2037 1268 2104 tamen
1292 2030 1392 2103 et'ex
1411 2032 1464 2104 sui
1481 2031 1612 2128 ipsius

263 2157 487 2232 ordinatione
509 2159 605 2257 quod
621 2159 717 2233 nulla
733 2181 841 2256 supra
861 2163 1097 2230 monumento
1114 2179 1180 2230 suo
1195 2155 1399 2252 hujusmodi
1415 2159 1611 2230 memoria

263 2291 371 2358 extat.
391 2289 438 2374 ts,
459 2309 552 2358 novo
572 2285 744 2382 pontifice
764 2285 946 2359 dominica
967 2289 1013 2356 29
1037 2283 1176 2380 augusti
1192 2283 1355 2381 proxime
1370 2284 1537 2380 preteriti
1557 2285 1611 2357 ad

263 2409 448 2484 basilicam
464 2435 493 2482 s.
513 2409 610 2484 Petri
625 2411 817 2500 associato,
834 2411 880 2483 ad
894 2409 1043 2483 domum
1059 2433 1162 2483 suam
1177 2409 1334 2498 rediens,
1352 2417 1388 2483 et
1402 2409 1509 2499 male,
1532 2435 1610 2484 seu

263 2543 448 2632 gravatum
463 2559 502 2607 se
523 2535 696 2623 sentiens,
714 2536 908 2610 adlectum
928 2559 966 2608 se
986 2534 1117 2632 posuit,
1140 2559 1185 2608 ex
1204 2559 1275 2631 quo
1296 2558 1404 2608 sanus
1422 2559 1495 2608 non
1518 2560 1613 2608 sur-

264 2659 368 2732 rexit.
393 2658 565 2733 Incidisse
588 2658 736 2733 omnino
759 2635 795 2732 11
819 2683 864 2733 11
886 2659 1095 2734 infirmitate
1115 2659 1246 2732 dicitur
1267 2661 1364 2756 quod
1383 2659 1612 2734 1111111111

265 2785 435 2858 diuturno
451 2791 488 2857 11
502 2790 680 2858 nocturno
695 2790 856 2883 tempore
872 2785 1043 2858 continuo
1054 2784 1253 2860 sollicitans
1263 2809 1337 2859 non
1352 2786 1497 2883 quierit.

316 2911 378 2984 His
394 2909 535 3000 11111111,
558 2910 620 2983 SS.
632 2913 676 2983 D.
690 2917 825 3003 noster,
842 2911 886 2984 de
902 2911 1153 2986 assistentibus
1166 2911 1313 3009 prelatis
1328 2912 1394 2984 sibi
1410 2913 1613 3010 providere

265 3037 406 3127 volens,
423 3035 670 3134 infrascriptos
682 3037 889 3135 assumpsit,
907 3063 1061 3136 quorum
1076 3041 1222 3114 nomina
1235 3045 1359 3114 notata
1373 3039 1407 3112 11
1426 3039 1614 3115 schedula

268 3162 447 3238 Sanctitas
463 3184 528 3235 sua
541 3161 631 3235 mihi
647 3163 738 3236 tradi
755 3163 854 3253 11111,
871 3163 1059 3258 1111111111;

311 3295 353 3362 11.
374 3293 417 3362 D.
436 3291 475 3362 L.
494 3285 737 3383 patriarcham
752 3289 1035 3380 Antiochenum,

317 3419 359 3487 11.
378 3417 422 3487 D.
439 3409 683 3510 patriarcham
699 3410 1078 3511 Hierosolymitanum,

317 3545 356 3613 11.
374 3543 417 3612 D.
436 3535 747 3633 archiepiscopum
766 3537 1029 3631 Arelatensem,

316 3669 359 3738 11.
378 3666 421 3736 D.
440 3661 753 3760 archiepiscopum
769 3667 1075 3759 Beneventanum,

319 3794 361 3862 11.
381 3790 423 3860 D.
438 3787 641 3862 lohannem
657 3789 867 3888 episcopum
888 3795 1115 3867 castrensem
1137 3794 1173 3867 in
1189 3796 1352 3888 Francia,
1463 3831 1466 3837 ·

318 3917 360 3985 11.
380 3915 423 3984 D.
442 3909 651 4007 episcopum
666 3911 932 4002 Theanonsem,

325 4043 369 4114 11.
387 4039 430 4108 D.
449 4035 659 4132 episcopum
674 4033 967 4125 11111111111111,

318 4170 360 4239 11.
379 4168 422 4237 D.
441 4161 653 4260 episcopum
670 4159 909 4252 Aleriensem,

316 4298 358 4366 11.
377 4295 420 4366 D.
437 4291 646 4388 episcopum
662 4292 943 4380 Nannetenscm,

316 4423 405 4492 1111.
424 4421 469 4491 D.
485 4415 687 4488 Johannem
703 4415 913 4512 episcopum
934 4418 1230 4494 Dunelmensem.

315 4541 506 4617 Dominica
524 4545 567 4613 12
588 4539 722 4612 mensis
740 4541 969 4638 septembris
988 4545 1155 4618 omnibus
1170 4571 1235 4644 pro
1253 4545 1489 4620 coronatione
1505 4569 1600 4642 pon-

269 4667 373 4742 tificis
397 4665 583 4756 ordinatis,
611 4666 673 4738 SS.
701 4668 744 4737 D.
773 4669 815 4738 N.
843 4667 1074 4740 innocentius
1100 4661 1194 4766 papa
1216 4673 1295 4746 Vlll
1323 4669 1470 4756 amictu,
1499 4669 1596 4759 alba,

268 4790 420 4886 singulo,
441 4791 549 4880 stola,
576 4789 738 4885 pluviali,
764 4789 885 4864 rubeis
907 4796 944 4864 et
968 4793 1074 4866 mitra
1097 4795 1280 4891 pretiosiS,
1303 4792 1533 4867 descendens
1554 4795 1600 4867 de

198 4919 203 4932 “
266 4913 398 5012 palatio
419 4914 464 4987 ad
479 4913 664 4986 basilicam
686 4937 716 4986 s.
743 4915 838 4990 Petri
858 4918 925 4990 sub
944 4919 1173 5010 baldachino,
1197 4922 1292 5016 quod
1314 4945 1380 5018 per
1402 4921 1601 4998 nobiliores

266 5039 365 5113 curie
380 5043 417 5113 et
429 5043 589 5112 oratores
604 5040 827 5136 portabatur,
843 5045 1062 5140 precedente
1083 5069 1205 5137 cruce,
1223 5053 1259 5121 et
1278 5053 1360 5144 post
1378 5069 1459 5120 eam
1481 5047 1601 5120 cardi-

265 5163 406 5240 nalibus
418 5163 455 5237 11
470 5187 597 5238 corum
613 5167 736 5262 cappis
754 5173 790 5240 et
805 5169 953 5264 prelatis
973 5171 1084 5245 etiam
1101 5171 1138 5245 in
1158 5173 1230 5246 suis
1246 5171 1370 5271 cappis
1384 5171 1601 5271 pontificem
