<?xml version="1.0" encoding="UTF-8"?>
<!DOCTYPE html PUBLIC "-//W3C//DTD XHTML 1.0 Transitional//EN"
    "http://www.w3.org/TR/xhtml1/DTD/xhtml1-transitional.dtd">
<html xmlns="http://www.w3.org/1999/xhtml" xml:lang="en" lang="en">
 <head>
  <title>
</title>
<meta http-equiv="Content-Type" content="text/html;charset=utf-8" />
  <meta name='ocr-system' content='tesseract 3.04.00' />
  <meta name='ocr-capabilities' content='ocr_page ocr_carea ocr_par ocr_line ocrx_word'/>
</head>
<body>
  <div class='ocr_page' id='page_1' title='image "./johannisburchar02burcgoog/johannisburchar02burcgoog_0165.png"; bbox 0 0 3496 6056; ppageno 0'>
   <div class='ocr_carea' id='block_1_1' title="bbox 338 457 1667 566">
    <p class='ocr_par' dir='ltr' id='par_1_1' title="bbox 338 457 1667 566">
     <span class='ocr_line' id='line_1_1' title="bbox 338 457 1667 566; baseline 0.016 -23"><span class='ocrx_word' id='word_1_1' title='bbox 338 509 391 566; x_wconf 70' lang='lat'>152</span> <span class='ocrx_word' id='word_1_2' title='bbox 791 457 966 556; x_wconf 85' lang='lat' dir='ltr'>vennunrs</span> <span class='ocrx_word' id='word_1_3' title='bbox 991 496 1213 565; x_wconf 79' lang='lat' dir='ltr'>nonensem,</span> <span class='ocrx_word' id='word_1_4' title='bbox 1420 501 1667 566; x_wconf 61' lang='lat' dir='ltr'>meramnum</span> 
     </span>
    </p>
   </div>
   <div class='ocr_carea' id='block_1_2' title="bbox 250 653 1747 4990">
    <p class='ocr_par' dir='ltr' id='par_1_2' title="bbox 338 653 1670 1266">
     <span class='ocr_line' id='line_1_2' title="bbox 339 653 1668 751; baseline -0.006 -17"><span class='ocrx_word' id='word_1_5' title='bbox 339 663 542 746; x_wconf 89' lang='lat' dir='ltr'>incensum,</span> <span class='ocrx_word' id='word_1_6' title='bbox 573 663 609 730; x_wconf 88' lang='lat' dir='ltr'>et</span> <span class='ocrx_word' id='word_1_7' title='bbox 634 655 828 730; x_wconf 87' lang='lat' dir='ltr'>incensatis</span> <span class='ocrx_word' id='word_1_8' title='bbox 852 678 919 751; x_wconf 90' lang='lat' dir='ltr'>per</span> <span class='ocrx_word' id='word_1_9' title='bbox 942 653 1186 728; x_wconf 77' lang='lat' dir='ltr'>celebrantem</span> <span class='ocrx_word' id='word_1_10' title='bbox 1214 654 1356 744; x_wconf 77' lang='lat' dir='ltr'>oblatiS,</span> <span class='ocrx_word' id='word_1_11' title='bbox 1381 654 1479 729; x_wconf 92' lang='lat' dir='ltr'>idem</span> <span class='ocrx_word' id='word_1_12' title='bbox 1499 653 1668 728; x_wconf 80' lang='lat' dir='ltr'>assistens</span> 
     </span>
     <span class='ocr_line' id='line_1_3' title="bbox 338 781 1669 881; baseline -0.007 -20"><span class='ocrx_word' id='word_1_13' title='bbox 338 787 536 862; x_wconf 78' lang='lat' dir='ltr'>incensavit</span> <span class='ocrx_word' id='word_1_14' title='bbox 565 789 699 881; x_wconf 88' lang='lat' dir='ltr'>Papam</span> <span class='ocrx_word' id='word_1_15' title='bbox 734 787 872 855; x_wconf 88' lang='lat' dir='ltr'>tantum</span> <span class='ocrx_word' id='word_1_16' title='bbox 898 807 906 854; x_wconf 92' lang='lat'>:</span> <span class='ocrx_word' id='word_1_17' title='bbox 931 781 989 853; x_wconf 86' lang='lat' dir='ltr'>alii</span> <span class='ocrx_word' id='word_1_18' title='bbox 1017 803 1090 852; x_wconf 91' lang='lat' dir='ltr'>non</span> <span class='ocrx_word' id='word_1_19' title='bbox 1119 781 1277 870; x_wconf 90' lang='lat' dir='ltr'>luerunt,</span> <span class='ocrx_word' id='word_1_20' title='bbox 1304 787 1340 854; x_wconf 90' lang='lat' dir='ltr'>et</span> <span class='ocrx_word' id='word_1_21' title='bbox 1367 781 1474 871; x_wconf 89' lang='lat' dir='ltr'>male,</span> <span class='ocrx_word' id='word_1_22' title='bbox 1504 781 1669 877; x_wconf 85' lang='lat' dir='ltr'>quoniam</span> 
     </span>
     <span class='ocr_line' id='line_1_4' title="bbox 341 905 1668 1010; baseline -0.007 -24"><span class='ocrx_word' id='word_1_23' title='bbox 341 919 438 1010; x_wconf 89' lang='lat' dir='ltr'>Papa</span> <span class='ocrx_word' id='word_1_24' title='bbox 460 935 532 983; x_wconf 94' lang='lat' dir='ltr'>non</span> <span class='ocrx_word' id='word_1_25' title='bbox 553 908 697 982; x_wconf 92' lang='lat' dir='ltr'>indutus</span> <span class='ocrx_word' id='word_1_26' title='bbox 719 906 974 1004; x_wconf 86' lang='lat' dir='ltr'>pontificaliter</span> <span class='ocrx_word' id='word_1_27' title='bbox 994 906 1227 994; x_wconf 88' lang='lat' dir='ltr'>indumentis,</span> <span class='ocrx_word' id='word_1_28' title='bbox 1250 930 1323 980; x_wconf 93' lang='lat' dir='ltr'>non</span> <span class='ocrx_word' id='word_1_29' title='bbox 1349 907 1457 980; x_wconf 90' lang='lat' dir='ltr'>debet</span> <span class='ocrx_word' id='word_1_30' title='bbox 1477 905 1668 994; x_wconf 72' lang='lat' dir='ltr'>insensati,</span> 
     </span>
     <span class='ocr_line' id='line_1_5' title="bbox 341 1031 1670 1131; baseline -0.007 -20"><span class='ocrx_word' id='word_1_31' title='bbox 341 1039 426 1112; x_wconf 89' lang='lat' dir='ltr'>licet</span> <span class='ocrx_word' id='word_1_32' title='bbox 442 1035 547 1131; x_wconf 86' lang='lat' dir='ltr'>aliqui</span> <span class='ocrx_word' id='word_1_33' title='bbox 563 1034 684 1106; x_wconf 89' lang='lat' dir='ltr'>dicant</span> <span class='ocrx_word' id='word_1_34' title='bbox 700 1033 795 1128; x_wconf 93' lang='lat' dir='ltr'>quod</span> <span class='ocrx_word' id='word_1_35' title='bbox 810 1032 880 1104; x_wconf 92' lang='lat' dir='ltr'>boc</span> <span class='ocrx_word' id='word_1_36' title='bbox 904 1031 1021 1103; x_wconf 90' lang='lat' dir='ltr'>solum</span> <span class='ocrx_word' id='word_1_37' title='bbox 1037 1053 1160 1103; x_wconf 90' lang='lat' dir='ltr'>verum</span> <span class='ocrx_word' id='word_1_38' title='bbox 1178 1037 1233 1104; x_wconf 91' lang='lat' dir='ltr'>est</span> <span class='ocrx_word' id='word_1_39' title='bbox 1256 1031 1292 1103; x_wconf 95' lang='lat' dir='ltr'>in</span> <span class='ocrx_word' id='word_1_40' title='bbox 1311 1031 1489 1129; x_wconf 94' lang='lat' dir='ltr'>principio</span> <span class='ocrx_word' id='word_1_41' title='bbox 1512 1031 1620 1103; x_wconf 89' lang='lat' dir='ltr'>misse</span> <span class='ocrx_word' id='word_1_42' title='bbox 1640 1037 1670 1102; x_wconf 90' lang='lat' dir='ltr'>et</span> 
     </span>
     <span class='ocr_line' id='line_1_6' title="bbox 343 1151 1661 1266; baseline -0.005 -31"><span class='ocrx_word' id='word_1_43' title='bbox 343 1164 386 1236; x_wconf 92' lang='lat' dir='ltr'>ad</span> <span class='ocrx_word' id='word_1_44' title='bbox 410 1159 632 1266; x_wconf 85' lang='lat' dir='ltr'>evangelium</span> <span class='ocrx_word' id='word_1_45' title='bbox 653 1183 660 1232; x_wconf 94' lang='lat'><strong>:</strong></span> <span class='ocrx_word' id='word_1_46' title='bbox 680 1157 787 1254; x_wconf 83' lang='lat' dir='ltr'>igitur</span> <span class='ocrx_word' id='word_1_47' title='bbox 811 1180 938 1230; x_wconf 91' lang='lat' dir='ltr'>omnes</span> <span class='ocrx_word' id='word_1_48' title='bbox 957 1157 1091 1230; x_wconf 90' lang='lat' dir='ltr'>debent</span> <span class='ocrx_word' id='word_1_49' title='bbox 1108 1156 1286 1230; x_wconf 89' lang='lat' dir='ltr'>incensari</span> <span class='ocrx_word' id='word_1_50' title='bbox 1302 1155 1354 1230; x_wconf 90' lang='lat' dir='ltr'>sic</span> <span class='ocrx_word' id='word_1_51' title='bbox 1370 1157 1405 1229; x_wconf 93' lang='lat' dir='ltr'>in</span> <span class='ocrx_word' id='word_1_52' title='bbox 1423 1157 1589 1231; x_wconf 88' lang='lat' dir='ltr'>solemni.</span> <span class='ocrx_word' id='word_1_53' title='bbox 1660 1151 1661 1156; x_wconf 65' lang='grc'>’</span> 
     </span>
    </p>

    <p class='ocr_par' dir='ltr' id='par_1_3' title="bbox 343 1281 1673 1886">
     <span class='ocr_line' id='line_1_7' title="bbox 395 1281 1670 1376; baseline -0.001 -18"><span class='ocrx_word' id='word_1_54' title='bbox 395 1285 527 1360; x_wconf 81' lang='lat' dir='ltr'>Eadem</span> <span class='ocrx_word' id='word_1_55' title='bbox 542 1286 613 1376; x_wconf 87' lang='lat' dir='ltr'>die,</span> <span class='ocrx_word' id='word_1_56' title='bbox 633 1285 729 1356; x_wconf 90' lang='lat' dir='ltr'>circa</span> <span class='ocrx_word' id='word_1_57' title='bbox 744 1284 871 1356; x_wconf 88' lang='lat' dir='ltr'>horam</span> <span class='ocrx_word' id='word_1_58' title='bbox 889 1283 1084 1356; x_wconf 86' lang='lat' dir='ltr'>secundam</span> <span class='ocrx_word' id='word_1_59' title='bbox 1098 1281 1227 1372; x_wconf 90' lang='lat' dir='ltr'>noctis,</span> <span class='ocrx_word' id='word_1_60' title='bbox 1246 1282 1435 1356; x_wconf 88' lang='lat' dir='ltr'>incivitate</span> <span class='ocrx_word' id='word_1_61' title='bbox 1452 1284 1670 1358; x_wconf 87' lang='lat' dir='ltr'>Urbevetana</span> 
     </span>
     <span class='ocr_line' id='line_1_8' title="bbox 343 1407 1670 1510; baseline -0.003 -26"><span class='ocrx_word' id='word_1_62' title='bbox 343 1413 397 1487; x_wconf 93' lang='lat' dir='ltr'>vel</span> <span class='ocrx_word' id='word_1_63' title='bbox 413 1436 539 1510; x_wconf 90' lang='lat' dir='ltr'>prope,</span> <span class='ocrx_word' id='word_1_64' title='bbox 558 1411 646 1484; x_wconf 94' lang='lat' dir='ltr'>obiit</span> <span class='ocrx_word' id='word_1_65' title='bbox 661 1415 786 1483; x_wconf 88' lang='lat' dir='ltr'>Rmus.</span> <span class='ocrx_word' id='word_1_66' title='bbox 804 1410 841 1481; x_wconf 94' lang='lat' dir='ltr'>in</span> <span class='ocrx_word' id='word_1_67' title='bbox 862 1409 1002 1483; x_wconf 84' lang='lat' dir='ltr'>Christo</span> <span class='ocrx_word' id='word_1_68' title='bbox 1019 1412 1058 1480; x_wconf 88' lang='lat' dir='ltr'>l&#39;.</span> <span class='ocrx_word' id='word_1_69' title='bbox 1078 1411 1120 1480; x_wconf 86' lang='lat' dir='ltr'>n.</span> <span class='ocrx_word' id='word_1_70' title='bbox 1140 1412 1265 1481; x_wconf 89' lang='lat' dir='ltr'>Petrus</span> <span class='ocrx_word' id='word_1_71' title='bbox 1277 1407 1469 1482; x_wconf 86' lang='lat' dir='ltr'>cardinalis</span> <span class='ocrx_word' id='word_1_72' title='bbox 1485 1411 1670 1490; x_wconf 85' lang='lat' dir='ltr'>Fuscarns,</span> 
     </span>
     <span class='ocr_line' id='line_1_9' title="bbox 344 1532 1672 1635; baseline -0.005 -24"><span class='ocrx_word' id='word_1_73' title='bbox 344 1540 445 1635; x_wconf 84' lang='lat' dir='ltr'>cujus</span> <span class='ocrx_word' id='word_1_74' title='bbox 461 1537 581 1610; x_wconf 87' lang='lat' dir='ltr'>anima</span> <span class='ocrx_word' id='word_1_75' title='bbox 597 1535 801 1633; x_wconf 87' lang='lat' dir='ltr'>requiescat</span> <span class='ocrx_word' id='word_1_76' title='bbox 816 1535 852 1606; x_wconf 94' lang='lat' dir='ltr'>in</span> <span class='ocrx_word' id='word_1_77' title='bbox 868 1558 970 1632; x_wconf 90' lang='lat' dir='ltr'>pace.</span> <span class='ocrx_word' id='word_1_78' title='bbox 995 1533 1153 1606; x_wconf 80' lang='lat' dir='ltr'>Cadaver</span> <span class='ocrx_word' id='word_1_79' title='bbox 1165 1535 1244 1630; x_wconf 91' lang='lat' dir='ltr'>ejus</span> <span class='ocrx_word' id='word_1_80' title='bbox 1265 1532 1395 1606; x_wconf 91' lang='lat' dir='ltr'>deinde</span> <span class='ocrx_word' id='word_1_81' title='bbox 1412 1533 1597 1606; x_wconf 89' lang='lat' dir='ltr'>traslatum</span> <span class='ocrx_word' id='word_1_82' title='bbox 1612 1535 1672 1605; x_wconf 87' lang='lat' dir='ltr'>luit</span> 
     </span>
     <span class='ocr_line' id='line_1_10' title="bbox 345 1659 1673 1758; baseline -0.004 -21"><span class='ocrx_word' id='word_1_83' title='bbox 345 1665 391 1737; x_wconf 90' lang='lat' dir='ltr'>ad</span> <span class='ocrx_word' id='word_1_84' title='bbox 408 1665 540 1736; x_wconf 83' lang='lat' dir='ltr'>Uvbrrn</span> <span class='ocrx_word' id='word_1_85' title='bbox 562 1668 597 1736; x_wconf 91' lang='lat' dir='ltr'>et</span> <span class='ocrx_word' id='word_1_86' title='bbox 621 1662 656 1734; x_wconf 94' lang='lat' dir='ltr'>in</span> <span class='ocrx_word' id='word_1_87' title='bbox 679 1660 833 1734; x_wconf 89' lang='lat' dir='ltr'>ecclesia</span> <span class='ocrx_word' id='word_1_88' title='bbox 851 1660 957 1732; x_wconf 85' lang='lat' dir='ltr'>beate</span> <span class='ocrx_word' id='word_1_89' title='bbox 983 1659 1095 1733; x_wconf 85' lang='lat' dir='ltr'>blarie</span> <span class='ocrx_word' id='word_1_90' title='bbox 1116 1659 1160 1732; x_wconf 93' lang='lat' dir='ltr'>de</span> <span class='ocrx_word' id='word_1_91' title='bbox 1182 1659 1317 1756; x_wconf 89' lang='lat' dir='ltr'>Populo</span> <span class='ocrx_word' id='word_1_92' title='bbox 1340 1660 1375 1732; x_wconf 95' lang='lat' dir='ltr'>in</span> <span class='ocrx_word' id='word_1_93' title='bbox 1396 1661 1548 1758; x_wconf 85' lang='lat' dir='ltr'>capella,</span> <span class='ocrx_word' id='word_1_94' title='bbox 1572 1684 1673 1756; x_wconf 86' lang='lat' dir='ltr'>quarn</span> 
     </span>
     <span class='ocr_line' id='line_1_11' title="bbox 347 1783 1252 1886; baseline -0.006 -24"><span class='ocrx_word' id='word_1_95' title='bbox 347 1789 424 1886; x_wconf 89' lang='lat' dir='ltr'>ipse</span> <span class='ocrx_word' id='word_1_96' title='bbox 441 1789 507 1860; x_wconf 86' lang='lat' dir='ltr'>sibi</span> <span class='ocrx_word' id='word_1_97' title='bbox 523 1793 785 1876; x_wconf 84' lang='lat' dir='ltr'>construxerat,</span> <span class='ocrx_word' id='word_1_98' title='bbox 805 1786 987 1882; x_wconf 88' lang='lat' dir='ltr'>sepulture</span> <span class='ocrx_word' id='word_1_99' title='bbox 1005 1783 1173 1858; x_wconf 86' lang='lat' dir='ltr'>traditum</span> <span class='ocrx_word' id='word_1_100' title='bbox 1191 1785 1252 1884; x_wconf 89' lang='lat' dir='ltr'>(t).</span> 
     </span>
    </p>

    <p class='ocr_par' dir='ltr' id='par_1_4' title="bbox 348 1909 1715 2886">
     <span class='ocr_line' id='line_1_12' title="bbox 397 1909 1672 2007; baseline -0.005 -21"><span class='ocrx_word' id='word_1_101' title='bbox 397 1914 500 1987; x_wconf 75' lang='lat' dir='ltr'>reris</span> <span class='ocrx_word' id='word_1_102' title='bbox 526 1914 697 2002; x_wconf 89' lang='lat' dir='ltr'>secunda,</span> <span class='ocrx_word' id='word_1_103' title='bbox 726 1916 769 1985; x_wconf 75' lang='lat'>29</span> <span class='ocrx_word' id='word_1_104' title='bbox 794 1911 879 1984; x_wconf 86' lang='lat' dir='ltr'>dicti</span> <span class='ocrx_word' id='word_1_105' title='bbox 904 1911 1040 1984; x_wconf 87' lang='lat' dir='ltr'>mensis</span> <span class='ocrx_word' id='word_1_106' title='bbox 1065 1911 1221 2007; x_wconf 84' lang='lat' dir='ltr'>augusti,</span> <span class='ocrx_word' id='word_1_107' title='bbox 1248 1911 1340 1984; x_wconf 86' lang='lat' dir='ltr'>testo</span> <span class='ocrx_word' id='word_1_108' title='bbox 1370 1909 1624 1984; x_wconf 84' lang='lat' dir='ltr'>decollationis</span> <span class='ocrx_word' id='word_1_109' title='bbox 1649 1934 1672 1980; x_wconf 86' lang='lat' dir='ltr'>s.</span> 
     </span>
     <span class='ocr_line' id='line_1_13' title="bbox 348 2034 1674 2134; baseline -0.005 -21"><span class='ocrx_word' id='word_1_110' title='bbox 348 2038 522 2114; x_wconf 82' lang='lat' dir='ltr'>lobannis</span> <span class='ocrx_word' id='word_1_111' title='bbox 543 2037 715 2134; x_wconf 83' lang='lat' dir='ltr'>Baptista,</span> <span class='ocrx_word' id='word_1_112' title='bbox 743 2035 987 2110; x_wconf 89' lang='lat' dir='ltr'>anniversario</span> <span class='ocrx_word' id='word_1_113' title='bbox 1014 2034 1271 2132; x_wconf 89' lang='lat' dir='ltr'>assumptionis</span> <span class='ocrx_word' id='word_1_114' title='bbox 1293 2036 1357 2109; x_wconf 92' lang='lat' dir='ltr'>SS.</span> <span class='ocrx_word' id='word_1_115' title='bbox 1385 2038 1428 2108; x_wconf 88' lang='grc' dir='ltr'>Ι).</span> <span class='ocrx_word' id='word_1_116' title='bbox 1455 2037 1496 2107; x_wconf 89' lang='grc' dir='ltr'>Ν.</span> <span class='ocrx_word' id='word_1_117' title='bbox 1523 2057 1616 2131; x_wconf 91' lang='lat' dir='ltr'>pape</span> <span class='ocrx_word' id='word_1_118' title='bbox 1638 2036 1674 2108; x_wconf 86' lang='lat' dir='ltr'>ad</span> 
     </span>
     <span class='ocr_line' id='line_1_14' title="bbox 349 2160 1674 2262; baseline -0.005 -24"><span class='ocrx_word' id='word_1_119' title='bbox 349 2165 489 2262; x_wconf 89' lang='lat' dir='ltr'>apicem</span> <span class='ocrx_word' id='word_1_120' title='bbox 520 2163 650 2235; x_wconf 89' lang='lat' dir='ltr'>summi</span> <span class='ocrx_word' id='word_1_121' title='bbox 682 2161 917 2257; x_wconf 77' lang='lat' dir='ltr'>apostolatuS,</span> <span class='ocrx_word' id='word_1_122' title='bbox 955 2165 1079 2232; x_wconf 77' lang='lat' dir='ltr'>llmus.</span> <span class='ocrx_word' id='word_1_123' title='bbox 1114 2163 1157 2232; x_wconf 83' lang='lat' dir='ltr'>l).</span> <span class='ocrx_word' id='word_1_124' title='bbox 1186 2160 1376 2233; x_wconf 89' lang='lat' dir='ltr'>cardinalis</span> <span class='ocrx_word' id='word_1_125' title='bbox 1409 2160 1674 2256; x_wconf 75' lang='lat' dir='ltr'>Andegaveuus</span> 
     </span>
     <span class='ocr_line' id='line_1_15' title="bbox 350 2285 1715 2388; baseline -0.005 -25"><span class='ocrx_word' id='word_1_126' title='bbox 350 2291 539 2388; x_wconf 86' lang='lat' dir='ltr'>opiscopus</span> <span class='ocrx_word' id='word_1_127' title='bbox 565 2287 793 2373; x_wconf 81' lang='lat' dir='ltr'>Albancnsis,</span> <span class='ocrx_word' id='word_1_128' title='bbox 829 2285 1022 2358; x_wconf 89' lang='lat' dir='ltr'>celebravit</span> <span class='ocrx_word' id='word_1_129' title='bbox 1048 2286 1195 2358; x_wconf 89' lang='lat' dir='ltr'>missam</span> <span class='ocrx_word' id='word_1_130' title='bbox 1236 2286 1437 2359; x_wconf 87' lang='lat' dir='ltr'>solemnem</span> <span class='ocrx_word' id='word_1_131' title='bbox 1469 2287 1506 2358; x_wconf 92' lang='lat' dir='ltr'>in</span> <span class='ocrx_word' id='word_1_132' title='bbox 1545 2285 1677 2382; x_wconf 87' lang='lat' dir='ltr'>capella</span> <span class='ocrx_word' id='word_1_133' title='bbox 1710 2323 1715 2334; x_wconf 93' lang='lat'><strong>·</strong></span> 
     </span>
     <span class='ocr_line' id='line_1_16' title="bbox 352 2410 1676 2511; baseline -0.005 -23"><span class='ocrx_word' id='word_1_134' title='bbox 352 2417 488 2511; x_wconf 91' lang='lat' dir='ltr'>majore</span> <span class='ocrx_word' id='word_1_135' title='bbox 506 2413 627 2510; x_wconf 89' lang='lat' dir='ltr'>palatii</span> <span class='ocrx_word' id='word_1_136' title='bbox 644 2411 845 2508; x_wconf 88' lang='lat' dir='ltr'>apostolici,</span> <span class='ocrx_word' id='word_1_137' title='bbox 864 2418 1012 2508; x_wconf 89' lang='lat' dir='ltr'>propter</span> <span class='ocrx_word' id='word_1_138' title='bbox 1035 2410 1235 2484; x_wconf 89' lang='lat' dir='ltr'>absentiam</span> <span class='ocrx_word' id='word_1_139' title='bbox 1255 2411 1552 2509; x_wconf 79' lang='lat' dir='ltr'>presbyterorum</span> <span class='ocrx_word' id='word_1_140' title='bbox 1569 2411 1676 2484; x_wconf 86' lang='lat' dir='ltr'>cardi-</span> 
     </span>
     <span class='ocr_line' id='line_1_17' title="bbox 352 2535 1676 2634; baseline -0.003 -22"><span class='ocrx_word' id='word_1_141' title='bbox 352 2540 486 2612; x_wconf 92' lang='lat' dir='ltr'>nalium</span> <span class='ocrx_word' id='word_1_142' title='bbox 503 2561 655 2634; x_wconf 92' lang='lat' dir='ltr'>quorum</span> <span class='ocrx_word' id='word_1_143' title='bbox 672 2537 790 2608; x_wconf 90' lang='lat' dir='ltr'>nullus</span> <span class='ocrx_word' id='word_1_144' title='bbox 811 2536 973 2610; x_wconf 88' lang='lat' dir='ltr'>interluit</span> <span class='ocrx_word' id='word_1_145' title='bbox 988 2542 1110 2633; x_wconf 88' lang='lat' dir='ltr'>preter</span> <span class='ocrx_word' id='word_1_146' title='bbox 1126 2535 1325 2609; x_wconf 89' lang='lat' dir='ltr'>cardinales</span> <span class='ocrx_word' id='word_1_147' title='bbox 1346 2535 1390 2609; x_wconf 90' lang='lat' dir='ltr'>de</span> <span class='ocrx_word' id='word_1_148' title='bbox 1407 2535 1621 2626; x_wconf 72' lang='lat' dir='ltr'>comitibus,</span> <span class='ocrx_word' id='word_1_149' title='bbox 1639 2537 1676 2608; x_wconf 90' lang='lat' dir='ltr'>de</span> 
     </span>
     <span class='ocr_line' id='line_1_18' title="bbox 354 2661 1674 2752; baseline -0.001 -15"><span class='ocrx_word' id='word_1_150' title='bbox 354 2663 519 2752; x_wconf 88' lang='lat' dir='ltr'>Sabellis,</span> <span class='ocrx_word' id='word_1_151' title='bbox 538 2664 581 2736; x_wconf 93' lang='lat' dir='ltr'>de</span> <span class='ocrx_word' id='word_1_152' title='bbox 598 2663 773 2735; x_wconf 85' lang='lat' dir='ltr'>Columna</span> <span class='ocrx_word' id='word_1_153' title='bbox 788 2671 823 2735; x_wconf 93' lang='lat' dir='ltr'>et</span> <span class='ocrx_word' id='word_1_154' title='bbox 842 2663 886 2735; x_wconf 89' lang='lat' dir='ltr'>de</span> <span class='ocrx_word' id='word_1_155' title='bbox 908 2663 1059 2736; x_wconf 87' lang='lat' dir='ltr'>Ursinis.</span> <span class='ocrx_word' id='word_1_156' title='bbox 1079 2662 1173 2735; x_wconf 86' lang='lat' dir='ltr'>Dixit</span> <span class='ocrx_word' id='word_1_157' title='bbox 1186 2685 1293 2736; x_wconf 88' lang='lat' dir='ltr'>unam</span> <span class='ocrx_word' id='word_1_158' title='bbox 1310 2661 1512 2736; x_wconf 89' lang='lat' dir='ltr'>orationem</span> <span class='ocrx_word' id='word_1_159' title='bbox 1528 2667 1674 2736; x_wconf 84' lang='lat' dir='ltr'>tantum.</span> 
     </span>
     <span class='ocr_line' id='line_1_19' title="bbox 353 2787 1675 2886; baseline 0.005 -26"><span class='ocrx_word' id='word_1_160' title='bbox 353 2789 519 2864; x_wconf 89' lang='lat' dir='ltr'>videlicet</span> <span class='ocrx_word' id='word_1_161' title='bbox 538 2817 544 2860; x_wconf 93' lang='lat'>:</span> <span class='ocrx_word' id='word_1_162' title='bbox 563 2789 663 2862; x_wconf 85' lang='lat' dir='ltr'>Dens</span> <span class='ocrx_word' id='word_1_163' title='bbox 678 2789 740 2886; x_wconf 84' lang='lat' dir='ltr'>qni</span> <span class='ocrx_word' id='word_1_164' title='bbox 758 2787 862 2860; x_wconf 83' lang='lat' dir='ltr'>cordo</span> <span class='ocrx_word' id='word_1_165' title='bbox 881 2788 1057 2884; x_wconf 78' lang='lat' dir='ltr'>fidelium,</span> <span class='ocrx_word' id='word_1_166' title='bbox 1085 2788 1228 2861; x_wconf 88' lang='lat' dir='ltr'>omissis</span> <span class='ocrx_word' id='word_1_167' title='bbox 1252 2789 1370 2862; x_wconf 90' lang='lat' dir='ltr'>verbis</span> <span class='ocrx_word' id='word_1_168' title='bbox 1394 2813 1401 2862; x_wconf 94' lang='lat'><strong>:</strong></span> <span class='ocrx_word' id='word_1_169' title='bbox 1424 2789 1593 2862; x_wconf 76' lang='lat' dir='ltr'>dodisma</span> <span class='ocrx_word' id='word_1_170' title='bbox 1613 2788 1675 2866; x_wconf 79' lang='lat' dir='ltr'>dir.</span> 
     </span>
    </p>

    <p class='ocr_par' dir='ltr' id='par_1_5' title="bbox 250 2905 1676 3362">
     <span class='ocr_line' id='line_1_20' title="bbox 250 2905 1676 3012; baseline -0.001 -26"><span class='ocrx_word' id='word_1_171' title='bbox 250 2905 251 2909; x_wconf 44' lang='lat'>&#39;</span> <span class='ocrx_word' id='word_1_172' title='bbox 355 2937 424 3010; x_wconf 90' lang='lat' dir='ltr'>que</span> <span class='ocrx_word' id='word_1_173' title='bbox 442 2913 550 2988; x_wconf 88' lang='lat' dir='ltr'>etiam</span> <span class='ocrx_word' id='word_1_174' title='bbox 567 2912 602 2983; x_wconf 94' lang='lat' dir='ltr'>in</span> <span class='ocrx_word' id='word_1_175' title='bbox 621 2911 821 3008; x_wconf 85' lang='lat' dir='ltr'>pretatione</span> <span class='ocrx_word' id='word_1_176' title='bbox 838 2914 971 2986; x_wconf 88' lang='lat' dir='ltr'>omisit.</span> <span class='ocrx_word' id='word_1_177' title='bbox 995 2913 1091 2986; x_wconf 87' lang='lat' dir='ltr'>lutra</span> <span class='ocrx_word' id='word_1_178' title='bbox 1109 2914 1290 2988; x_wconf 89' lang='lat' dir='ltr'>actionem</span> <span class='ocrx_word' id='word_1_179' title='bbox 1306 2937 1379 2988; x_wconf 92' lang='lat' dir='ltr'>non</span> <span class='ocrx_word' id='word_1_180' title='bbox 1403 2915 1490 2988; x_wconf 82' lang='lat' dir='ltr'>dixit</span> <span class='ocrx_word' id='word_1_181' title='bbox 1501 2915 1676 3012; x_wconf 82' lang='lat' dir='ltr'>proprium</span> 
     </span>
     <span class='ocr_line' id='line_1_21' title="bbox 355 3037 1676 3134; baseline 0.001 -24"><span class='ocrx_word' id='word_1_182' title='bbox 355 3063 424 3134; x_wconf 86' lang='lat' dir='ltr'>que</span> <span class='ocrx_word' id='word_1_183' title='bbox 440 3061 508 3111; x_wconf 89' lang='lat' dir='ltr'>nee</span> <span class='ocrx_word' id='word_1_184' title='bbox 524 3037 631 3110; x_wconf 89' lang='lat' dir='ltr'>debet</span> <span class='ocrx_word' id='word_1_185' title='bbox 647 3037 730 3110; x_wconf 89' lang='lat' dir='ltr'>dici.</span> <span class='ocrx_word' id='word_1_186' title='bbox 751 3042 899 3111; x_wconf 89' lang='lat' dir='ltr'>Prosam</span> <span class='ocrx_word' id='word_1_187' title='bbox 913 3039 1078 3112; x_wconf 91' lang='lat' dir='ltr'>dixerunt</span> <span class='ocrx_word' id='word_1_188' title='bbox 1093 3046 1259 3112; x_wconf 87' lang='lat' dir='ltr'>cantores</span> <span class='ocrx_word' id='word_1_189' title='bbox 1275 3064 1282 3130; x_wconf 90' lang='lat'>;</span> <span class='ocrx_word' id='word_1_190' title='bbox 1302 3041 1504 3114; x_wconf 88' lang='lat' dir='ltr'>adversum</span> <span class='ocrx_word' id='word_1_191' title='bbox 1519 3039 1676 3126; x_wconf 79' lang='lat' dir='ltr'>Alleluia,</span> 
     </span>
     <span class='ocr_line' id='line_1_22' title="bbox 358 3163 1676 3263; baseline -0.001 -26"><span class='ocrx_word' id='word_1_192' title='bbox 358 3169 454 3261; x_wconf 86' lang='lat' dir='ltr'>Papa</span> <span class='ocrx_word' id='word_1_193' title='bbox 469 3164 566 3236; x_wconf 88' lang='lat' dir='ltr'>venit</span> <span class='ocrx_word' id='word_1_194' title='bbox 582 3163 627 3237; x_wconf 92' lang='lat' dir='ltr'>ad</span> <span class='ocrx_word' id='word_1_195' title='bbox 644 3163 895 3253; x_wconf 80' lang='lat' dir='ltr'>faldistorium,</span> <span class='ocrx_word' id='word_1_196' title='bbox 914 3165 1064 3237; x_wconf 87' lang='lat' dir='ltr'>sednon</span> <span class='ocrx_word' id='word_1_197' title='bbox 1081 3164 1212 3262; x_wconf 90' lang='lat' dir='ltr'>incepit</span> <span class='ocrx_word' id='word_1_198' title='bbox 1223 3167 1351 3263; x_wconf 90' lang='lat' dir='ltr'>ipsum.</span> <span class='ocrx_word' id='word_1_199' title='bbox 1370 3169 1448 3240; x_wconf 87' lang='lat' dir='ltr'>Non</span> <span class='ocrx_word' id='word_1_200' title='bbox 1465 3165 1530 3238; x_wconf 85' lang='lat' dir='ltr'>luit</span> <span class='ocrx_word' id='word_1_201' title='bbox 1546 3187 1676 3250; x_wconf 88' lang='lat' dir='ltr'>sermo;</span> 
     </span>
     <span class='ocr_line' id='line_1_23' title="bbox 355 3289 1115 3362; baseline 0 0"><span class='ocrx_word' id='word_1_202' title='bbox 355 3289 423 3362; x_wconf 87' lang='lat' dir='ltr'>ulia</span> <span class='ocrx_word' id='word_1_203' title='bbox 438 3289 558 3362; x_wconf 85' lang='lat' dir='ltr'>omnia</span> <span class='ocrx_word' id='word_1_204' title='bbox 575 3312 675 3361; x_wconf 93' lang='lat' dir='ltr'>more</span> <span class='ocrx_word' id='word_1_205' title='bbox 693 3289 797 3362; x_wconf 90' lang='lat' dir='ltr'>solito</span> <span class='ocrx_word' id='word_1_206' title='bbox 815 3295 897 3362; x_wconf 91' lang='lat' dir='ltr'>sunt</span> <span class='ocrx_word' id='word_1_207' title='bbox 915 3290 1115 3362; x_wconf 87' lang='lat' dir='ltr'>observata.</span> 
     </span>
    </p>

    <p class='ocr_par' dir='ltr' id='par_1_6' title="bbox 359 3414 1747 4990">
     <span class='ocr_line' id='line_1_24' title="bbox 407 3414 1678 3512; baseline 0 -27"><span class='ocrx_word' id='word_1_208' title='bbox 407 3414 510 3487; x_wconf 86' lang='lat' dir='ltr'>Faria</span> <span class='ocrx_word' id='word_1_209' title='bbox 526 3415 662 3509; x_wconf 87' lang='lat' dir='ltr'>quinta,</span> <span class='ocrx_word' id='word_1_210' title='bbox 682 3419 702 3486; x_wconf 89' lang='lat'>8</span> <span class='ocrx_word' id='word_1_211' title='bbox 725 3415 860 3488; x_wconf 88' lang='lat' dir='ltr'>mensis</span> <span class='ocrx_word' id='word_1_212' title='bbox 886 3415 1114 3512; x_wconf 61' lang='lat' dir='ltr'>septembris</span> <span class='ocrx_word' id='word_1_213' title='bbox 1141 3418 1205 3489; x_wconf 86' lang='lat' dir='ltr'>SS.</span> <span class='ocrx_word' id='word_1_214' title='bbox 1233 3421 1276 3489; x_wconf 88' lang='lat' dir='ltr'>D.</span> <span class='ocrx_word' id='word_1_215' title='bbox 1302 3421 1344 3490; x_wconf 93' lang='lat' dir='ltr'>N.</span> <span class='ocrx_word' id='word_1_216' title='bbox 1371 3417 1408 3490; x_wconf 93' lang='lat' dir='ltr'>in</span> <span class='ocrx_word' id='word_1_217' title='bbox 1432 3423 1558 3489; x_wconf 90' lang='lat' dir='ltr'>manto</span> <span class='ocrx_word' id='word_1_218' title='bbox 1583 3437 1678 3511; x_wconf 81' lang='lat' dir='ltr'>supra</span> 
     </span>
     <span class='ocr_line' id='line_1_25' title="bbox 359 3539 1678 3640; baseline 0.001 -30"><span class='ocrx_word' id='word_1_219' title='bbox 359 3539 548 3612; x_wconf 91' lang='lat' dir='ltr'>rochetum</span> <span class='ocrx_word' id='word_1_220' title='bbox 570 3539 703 3634; x_wconf 89' lang='lat' dir='ltr'>absque</span> <span class='ocrx_word' id='word_1_221' title='bbox 725 3563 848 3628; x_wconf 88' lang='lat' dir='ltr'>cruce,</span> <span class='ocrx_word' id='word_1_222' title='bbox 872 3540 948 3613; x_wconf 90' lang='lat' dir='ltr'>sine</span> <span class='ocrx_word' id='word_1_223' title='bbox 964 3541 1082 3635; x_wconf 86' lang='lat' dir='ltr'>aliquo</span> <span class='ocrx_word' id='word_1_224' title='bbox 1103 3542 1297 3632; x_wconf 88' lang='lat' dir='ltr'>cardinale,</span> <span class='ocrx_word' id='word_1_225' title='bbox 1318 3543 1465 3640; x_wconf 89' lang='lat' dir='ltr'>prelatis</span> <span class='ocrx_word' id='word_1_226' title='bbox 1481 3541 1678 3616; x_wconf 86' lang='lat' dir='ltr'>domesticis</span> 
     </span>
     <span class='ocr_line' id='line_1_26' title="bbox 360 3663 1677 3765; baseline 0 -31"><span class='ocrx_word' id='word_1_227' title='bbox 360 3663 476 3758; x_wconf 89' lang='lat' dir='ltr'>ipsum</span> <span class='ocrx_word' id='word_1_228' title='bbox 499 3668 637 3736; x_wconf 86' lang='lat' dir='ltr'>tanturn</span> <span class='ocrx_word' id='word_1_229' title='bbox 665 3665 941 3754; x_wconf 83' lang='lat' dir='ltr'>associantibus,</span> <span class='ocrx_word' id='word_1_230' title='bbox 970 3665 1068 3738; x_wconf 88' lang='lat' dir='ltr'>venit</span> <span class='ocrx_word' id='word_1_231' title='bbox 1099 3667 1143 3738; x_wconf 89' lang='lat' dir='ltr'>ad</span> <span class='ocrx_word' id='word_1_232' title='bbox 1165 3667 1340 3764; x_wconf 88' lang='lat' dir='ltr'>capellam</span> <span class='ocrx_word' id='word_1_233' title='bbox 1364 3669 1605 3765; x_wconf 84' lang='lat' dir='ltr'>supradictam</span> <span class='ocrx_word' id='word_1_234' title='bbox 1628 3665 1677 3737; x_wconf 91' lang='lat' dir='ltr'>ubi</span> 
     </span>
     <span class='ocr_line' id='line_1_27' title="bbox 360 3789 1747 3892; baseline 0 -32"><span class='ocrx_word' id='word_1_235' title='bbox 360 3789 506 3861; x_wconf 87' lang='lat' dir='ltr'>vnissam</span> <span class='ocrx_word' id='word_1_236' title='bbox 522 3789 700 3885; x_wconf 85' lang='lat' dir='ltr'>publicam</span> <span class='ocrx_word' id='word_1_237' title='bbox 715 3814 820 3885; x_wconf 87' lang='lat' dir='ltr'>quarn</span> <span class='ocrx_word' id='word_1_238' title='bbox 838 3795 879 3862; x_wconf 78' lang='lat' dir='ltr'>ll.</span> <span class='ocrx_word' id='word_1_239' title='bbox 900 3795 937 3863; x_wconf 91' lang='lat' dir='ltr'>P.</span> <span class='ocrx_word' id='word_1_240' title='bbox 957 3795 1000 3864; x_wconf 84' lang='lat' dir='ltr'>b.</span> <span class='ocrx_word' id='word_1_241' title='bbox 1018 3792 1202 3866; x_wconf 83' lang='lat' dir='ltr'>lohannes</span> <span class='ocrx_word' id='word_1_242' title='bbox 1214 3795 1407 3892; x_wconf 88' lang='lat' dir='ltr'>episcopus</span> <span class='ocrx_word' id='word_1_243' title='bbox 1422 3789 1679 3890; x_wconf 84' lang='lat' dir='ltr'>Strongulensis</span> <span class='ocrx_word' id='word_1_244' title='bbox 1739 3826 1747 3889; x_wconf 72' lang='grc' dir='ltr'>ρ</span> 
     </span>
     <span class='ocr_line' id='line_1_28' title="bbox 360 3900 1745 4013; baseline 0.001 -29"><span class='ocrx_word' id='word_1_245' title='bbox 360 3913 828 4010; x_wconf 79' lang='lat' dir='ltr'>pontificalitercelebravit.</span> <span class='ocrx_word' id='word_1_246' title='bbox 848 3915 951 3989; x_wconf 87' lang='lat' dir='ltr'>Dicta</span> <span class='ocrx_word' id='word_1_247' title='bbox 966 3917 1131 4013; x_wconf 89' lang='lat' dir='ltr'>epistola,</span> <span class='ocrx_word' id='word_1_248' title='bbox 1150 3919 1244 3990; x_wconf 92' lang='lat' dir='ltr'>venit</span> <span class='ocrx_word' id='word_1_249' title='bbox 1264 3921 1309 3993; x_wconf 87' lang='lat' dir='ltr'>nd</span> <span class='ocrx_word' id='word_1_250' title='bbox 1328 3921 1495 3992; x_wconf 89' lang='lat' dir='ltr'>eamdem</span> <span class='ocrx_word' id='word_1_251' title='bbox 1516 3917 1679 4013; x_wconf 87' lang='lat' dir='ltr'>capellam</span> <span class='ocrx_word' id='word_1_252' title='bbox 1739 3900 1745 3933; x_wconf 86' lang='lat'>¹</span> 
     </span>
     <span class='ocr_line' id='line_1_29' title="bbox 362 4039 1679 4137; baseline -0.002 -25"><span class='ocrx_word' id='word_1_253' title='bbox 362 4043 484 4112; x_wconf 77' lang='lat' dir='ltr'>runs.</span> <span class='ocrx_word' id='word_1_254' title='bbox 501 4043 544 4112; x_wconf 89' lang='lat' dir='ltr'>o.</span> <span class='ocrx_word' id='word_1_255' title='bbox 563 4039 753 4112; x_wconf 89' lang='lat' dir='ltr'>cardinalis</span> <span class='ocrx_word' id='word_1_256' title='bbox 774 4065 801 4112; x_wconf 91' lang='lat' dir='ltr'>s.</span> <span class='ocrx_word' id='word_1_257' title='bbox 824 4041 950 4137; x_wconf 78' lang='lat' dir='ltr'>Augeli</span> <span class='ocrx_word' id='word_1_258' title='bbox 972 4041 1030 4135; x_wconf 92' lang='lat' dir='ltr'>qui</span> <span class='ocrx_word' id='word_1_259' title='bbox 1056 4042 1135 4114; x_wconf 92' lang='lat' dir='ltr'>heri</span> <span class='ocrx_word' id='word_1_260' title='bbox 1160 4042 1206 4115; x_wconf 93' lang='lat' dir='ltr'>ad</span> <span class='ocrx_word' id='word_1_261' title='bbox 1233 4044 1367 4116; x_wconf 90' lang='lat' dir='ltr'>Urbem</span> <span class='ocrx_word' id='word_1_262' title='bbox 1392 4067 1558 4118; x_wconf 89' lang='lat' dir='ltr'>reversus</span> <span class='ocrx_word' id='word_1_263' title='bbox 1579 4049 1628 4114; x_wconf 87' lang='lat' dir='ltr'>est</span> <span class='ocrx_word' id='word_1_264' title='bbox 1647 4046 1679 4110; x_wconf 86' lang='lat' dir='ltr'>et</span> 
     </span>
     <span class='ocr_line' id='line_1_30' title="bbox 362 4165 1747 4264; baseline -0.001 -28"><span class='ocrx_word' id='word_1_265' title='bbox 362 4165 541 4237; x_wconf 88' lang='lat' dir='ltr'>osculatus</span> <span class='ocrx_word' id='word_1_266' title='bbox 571 4171 625 4236; x_wconf 86' lang='lat' dir='ltr'>cst</span> <span class='ocrx_word' id='word_1_267' title='bbox 649 4165 780 4261; x_wconf 80' lang='lat' dir='ltr'>pedem</span> <span class='ocrx_word' id='word_1_268' title='bbox 803 4171 838 4238; x_wconf 93' lang='lat' dir='ltr'>et</span> <span class='ocrx_word' id='word_1_269' title='bbox 863 4189 1009 4238; x_wconf 89' lang='lat' dir='ltr'>manum</span> <span class='ocrx_word' id='word_1_270' title='bbox 1044 4170 1138 4262; x_wconf 89' lang='lat' dir='ltr'>Papo</span> <span class='ocrx_word' id='word_1_271' title='bbox 1167 4191 1174 4239; x_wconf 94' lang='lat'>:</span> <span class='ocrx_word' id='word_1_272' title='bbox 1201 4167 1331 4242; x_wconf 87' lang='lat' dir='ltr'>deinde</span> <span class='ocrx_word' id='word_1_273' title='bbox 1357 4170 1455 4242; x_wconf 88' lang='lat' dir='ltr'>solus</span> <span class='ocrx_word' id='word_1_274' title='bbox 1485 4169 1521 4241; x_wconf 94' lang='lat' dir='ltr'>in</span> <span class='ocrx_word' id='word_1_275' title='bbox 1549 4165 1679 4242; x_wconf 89' lang='lat' dir='ltr'>baucbo</span> <span class='ocrx_word' id='word_1_276' title='bbox 1746 4193 1747 4264; x_wconf 67' lang='grc' dir='ltr'>ρ</span> 
     </span>
     <span class='ocr_line' id='line_1_31' title="bbox 362 4289 1679 4392; baseline -0.002 -30"><span class='ocrx_word' id='word_1_277' title='bbox 362 4290 597 4362; x_wconf 88' lang='lat' dir='ltr'>cardinalium</span> <span class='ocrx_word' id='word_1_278' title='bbox 613 4289 717 4380; x_wconf 88' lang='lat' dir='ltr'>sedit,</span> <span class='ocrx_word' id='word_1_279' title='bbox 733 4289 892 4386; x_wconf 89' lang='lat' dir='ltr'>porrexit</span> <span class='ocrx_word' id='word_1_280' title='bbox 906 4290 1037 4362; x_wconf 90' lang='lat' dir='ltr'>librum</span> <span class='ocrx_word' id='word_1_281' title='bbox 1053 4298 1134 4388; x_wconf 92' lang='lat' dir='ltr'>post</span> <span class='ocrx_word' id='word_1_282' title='bbox 1150 4293 1376 4389; x_wconf 83' lang='lat' dir='ltr'>evangelium</span> <span class='ocrx_word' id='word_1_283' title='bbox 1401 4299 1500 4392; x_wconf 88' lang='lat' dir='ltr'>Papc</span> <span class='ocrx_word' id='word_1_284' title='bbox 1526 4291 1679 4367; x_wconf 88' lang='lat' dir='ltr'>osculan-</span> 
     </span>
     <span class='ocr_line' id='line_1_32' title="bbox 363 4413 1677 4514; baseline -0.004 -26"><span class='ocrx_word' id='word_1_285' title='bbox 363 4417 447 4488; x_wconf 92' lang='lat' dir='ltr'>dum</span> <span class='ocrx_word' id='word_1_286' title='bbox 464 4413 661 4488; x_wconf 89' lang='lat' dir='ltr'>secundum</span> <span class='ocrx_word' id='word_1_287' title='bbox 681 4437 822 4509; x_wconf 84' lang='lat' dir='ltr'>pacem,</span> <span class='ocrx_word' id='word_1_288' title='bbox 854 4421 889 4486; x_wconf 87' lang='lat' dir='ltr'>ct</span> <span class='ocrx_word' id='word_1_289' title='bbox 916 4422 997 4508; x_wconf 89' lang='lat' dir='ltr'>post</span> <span class='ocrx_word' id='word_1_290' title='bbox 1020 4415 1241 4489; x_wconf 82' lang='lat' dir='ltr'>offertorium</span> <span class='ocrx_word' id='word_1_291' title='bbox 1262 4420 1383 4514; x_wconf 90' lang='lat' dir='ltr'>posuit</span> <span class='ocrx_word' id='word_1_292' title='bbox 1406 4419 1600 4493; x_wconf 89' lang='lat' dir='ltr'>naviculam</span> <span class='ocrx_word' id='word_1_293' title='bbox 1619 4435 1677 4510; x_wconf 88' lang='lat' dir='ltr'>pro</span> 
     </span>
     <span class='ocr_line' id='line_1_33' title="bbox 361 4537 1677 4640; baseline -0.005 -26"><span class='ocrx_word' id='word_1_294' title='bbox 361 4541 511 4614; x_wconf 89' lang='lat' dir='ltr'>incenso</span> <span class='ocrx_word' id='word_1_295' title='bbox 540 4539 772 4634; x_wconf 88' lang='lat' dir='ltr'>imponendo,</span> <span class='ocrx_word' id='word_1_296' title='bbox 810 4537 1021 4611; x_wconf 89' lang='lat' dir='ltr'>ministravit</span> <span class='ocrx_word' id='word_1_297' title='bbox 1044 4563 1084 4613; x_wconf 90' lang='lat' dir='ltr'>ac</span> <span class='ocrx_word' id='word_1_298' title='bbox 1109 4541 1318 4636; x_wconf 86' lang='lat' dir='ltr'>pontificem</span> <span class='ocrx_word' id='word_1_299' title='bbox 1346 4544 1463 4640; x_wconf 93' lang='lat' dir='ltr'>ipsum</span> <span class='ocrx_word' id='word_1_300' title='bbox 1494 4537 1677 4616; x_wconf 87' lang='lat' dir='ltr'>incensavit</span> 
     </span>
     <span class='ocr_line' id='line_1_34' title="bbox 362 4663 1676 4762; baseline -0.005 -24"><span class='ocrx_word' id='word_1_301' title='bbox 362 4673 442 4762; x_wconf 91' lang='lat' dir='ltr'>post</span> <span class='ocrx_word' id='word_1_302' title='bbox 458 4665 576 4738; x_wconf 89' lang='lat' dir='ltr'>oblata</span> <span class='ocrx_word' id='word_1_303' title='bbox 593 4669 627 4737; x_wconf 92' lang='lat' dir='ltr'>et</span> <span class='ocrx_word' id='word_1_304' title='bbox 643 4663 886 4736; x_wconf 88' lang='lat' dir='ltr'>celebrantem</span> <span class='ocrx_word' id='word_1_305' title='bbox 903 4663 1087 4739; x_wconf 80' lang='lat' dir='ltr'>diaconus,</span> <span class='ocrx_word' id='word_1_306' title='bbox 1098 4665 1216 4738; x_wconf 85' lang='lat' dir='ltr'>lubae</span> <span class='ocrx_word' id='word_1_307' title='bbox 1233 4667 1356 4760; x_wconf 89' lang='lat' dir='ltr'>missa,</span> <span class='ocrx_word' id='word_1_308' title='bbox 1371 4669 1494 4742; x_wconf 87' lang='lat' dir='ltr'>omnia</span> <span class='ocrx_word' id='word_1_309' title='bbox 1505 4667 1676 4743; x_wconf 79' lang='lat' dir='ltr'>obseruata</span> 
     </span>
     <span class='ocr_line' id='line_1_35' title="bbox 360 4789 1674 4892; baseline -0.006 -28"><span class='ocrx_word' id='word_1_310' title='bbox 360 4794 517 4878; x_wconf 84' lang='lat' dir='ltr'>luerunt,</span> <span class='ocrx_word' id='word_1_311' title='bbox 533 4815 600 4886; x_wconf 92' lang='lat' dir='ltr'>quc</span> <span class='ocrx_word' id='word_1_312' title='bbox 618 4791 782 4886; x_wconf 88' lang='lat' dir='ltr'>superius</span> <span class='ocrx_word' id='word_1_313' title='bbox 799 4791 833 4861; x_wconf 92' lang='lat' dir='ltr'>in</span> <span class='ocrx_word' id='word_1_314' title='bbox 851 4789 908 4861; x_wconf 86' lang='lat' dir='ltr'>die</span> <span class='ocrx_word' id='word_1_315' title='bbox 925 4791 1178 4885; x_wconf 87' lang='lat' dir='ltr'>assumptionis</span> <span class='ocrx_word' id='word_1_316' title='bbox 1195 4791 1298 4866; x_wconf 89' lang='lat' dir='ltr'>beate</span> <span class='ocrx_word' id='word_1_317' title='bbox 1316 4794 1429 4868; x_wconf 87' lang='lat' dir='ltr'>blarie</span> <span class='ocrx_word' id='word_1_318' title='bbox 1445 4793 1588 4892; x_wconf 83' lang='lat' dir='ltr'>virginis</span> <span class='ocrx_word' id='word_1_319' title='bbox 1602 4793 1674 4861; x_wconf 89' lang='lat' dir='ltr'>sunt</span> 
     </span>
     <span class='ocr_line' id='line_1_36' title="bbox 361 4923 497 4990; baseline 0 -2"><span class='ocrx_word' id='word_1_320' title='bbox 361 4923 497 4990; x_wconf 88' lang='lat' dir='ltr'>notata.</span> 
     </span>
    </p>
   </div>
   <div class='ocr_carea' id='block_1_3' title="bbox 362 5099 1677 5272">
    <p class='ocr_par' dir='ltr' id='par_1_7' title="bbox 362 5099 1677 5272">
     <span class='ocr_line' id='line_1_37' title="bbox 399 5099 1677 5180; baseline 0.003 -27"><span class='ocrx_word' id='word_1_321' title='bbox 399 5099 424 5168; x_wconf 78' lang='lat'>1.</span> <span class='ocrx_word' id='word_1_322' title='bbox 446 5099 536 5154; x_wconf 81' lang='lat' dir='ltr'>Pierre</span> <span class='ocrx_word' id='word_1_323' title='bbox 547 5099 675 5170; x_wconf 85' lang='lat' dir='ltr'>Foscavu,</span> <span class='ocrx_word' id='word_1_324' title='bbox 691 5102 793 5156; x_wconf 87' lang='lat' dir='ltr'>illustre</span> <span class='ocrx_word' id='word_1_325' title='bbox 808 5119 857 5174; x_wconf 89' lang='lat' dir='ltr'>par</span> <span class='ocrx_word' id='word_1_326' title='bbox 873 5120 903 5157; x_wconf 88' lang='lat' dir='ltr'>sa</span> <span class='ocrx_word' id='word_1_327' title='bbox 917 5102 988 5174; x_wconf 73' lang='lat' dir='ltr'>pieta</span> <span class='ocrx_word' id='word_1_328' title='bbox 1002 5109 1029 5158; x_wconf 87' lang='lat' dir='ltr'>st</span> <span class='ocrx_word' id='word_1_329' title='bbox 1042 5120 1073 5158; x_wconf 88' lang='lat' dir='ltr'>sa</span> <span class='ocrx_word' id='word_1_330' title='bbox 1088 5103 1204 5176; x_wconf 79' lang='lat' dir='ltr'>sciense,</span> <span class='ocrx_word' id='word_1_331' title='bbox 1220 5105 1293 5162; x_wconf 88' lang='lat' dir='ltr'>lutle</span> <span class='ocrx_word' id='word_1_332' title='bbox 1310 5107 1368 5163; x_wconf 86' lang='lat' dir='ltr'>seul</span> <span class='ocrx_word' id='word_1_333' title='bbox 1383 5105 1430 5180; x_wconf 87' lang='lat' dir='ltr'>qui</span> <span class='ocrx_word' id='word_1_334' title='bbox 1446 5108 1537 5164; x_wconf 82' lang='lat' dir='ltr'>retusa</span> <span class='ocrx_word' id='word_1_335' title='bbox 1550 5105 1581 5162; x_wconf 88' lang='lat' dir='ltr'>de</span> <span class='ocrx_word' id='word_1_336' title='bbox 1594 5103 1677 5176; x_wconf 81' lang='lat' dir='ltr'>signer</span> 
     </span>
     <span class='ocr_line' id='line_1_38' title="bbox 362 5188 1563 5272; baseline 0.01 -28"><span class='ocrx_word' id='word_1_337' title='bbox 362 5189 401 5246; x_wconf 84' lang='lat' dir='ltr'>les</span> <span class='ocrx_word' id='word_1_338' title='bbox 416 5188 523 5246; x_wconf 86' lang='lat' dir='ltr'>articles</span> <span class='ocrx_word' id='word_1_339' title='bbox 538 5190 656 5262; x_wconf 78' lang='lat' dir='ltr'>iuposss</span> <span class='ocrx_word' id='word_1_340' title='bbox 671 5208 719 5262; x_wconf 87' lang='lat' dir='ltr'>por</span> <span class='ocrx_word' id='word_1_341' title='bbox 734 5191 773 5246; x_wconf 89' lang='lat' dir='ltr'>les</span> <span class='ocrx_word' id='word_1_342' title='bbox 789 5192 944 5248; x_wconf 84' lang='lat' dir='ltr'>Cordinuux</span> <span class='ocrx_word' id='word_1_343' title='bbox 959 5209 992 5248; x_wconf 88' lang='lat' dir='ltr'>au</span> <span class='ocrx_word' id='word_1_344' title='bbox 1009 5193 1082 5248; x_wconf 89' lang='lat' dir='ltr'>lutor</span> <span class='ocrx_word' id='word_1_345' title='bbox 1096 5195 1181 5266; x_wconf 84' lang='lat' dir='ltr'>Papa.</span> <span class='ocrx_word' id='word_1_346' title='bbox 1198 5195 1267 5268; x_wconf 81' lang='lat' dir='ltr'>Voy.</span> <span class='ocrx_word' id='word_1_347' title='bbox 1284 5196 1345 5270; x_wconf 87' lang='lat' dir='ltr'>plus</span> <span class='ocrx_word' id='word_1_348' title='bbox 1360 5198 1508 5272; x_wconf 74' lang='lat' dir='ltr'>hautpage</span> <span class='ocrx_word' id='word_1_349' title='bbox 1522 5201 1563 5256; x_wconf 86' lang='grc'>33.</span> 
     </span>
    </p>
   </div>
   <div class='ocr_carea' id='block_1_4' title="bbox 0 0 1779 6052">
    <p class='ocr_par' dir='ltr' id='par_1_8' title="bbox 0 0 1779 6052">
     <span class='ocr_line' id='line_1_39' title="bbox 0 0 1779 6052; baseline 0 0"><span class='ocrx_word' id='word_1_350' title='bbox 0 0 1779 6052; x_wconf 95' lang='lat' dir='ltr'> </span> 
     </span>
    </p>
   </div>
  </div>
 </body>
</html>
