3600 6094
312 473 314 477 ’
376 479 408 535 te
827 472 1001 530 JOHANNIS
1026 472 1248 542 BURCHARDI,
1539 473 1626 536 {tout
1646 472 1720 534 itai]

373 635 411 703 ut
424 634 573 727 possent
597 651 618 701 a
640 626 839 700 volentibus
862 627 1016 700 osculari
1041 633 1076 702 et
1099 631 1202 725 porte
1227 623 1337 723 gratis
1353 623 1473 698 clause
1491 623 1555 724 (l);
1574 623 1718 700 deinde
1783 653 1784 664 ¹

373 760 496 851 aperte
516 777 582 852 per
599 752 782 825 modicum
802 751 994 849 temporis,
1017 757 1053 826 et
1074 751 1263 824 defunctus
1283 749 1420 846 positus
1446 749 1561 847 magis
1580 773 1719 824 versus

372 879 482 954 altare
506 884 545 952 ut
566 877 679 951 libere
703 881 851 975 possent
875 898 1002 982 omues
1027 876 1174 963 intrare,
1203 879 1239 947 et
1263 871 1374 965 exire,
1404 880 1441 948 et
1463 875 1569 972 positi
1594 875 1718 971 aliqui

372 1006 553 1096 custodes,
575 1029 620 1080 ne
641 1002 766 1079 anulus
786 1008 847 1076 aut
869 1001 954 1098 quid
977 1000 1072 1073 aliud
1097 999 1164 1072 sibi
1188 997 1386 1072 tolleretur.
1414 999 1544 1073 Mansit
1568 999 1717 1072 ibidem

371 1154 483 1228 usque
499 1131 667 1205 adunam
681 1130 809 1202 horam
824 1126 955 1216 nautia,
976 1125 1032 1198 vel
1048 1125 1161 1216 circa;
1180 1123 1340 1198 scutiferi
1355 1122 1564 1197 defunctum
1579 1127 1718 1220 porta-

370 1259 509 1344 verunt,
527 1260 562 1328 et
577 1255 638 1328 illa
650 1253 773 1351 viginti
793 1251 974 1325 intorticia
993 1255 1075 1324 aute
1095 1251 1226 1342 tumus,
1249 1251 1345 1346 quod
1365 1251 1607 1346 sequebantur
1624 1257 1719 1322 octo

371 1384 508 1454 tantum
539 1377 757 1468 cardinales;
790 1377 859 1449 vidi
889 1377 983 1451 iuter
1018 1377 1166 1451 eosdem
1196 1375 1310 1448 sancti
1340 1374 1437 1449 Petri
1467 1376 1512 1449 ad
1539 1375 1720 1462 Vincula,

371 1503 644 1595 Novariensem,
679 1501 951 1594 Amalfitauum,
987 1501 1317 1589 Rachanateusem,
1350 1503 1387 1572 et
1409 1499 1590 1596 'quosdam
1619 1499 1722 1572 alios

370 1636 451 1728 post
471 1652 534 1702 eos
562 1628 733 1727 prelatos,
760 1633 797 1701 et
816 1633 992 1719 oratores,
1016 1631 1052 1701 et
1079 1623 1362 1723 quamplurimos
1383 1623 1486 1696 alios.
1512 1626 1720 1720 Postquam

248 1793 252 1797 ·
370 1759 531 1853 portatus
550 1753 738 1827 defunctus
759 1758 869 1842 esset,
891 1757 929 1826 ut
948 1752 1083 1826 dictum
1108 1755 1176 1842 est,
1203 1749 1240 1822 in
1267 1748 1473 1836 ecclesiam,
1505 1748 1719 1823 cardinales

371 1883 612 1970 recesserunt,
631 1883 757 1952 euntes
777 1878 921 1974 quidam
941 1877 986 1951 ad
1011 1876 1181 1974 palatium
1203 1874 1419 1971 predictum,
1442 1873 1501 1947 alii
1518 1875 1562 1947 ad
1577 1874 1718 1948 domos

371 2027 466 2078 suas.
480 2006 630 2076 Peracto
646 2001 810 2099 prandio,
834 2001 1033 2075 cardinales
1049 1999 1309 2074 commiserint
1325 1998 1429 2090 mihi,
1447 1999 1544 2095 quod
1559 2023 1718 2097 capsam
1783 1989 1784 1992 '

369 2153 434 2226 pro
463 2126 671 2226 sepeliendo
692 2125 878 2224 pontifice,
900 2133 936 2200 et
956 2127 1175 2225 sepulturam
1197 2124 1402 2199 ordinarem
1426 2124 1463 2197 iu
1484 2124 1623 2222 capella
1645 2149 1718 2198 sua

368 2276 459 2328 nora
483 2250 586 2326 chori
618 2251 889 2342 canonicorum,
925 2250 1077 2325 etuleri
1105 2249 1252 2324 basilice
1277 2249 1460 2346 predicte,
1486 2273 1593 2346 quam
1629 2249 1716 2347 ipse
1783 2323 1784 2326 ,

369 2378 557 2452 deiunotus
582 2375 619 2449 in
643 2375 770 2451 eadem
794 2375 943 2449 basilica
964 2374 1043 2449 fieri
1071 2374 1207 2449 lecerat
1237 2374 1334 2448 circa
1357 2375 1515 2448 medium
1542 2375 1716 2471 ejusdem

369 2499 525 2598 capelle,
550 2523 674 2574 versus
693 2499 803 2574 altare
822 2500 950 2596 majus,
973 2499 1009 2572 iu
1031 2499 1165 2590 medio,
1191 2503 1395 2573 asserentes
1416 2497 1534 2596 ipsum
1557 2499 1715 2590 detunc—
1783 2497 1784 2524 l

369 2632 443 2699 tum
469 2624 590 2698 locum
618 2623 823 2720 hujusmodi
855 2624 891 2696 in
922 2624 1141 2722 sepulturam
1171 2647 1271 2698 suem
1303 2625 1370 2698 sibi
1403 2625 1575 2722 elegisse3
1607 2626 1714 2720 quod

368 2747 477 2824 etiam
501 2748 584 2822 leci.
610 2747 713 2822 Circa
736 2749 863 2823 horam
888 2749 1041 2847 primam
1072 2749 1189 2823 noctis
1220 2749 1290 2822 diei
1321 2751 1462 2824 veneris
1489 2754 1530 2824 13
1563 2751 1712 2845 augusti

367 2879 548 2973 portatum
564 2871 629 2947 luit
644 2895 776 2970 eorpus
797 2874 955 2948 deluueti
976 2875 1020 2947 de
1044 2874 1155 2947 choro
1179 2875 1327 2970 majoris
1345 2874 1466 2948 altaris
1485 2899 1552 2973 per
1566 2875 1712 2949 clerum
1783 2857 1784 2866 ἵ

366 2997 460 3072 dicte
480 2997 627 3072 basilice
649 2997 968 3095 processionaliter
988 2999 1033 3072 ad
1055 2998 1176 3072 locum
1199 2999 1395 3096 sepulture,
1420 3007 1455 3074 et
1482 3023 1565 3074 cum
1586 3000 1709 3073 omni-

312 3197 318 3206 ,
365 3124 433 3198 bus
447 3121 680 3222 paramentis,
696 3146 738 3197 ac
753 3123 860 3198 anulo
882 3125 1056 3222 pretioso,
1074 3149 1116 3199 ac
1135 3125 1279 3221 planeta
1301 3124 1472 3221 predictis
1496 3125 1706 3222 sepultum;

366 3274 450 3348 quo,
468 3251 505 3324 in
520 3250 685 3349 sepulcro
701 3250 738 3324 in
754 3273 862 3346 capsa
876 3273 1006 3346 magna
1026 3255 1062 3323 et
1083 3249 1202 3346 ampla
1221 3272 1329 3345 quam
1350 3274 1394 3322 ex
1409 3273 1501 3323 nuce
1517 3249 1596 3323 lieri
1612 3249 1706 3340 leci,
1783 3279 1784 3282 ¹

361 3377 522 3472 jacente,
538 3375 704 3448 dominus
719 3373 876 3447 Achilles
896 3373 1088 3470 episcopus
1110 3372 1329 3464 ilerdensis,
1351 3374 1411 3471 qui
1427 3374 1523 3448 solus
1540 3374 1707 3473 prelatus

365 3497 538 3588 interluit,
563 3499 650 3572 dixit
672 3519 753 3572 oum
776 3497 900 3594 paucis
925 3521 969 3570 ex
994 3497 1092 3570 clero
1116 3496 1295 3594 psalmum
1318 3499 1489 3574 Miserere
1514 3523 1597 3574 cum
1622 3523 1709 3574 ora-

365 3622 482 3714 tione;
500 3622 653 3720 aspersit
668 3623 875 3698 defunctum
891 3628 927 3695 et
946 3622 1166 3719 sepulturam
1188 3647 1279 3719 aqua
1302 3624 1506 3716 benedicta,
1525 3631 1560 3698 et
1576 3625 1704 3698 statim
1783 3629 1784 3632 ’

364 3752 458 3820 terra
481 3747 599 3844 ipsum
621 3747 888 3845 cooperuimus.
914 3751 1016 3836 Tum,
1045 3748 1089 3820 de
1112 3748 1280 3822 mandato
1304 3754 1403 3821 etex
1426 3748 1573 3846 speciali
1596 3772 1705 3822 com-

362 3869 532 3946 missione
555 3896 622 3970 per
647 3872 838 3970 collegium
863 3877 1081 3946 Rllmorum.
1109 3877 1185 3947 bb.
1212 3873 1447 3947 cardinalium
1474 3873 1562 3946 mibi
1587 3873 1700 3965 lacta,

361 3995 524 4069 mandavi
542 3996 735 4071 canonicis
751 4001 787 4069 et
811 3996 909 4069 clero
931 3997 1079 4070 basilice
1103 3997 1254 4095 pretate,
1282 4000 1347 4071 sub
1370 4023 1464 4097 pena
1487 3997 1701 4096 privationis

360 4117 622 4193 beneficiorum
636 4143 796 4212 suorum,
814 4122 909 4218 quod
925 4121 1043 4195 nullus
1063 4123 1272 4197 defunctum
1290 4129 1468 4221 tangeret,
1484 4129 1544 4198 aut
1558 4123 1700 4198 dictum

395 4361 421 4415 t.
441 4358 584 4417 Volterran
606 4360 735 4418 confiune
754 4377 799 4418 ces
815 4359 877 4419 faits
892 4359 962 4417 daus
977 4377 1027 4418 sou
1040 4361 1152 4419 Journal
1164 4361 1246 4437 (Voy.
1257 4362 1398 4428 Muratori‚
1412 4364 1476 4420 tter.
1488 4362 1556 4420 Ital.
1570 4363 1699 4434 scripu,

358 4454 378 4504 t.
394 4448 494 4519 XXlll,
509 4449 561 4507 col.
572 4451 648 4524 200).
1385 4477 1387 4482 ’

392 4538 527 4612 Jusqu'ou
545 4549 613 4597 xvir
634 4539 724 4610 siecle,
741 4539 764 4596 lu
781 4548 851 4600 mort
865 4541 930 4598 d'un
950 4559 1019 4616 pape
1034 4543 1099 4599 eluit
1118 4543 1143 4598 le
1159 4545 1278 4597 moment
1296 4540 1347 4595 mis
1363 4544 1379 4595 a
1393 4541 1473 4613 protlt
1488 4557 1538 4614 por
1551 4541 1591 4597 les
1606 4542 1699 4615 parti-

357 4625 455 4682 culiers
471 4634 498 4684 et
511 4628 550 4685 les
566 4628 680 4686 laetioris
694 4627 791 4687 rivales
806 4647 875 4704 pour
889 4647 991 4702 renger
1005 4629 1077 4686 leurs
1093 4629 1206 4701 injureS,
1223 4634 1248 4684 et
1270 4633 1340 4684 cette
1357 4635 1430 4685 sorte
1449 4627 1482 4685 de
1502 4647 1599 4702 guerre
1613 4629 1698 4686 civile

355 4712 446 4769 duruit
458 4715 568 4790 jusqu'b
581 4717 713 4776 t’eleuion
726 4719 763 4775 du
779 4735 903 4775 nouveau
919 4717 1031 4790 pontite.
1047 4717 1100 4771 Sur
1116 4717 1153 4772 tes
1172 4715 1294 4772 troubles
1312 4717 1360 4789 qui
1375 4717 1520 4774 eclaterent
1538 4722 1555 4774 a
1574 4718 1663 4775 Rome
1680 4725 1698 4776 d

356 4800 383 4856 la
396 4809 465 4858 mort
479 4802 602 4861 deSixte
618 4807 664 4874 lV,
681 4824 743 4880 voy.
760 4809 864 4862 Diario
878 4807 909 4860 di
924 4808 1016 4861 Roma
1036 4806 1091 4860 del.
1104 4807 1214 4876 Notajo
1232 4807 1278 4861 det
1292 4805 1475 4876 Nantiporto,
1493 4806 1695 4888 donauerat,

355 4895 377 4944 t.
393 4888 440 4956 lll,
459 4889 511 4946 cot.
538 4892 646 4962 toas-9,
669 4901 693 4949 et
710 4895 733 4950 le
748 4894 860 4951 Journal
881 4893 1049 4950 d'lntessura
1071 4895 1140 4950 daus
1163 4895 1264 4952 Eecard
1283 4914 1289 4952 :
1305 4896 1417 4966 Corpus
1439 4895 1513 4950 Hiar.
1529 4897 1617 4950 medii
1636 4902 1693 4950 aaut

354 4976 472 5050 (Lipsiae,
487 4979 505 5032 2
520 4979 573 5035 rol.
594 4980 695 5049 iu-tol.,
716 4983 807 5056 1723),
824 4989 843 5039 t.
861 4983 891 5052 ll,
913 4983 964 5038 col.
983 4983 1094 5050 teta-3,
1116 4989 1260 5058 testeque
1279 4985 1307 5058 je
1329 4983 1421 5041 citerai
1440 4984 1474 5038 de
1496 4984 1651 5057 preference
1674 4989 1692 5040 a
1785 5051 1786 5054 Ἴ

354 5065 423 5121 celui
442 5066 475 5122 de
495 5067 635 5137 Muratori‚
658 5071 703 5144 qui
727 5071 762 5128 l'a
783 5072 892 5129 modibe
911 5089 945 5128 en
966 5072 1101 5146 plusieurs
1123 5061 1254 5145 endroits,
1271 5092 1376 5132 comme
1397 5073 1415 5130 il
1438 5089 1470 5129 eu
1491 5071 1617 5129 convient
1634 5072 1688 5128 lui-
1785 5063 1786 5072 ’

353 5157 440 5211 meme
455 5154 525 5214 dans
541 5173 573 5214 sa
585 5157 703 5230 prelaee.
718 5159 802 5229 Mun,
819 5169 852 5231 t.,
864 5161 912 5230 lll,
928 5177 956 5234 p.
973 5180 1001 5230 u,
1018 5179 1045 5236 p.
1061 5162 1141 5219 1110.
