3422 6034
68 451 139 519 tdrril
154 453 222 518 itas]
387 451 513 509 RERUM
538 451 765 510 UHBANARUM
790 450 1054 510 CDMMENTARN.
1332 451 1386 508 345

65 609 168 683 Finita
195 607 320 699 missa,
353 613 449 706 Papa
471 609 664 706 reportavit
690 633 810 682 rosam
842 608 878 680 in
908 631 1017 680 manu
1046 607 1204 696 sinistro,
1234 607 1382 679 dextera

64 733 274 807 benedicens
296 756 404 828 usquo
429 734 474 806 ad
496 757 680 808 cameram
701 733 890 833 papagalli,
916 732 975 806 ubi
998 729 1132 804 dimisit
1153 733 1379 826 paramenta,

63 867 92 934 et
111 859 144 932 in
162 881 315 940 ,camera
341 865 482 932 secreta
510 859 717 934 deliberavit
745 883 827 934 cum
855 857 998 930 RRmis.
1028 860 1105 930 DD.
1135 853 1380 928 cardinalibus

64 1007 161 1080 super
179 1007 264 1057 rosa
288 984 418 1074 danda,
448 991 484 1058 et
504 985 662 1058 decrerit
680 985 776 1058 illam
798 985 941 1058 mittere
962 983 1014 1054 lll.
1046 986 1088 1055 D.
1118 979 1274 1054 lobanni
1297 978 1380 1052 duci
1467 978 1468 982 ’

65 1109 245 1198 diniensi,
280 1115 419 1206 postea,
442 1111 597 1206 peractis
618 1109 757 1201 diebus,
788 1109 886 1182 dedit
909 1131 1028 1182 rosam
1046 1107 1099 1181 lll.
1128 1109 1170 1179 D.
1200 1105 1380 1202 Philippo,

62 1235 235 1332 preposito
258 1235 515 1331 Argentinensi
540 1235 625 1308 dicti
640 1235 741 1308 ducis
767 1257 941 1332 germano
965 1234 1002 1306 in
1019 1233 1113 1307 Urbe
1133 1231 1313 1322 existenti,
1343 1237 1382 1305 ut

62 1384 132 1434 cam
145 1361 307 1434 mitteret
322 1361 422 1434 tratri
443 1383 509 1433 suo
529 1361 692 1456 predicto
708 1386 716 1450 ;
741 1361 802 1457 qui
818 1365 860 1433 D.
879 1359 1063 1456 Philippus
1078 1357 1220 1432 donavit
1236 1351 1382 1430 cubicu-

61 1486 146 1558 lariis
170 1487 324 1562 secretis
346 1486 487 1562 duobus
509 1489 572 1561 SS.
600 1492 643 1560 D.
666 1491 708 1560 N.
736 1493 895 1576 centum,
920 1492 956 1558 et
980 1483 1187 1559 camerariis
1213 1481 1307 1554 Rmi.
1334 1485 1378 1554 D.

63 1613 294 1684 Beneventani
312 1612 455 1686 circiter
468 1637 538 1685 xxx
560 1613 787 1702 ducatorum,
806 1618 913 1709 prout
928 1609 1123 1708 postcasui
1140 1608 1228 1681 mibi
1246 1607 1379 1682 retule-

62 1747 146 1813 runt.

103 1866 290 1941 Dominica
305 1867 488 1963 quintode
504 1867 673 1963 passione
692 1872 911 1960 nuncupata,
930 1870 951 1938 5
968 1863 1103 1960 aprilio,
1123 1867 1164 1935 R.
1183 1861 1219 1934 in
1238 1859 1380 1934 Christo

63 1995 93 2062 P.
110 1995 148 2064 D.
167 1993 414 2066 bernardinus
430 1992 621 2090 episcopus
638 1989 820 2081 Pacensis,
836 1987 1068 2061 illustrissimi
1082 1985 1177 2081 regis
1193 1983 1380 2080 Hispania·

61 2140 129 2188 rum
142 2117 176 2188 in
193 2117 289 2191 Urbe
306 2123 429 2192 orator
444 2115 638 2190 celebravit
658 2115 806 2188 missam
830 2113 1013 2210 publicam
1034 2112 1070 2182 in
1091 2109 1229 2206 capella
1249 2131 1378 2205 supra-

62 2240 156 2327 dicta,
180 2247 280 2339 Papa
298 2244 462 2332 absente,
488 2241 728 2322 cardinalibus
753 2239 995 2338 presentibus,
1021 2243 1057 2310 et
1081 2235 1269 2308 observata
1298 2241 1379 2307 sunt

62 2367 169 2438 omnia
192 2390 296 2440 more
325 2367 456 2442 solito.¹
481 2370 696 2442 Sermonem
718 2367 804 2440 lecit
826 2363 1005 2462 generalis
1034 2360 1169 2434 ordinis
1190 2383 1377 2434 servorum

64 2489 152 2562 beate
167 2492 295 2566 llario.

101 2616 353 2712 Feriaquarta,
373 2617 546 2714 8aprilis‚
562 2619 626 2689 SS.
646 2620 688 2688 D.
710 2619 751 2688 N.
774 2615 810 2686 in
837 2637 903 2688 suo
927 2620 1068 2688 secreto
1092 2613 1322 2703 consistorio,
1339 2619 1378 2686 ut

63 2739 230 2832 morisest,
247 2743 718 2839 prefecitR.D.Eggerdum
730 2742 921 2837 Dt'rerlroop
935 2742 1165 2814 decretorum
1175 2740 1375 2827 doctorem,

64 2866 141 2937 sacri
167 2867 289 2963 palatii
316 2867 503 2964 apostolici
528 2891 718 2941 causarum
748 2867 964 2958 auditorem,
983 2867 1136 2940 ecclesie
1165 2864 1378 2940 Slesriceusi

65 2996 136 3064 tunc
150 2993 303 3088 pastoris
321 2993 449 3066 solario
465 2993 647 3082 destitute,
672 2993 718 3067 ad
740 3015 847 3088 quam
868 2992 940 3065 duo
963 2991 1067 3066 electi
1087 2997 1201 3078 orant,
1219 3012 1376 3084 quorum

66 3137 143 3188 unus
165 3118 292 3192 babuit
319 3141 536 3192 consensum
562 3118 657 3214 regis
682 3118 784 3191 Datie
803 3123 838 3192 et
856 3117 980 3190 literas
1001 3113 1315 3190 commendatitias
1332 3113 1378 3186 ad

66 3239 117 3312 SS.
134 3245 172 3314 D.
190 3247 231 3316 N.
251 3245 288 3316 in
302 3242 460 3317 savorem
475 3265 599 3334 suum,
618 3243 809 3339 etquidam
820 3241 962 3329 lentina,
977 3263 1143 3342 asserens
1160 3239 1375 3314 electionem
1469 3329 1475 3342 Ι

64 3361 168 3440 locum
192 3392 266 3440 non
297 3368 448 3459 babere,
476 3375 512 3442 et
536 3369 728 3442 ecclesiam
753 3367 953 3466 predictam
982 3366 1046 3440 sub
1073 3363 1300 3440 concordatis
1316 3389 1378 3439 na·

68 3486 156 3560 tionis
171 3493 363 3566 Germanic
388 3515 460 3566 non
482 3493 756 3589 comprehendi,
780 3492 935 3566 instabat
956 3515 994 3563 se
1017 3492 1062 3564 ad
1082 3491 1206 3564 sedem
1224 3489 1376 3564 ecclesie

67 3613 193 3706 prefici;
210 3617 424 3713 hujusmodi
439 3625 560 3690 autem
575 3617 838 3714 prelectionem
855 3621 897 3690 D.
913 3617 1089 3690 llenricus
1109 3620 1233 3714 Meyer
1248 3618 1311 3687 SS.
1333 3617 1374 3686 D.

68 3736 100 3806 Ν.
121 3761 205 3836 pape
234 3742 477 3816 cubicularius
504 3767 549 3817 ex
573 3743 787 3816 consistorio
819 3744 964 3832 missus,
989 3745 1031 3814 D.
1061 3738 1226 3837 Eggerdo
1243 3743 1277 3811 et
1296 3736 1374 3810 aliis

68 3865 316 3940 coauditoribus
342 3868 416 3940 suis
439 3875 476 3943 et
501 3869 830 3942 locumtenentibus
851 3869 888 3940 in
909 3874 988 3940 rota
1004 3862 1299 3948 consedentibus,
1328 3861 1372 3934 do

69 3989 215 4064 mandato
232 3995 297 4066 SS.
315 3997 359 4065 D.
377 3997 419 4066 N.
443 4017 535 4091 papo
552 3994 738 4066 nuntiarit.

108 4112 214 4190 Finita
239 4117 370 4191 deinde
398 4117 593 4208 audientia,
615 4117 711 4196 idem
736 4122 779 4192 D.
803 4118 1003 4214 Eggerdus,
1027 4117 1175 4190 dimisso
1205 4116 1368 4207 rocheto,

69 4233 220 4314 inhabito
241 4265 306 4316 suo
323 4250 511 4334 consueto,
535 4249 573 4316 ut
588 4243 741 4329 auditor,
769 4243 815 4316 ad
833 4244 981 4316 domum
997 4266 1098 4316 suam
1121 4241 1238 4330 rediit,
1267 4263 1372 4313 asso-

70 4359 163 4438 ciatus
177 4373 297 4442 tamen
308 4368 452 4441 atribus
463 4368 539 4441 aliis
550 4369 831 4460 coauditoribus,
843 4369 1008 4444 videlicet
1018 4369 1210 4442 Franciscu
1226 4366 1368 4457 Brevio,

70 4485 173 4563 Felino
188 4501 220 4568 et
235 4498 344 4568 Petro
362 4493 406 4567 de
422 4493 615 4592 dccolytiS,
634 4494 726 4568 inter
740 4519 830 4590 quos
846 4495 1006 4567 medium
1022 4500 1057 4567 et
1069 4494 1226 4589 primum
1249 4492 1369 4565 locum

72 4615 205 4692 tenebat.
221 4621 315 4692 Ante
331 4620 478 4692 domum
499 4641 601 4692 suam
618 4619 690 4714 egit
706 4617 757 4690 eis
774 4617 927 4708 etmihi,
945 4641 987 4690 ac
1004 4617 1081 4692 aliis
1098 4615 1293 4690 curialibus
1310 4613 1369 4710 qui

72 4731 169 4828 ipsum
180 4745 416 4836 associarunt,
435 4745 580 4842 gratias,
604 4750 638 4816 et
655 4743 810 4816 intravit.

110 4865 429 4968 Peractoprandio,
448 4876 592 4944 vocatus
613 4892 634 4941 a
652 4869 814 4966 predicto
837 4869 984 4942 domino
1003 4867 1119 4940 electo
1145 4868 1237 4958 veni,
1263 4868 1324 4964 qui
1351 4893 1373 4942 a

72 5003 118 5057 fflt
134 4993 225 5084 petiit
251 4993 335 5090 quid
356 4995 536 5090 agendum
564 5023 571 5066 :
596 4993 765 5092 respondi
790 4992 887 5089 quod
910 4993 946 5064 in
969 4991 1093 5090 primis
1116 4991 1266 5065 deberet
1287 4992 1386 5066 fieri'

73 5128 195 5208 torona,
220 5127 256 5192 et
270 5119 459 5196 rochetum
482 5119 726 5216 episcopalem
746 5141 930 5192 assumere
954 5117 1101 5204 debere,
1124 5117 1253 5192 deinde
1275 5141 1373 5192 cras-
