3436 6038
76 469 164 534 [tcittet
178 468 244 533 tras]
383 468 509 526 RERUM
536 469 764 530 URBANARUM
789 471 1052 530 COMMENTAHll.
1285 477 1290 488 '
1334 477 1388 534 205

75 622 248 720 majorem,
272 621 332 694 ubi
354 621 485 696 audivit
506 624 653 698 missam
674 625 875 700 solemnem
903 647 1011 720 quam
1033 624 1189 698 cantavit
1212 629 1253 698 R.
1278 631 1316 698 P.
1346 632 1389 700 Ι).

74 747 250 842 episcopus
289 747 421 822 Exinus
455 777 462 822 :
496 749 657 826 fimbrias
690 751 843 849 portavit
881 754 928 823 D.
968 749 1160 823 Ardioiuus
1195 750 1387 850 episcopus

72 871 253 946 aleriensis
268 873 328 968 qui
342 873 449 946 etiam
467 899 538 948 una
553 900 637 949 cum
651 877 779 950 abbate
794 901 823 950 s.
839 875 1053 964 Sebastiam,
1070 867 1220 950 sacrista
1231 877 1383 974 capella,

71 997 168 1071 astitit
184 1004 219 1072 et
235 999 379 1073 servivit
394 1005 488 1097 Papa
513 1001 557 1076 de
582 1003 717 1076 missali
742 1008 824 1076 ante
848 1025 887 1075 sc
903 1023 1012 1097 super
1031 1000 1230 1075 faldistorio
1252 1005 1384 1100 posito.

71 1125 139 1194 b'on
159 1123 223 1195 luit
243 1123 381 1198 dictum
411 1125 520 1200 Credo
548 1151 555 1198 :
583 1128 619 1199 in
642 1128 819 1224 principio
843 1126 953 1199 mis'se
973 1149 1046 1200 nou
1069 1126 1135 1199 luit
1161 1127 1387 1205 incensatum

73 1245 170 1320 altare
194 1271 316 1344 neque
338 1257 480 1348 portata
499 1251 691 1325 luminaria
709 1259 743 1326 et
765 1253 955 1326 incensum
978 1251 1023 1324 ad
1044 1251 1296 1348 Evangelium3
1314 1278 1387 1327 nou

72 1378 142 1445 sunt
156 1375 306 1448 osculati
327 1375 458 1471 pedem
477 1380 585 1474 Papa,
599 1400 644 1451 eo
664 1377 761 1474 quod
784 1401 858 1450 uon
879 1376 1031 1450 haberet
1050 1376 1268 1472 pontificalia
1285 1401 1387 1476 para-

70 1507 178 1574 menta
192 1501 238 1576 ad
252 1501 492 1576 oliertorium.
516 1506 675 1578 Fuerunt
689 1504 875 1580 incausata
888 1502 1019 1590 oblata,
1038 1500 1165 1590 altare,
1183 1503 1383 1594 celebrans,

70 1628 154 1721 Papa
176 1632 211 1699 at
242 1650 373 1699 omues
399 1626 444 1699 de
468 1626 618 1723 capella.
655 1632 698 1700 D.
726 1627 922 1702 Alcriensis
947 1625 1159 1698 ministravit
1186 1628 1386 1704 naviculam

69 1751 154 1847 Papa
166 1757 201 1824 ct
214 1775 302 1825 eum
319 1749 518 1823 incensavit
534 1755 570 1822 et
584 1774 713 1846 pacem
735 1751 801 1824 sibi
821 1749 1055 1824 osculandam
1077 1751 1248 1846 porrexit,
1278 1776 1385 1847 quam

69 1895 138 1968 ago,
156 1881 351 1972 postquam
367 1859 556 1950 celebrans
571 1875 801 1948 deosculatus
817 1879 884 1964 cst,
906 1875 951 1946 de
975 1874 1076 1948 altari
1098 1875 1165 1948 sibi
1187 1876 1384 1950 ministravi

68 2005 97 2070 at
109 1997 234 2074 deinde
251 1999 322 2073 sibi
337 2003 465 2097 postea
480 1998 558 2071 aliis
572 1997 667 2089 dedi,
685 1998 908 2094 singulorum
925 1998 1092 2071 ordinum
1107 1999 1224 2096 primo
1243 2007 1383 2074 tantum

68 2122 208 2216 quicum
226 2149 293 2200 ore
308 2125 406 2198 dedit
419 2125 539 2198 sociis.
556 2125 672 2198 Finita
686 2125 809 2214 missa,
828 2129 922 2222 Papa
942 2132 1115 2221 cooperto
1137 2127 1269 2222 capite,
1287 2127 1384 2200 dedit

68 2247 349 2326 benedictionem
365 2244 567 2326 solemnem
581 2251 725 2347 quando
746 2256 822 2324 erat
846 2273 934 2323 crux
948 2275 1077 2324 coram
1098 2275 1155 2343 eo,
1171 2277 1243 2326 non
1260 2259 1381 2328 tamen

67 2371 406 2473 deditiudulgentias
430 2403 437 2448 ε
459 2382 535 2448 tum
556 2375 661 2449 rediit
683 2375 729 2448 ad
753 2399 947 2466 cameram,
972 2377 1112 2473 prefato
1134 2381 1177 2450 D.
1205 2377 1382 2452 aleriensi

16 2559 19 2564 .
66 2497 211 2574 fimbrias
226 2501 430 2578 deferente.

108 2626 202 2699 Faria
218 2633 363 2724 quarta,
381 2632 425 2700 28
442 2626 577 2700 mensis
590 2626 697 2725 junii,
715 2627 861 2700 luerunt
875 2651 1023 2725 vespere
1040 2630 1187 2726 papales
1200 2629 1381 2704 solemnes

67 2747 248 2827 inbasilica
264 2779 297 2826 e.
322 2753 417 2826 Petri
440 2781 447 2825 :
471 2753 685 2844 cardinales
707 2754 801 2827 lacta
819 2755 1019 2828 reveventia
1039 2754 1076 2827 iu
1096 2778 1223 2829 corum
1243 2755 1379 2852 cappis,

66 2887 271 2974 acceperuut
295 2887 506 2977 paramenta
526 2880 690 2952 similiter
708 2889 744 2954 et
765 2881 905 2978 prelati.
933 2885 1104 2956 Centoras
1126 2905 1192 2978 par
1218 2905 1379 2958 errorem

66 3003 262 3103 inceperunt
291 3006 466 3104 hymnum
493 3028 601 3102 quem
626 3010 722 3103 Papa
741 3005 924 3079 debuisset
950 3007 1146 3080 intonasse.
1182 3007 1379 3081 Cardinalis

66 3151 90 3198 s.
106 3131 209 3204 llarci
229 3129 320 3204 dixit
335 3131 431 3227 quod
446 3130 647 3204 cardinales
662 3138 698 3204 et
714 3131 839 3227 prelati
856 3131 1036 3205 debebant
1052 3133 1189 3206 venisse
1205 3132 1319 3230 parati
1335 3133 1379 3204 ad

67 3257 256 3350 ecclesiam,
287 3265 323 3330 et
347 3256 547 3330 cardinales
569 3256 606 3327 iu
630 3255 849 3352 paramentis
874 3255 1002 3330 iecisse
1027 3257 1287 3347 reverentiam
1314 3256 1379 3330 sed

67 3383 180 3456 erravit
207 3384 296 3480 quia
321 3384 356 3455 iu
383 3382 493 3456 missa
520 3386 658 3454 tautum
681 3379 888 3478 hujusmodi
915 3379 1014 3454 tiarat.
1040 3382 1170 3455 Omnia
1191 3381 1380 3456 observata

67 3512 136 3578 sunt
150 3531 250 3582 more
268 3507 389 3580 solito.

104 3633 201 3706 Faria
213 3631 354 3730 quinta,
373 3637 419 3706 29
432 3631 537 3730 junii,
555 3629 689 3704 testum
705 3629 950 3726 apostolorum
968 3629 1062 3702 Petri
1074 3637 1110 3702 et
1126 3629 1239 3719 Pauli,
1258 3633 1319 3704 SS.
1337 3632 1379 3702 D.

66 3755 100 3826 b'.
117 3767 257 3852 paratus
274 3780 377 3831 more
390 3756 495 3829 solito
512 3753 826 3852 processionaliter
840 3755 934 3827 veuit
949 3753 995 3828 ad
1009 3753 1194 3826 basilicam
1209 3754 1381 3851 principis

65 3881 313 3977 apostolorum,
335 3880 612 3980 precedentibus
638 3879 867 3972 otticialibus,
893 3903 1015 3968 cruce,
1041 3878 1188 3974 prelatis
1209 3885 1245 3952 at
1268 3880 1380 3953 cardi·

66 4007 190 4082 nalibcs
199 4007 351 4107 paratis,
372 4031 463 4104 quos
479 4005 618 4103 accepit
634 4005 678 4078 ad
694 4006 948 4094 reverentiam;
967 4003 1085 4078 atalia
1099 4003 1287 4078 observata
1300 4011 1382 4078 suut

65 4140 157 4225 prout
188 4135 224 4206 in
256 4133 491 4207 ceremoniali
520 4131 662 4205 dicitnr.
701 4135 873 4204 Centoras
907 4129 1073 4202 dixerunt
1107 4150 1252 4224 prosam
1285 4128 1381 4202 circa

65 4255 173 4352 viginti
206 4284 331 4334 versus
364 4259 573 4332 habentem.
613 4260 692 4330 Non
727 4255 792 4328 tuit
825 4278 958 4328 sermo.
996 4255 1093 4349 Papa
1125 4251 1300 4324 veniendo
1335 4253 1378 4326 ad

66 4380 243 4456 ecclesiam
271 4391 306 4456 et
330 4381 516 4456 redeundo
542 4380 587 4452 ad
610 4377 782 4476 palatium
813 4377 965 4474 portavit
992 4399 1142 4474 regnum
1165 4376 1376 4473 pretiosum.

64 4502 159 4579 llissa
173 4505 288 4592 finita,
305 4505 504 4580 cardinales
523 4510 559 4578 at
573 4502 715 4600 prelati,
733 4500 889 4574 dimissis
911 4502 1142 4598 paramentis,
1161 4508 1379 4598 acceperunt

65 4649 183 4726 cappas
196 4633 234 4706 iu
250 4632 379 4728 quibus
395 4632 619 4706 associarunt
636 4634 770 4726 Papam
786 4634 886 4701 extra
901 4627 1086 4700 basilicam
1101 4626 1302 4724 predictam
1319 4626 1378 4700 ubi

66 4753 150 4851 Papa
163 4757 261 4832 dedit
277 4757 329 4831 ais
344 4757 538 4832 licentiam.

104 4882 288 4956 Dominica
306 4877 431 4981 ojutii,
450 4889 562 4957 Rome
579 4883 615 4954 in
631 4882 785 4956 ecclesia
802 4905 830 4952 s.
857 4879 980 4954 Jacobi
1002 4879 1046 4953 da
1067 4878 1195 4952 Galitia
1215 4882 1257 4950 R.
1275 4882 1314 4952 P.
1332 4882 1374 4951 D.

67 5003 178 5079 Petrus
191 5009 383 5107 episcopus
395 5008 608 5082 Ussclleusis
622 5007 814 5081 celebravit
825 5006 973 5078 missam
987 5004 1187 5078 solemnem
1199 5002 1242 5076 de
1254 5009 1379 5076 octava

67 5130 265 5212 visitationis
294 5138 398 5211 beate
433 5137 543 5210 ltlarie
572 5135 718 5232 virginis
742 5140 889 5233 propter
912 5131 1099 5207 victoriam
1123 5143 1231 5228 quam
1254 5127 1381 5201 habuit
