3496 6056
339 450 392 505 114
788 439 963 500 ιΙΟΗΑΝΝΙΒ
987 439 1209 512 leunculum,
1423 435 1575 502 [novembre
1589 438 1645 506 ttttt

338 603 543 700 episcopus,
569 605 605 672 et
619 599 656 670 in
675 598 747 672 sune
767 599 917 673 absolvit
936 621 1036 672 more
1058 597 1175 672 solito.
1200 595 1289 669 Dedi
1313 599 1434 668 autem
1454 591 1644 668 schedulam

339 727 407 800 illis
431 726 491 824 qui
512 749 603 800 onus
629 725 833 798 babuerunt
862 723 1071 822 providendi
1099 745 1163 821 pro
1189 701 1356 818 ¹euequiis
1388 716 1590 816 hujusmodi
1610 717 1646 790 de

341 854 450 927 rebus
466 849 691 950 opportunis
709 850 916 948 hujusmodi
933 850 1068 924 tenoris
1088 875 1095 920 :

383 1001 467 1052 cere
486 1001 551 1076 pro
573 976 732 1073 exequiis
759 977 853 1051 bone
878 975 1054 1050 memorie
1075 969 1248 1071 Stephani
1268 969 1548 1046 Mediolanensis
1574 969 1650 1042 ordi-

339 1103 482 1177 nanda:

387 1252 453 1326 pro
469 1227 585 1325 prima
601 1225 657 1300 die
675 1251 682 1298 :

387 1378 453 1452 pro
478 1351 719 1427 cardinalibus
747 1357 782 1425 et
804 1351 905 1427 altari
928 1353 1109 1428 intorticia
1125 1377 1187 1428 sex
1201 1354 1374 1427 librorum
1394 1349 1579 1448 quodlibet
1599 1375 1653 1425 uu-

339 1505 440 1555 mero
458 1481 600 1578 triginta
616 1532 1403 1554 .............
1457 1477 1522 1552 lib.
1541 1503 1650 1570 cmxx,

388 1631 453 1706 pro
479 1606 718 1681 circumcirca
736 1604 877 1702 pannis,
904 1605 1086 1680 intorticia
1105 1611 1258 1703 quatuor
1271 1604 1448 1704 ¹librarum
1469 1603 1651 1700 quodlibet.

340 1758 491 1809 numero
522 1732 781 1829 quinquaginta
805 1754 866 1805 sex
920 1784 1375 1806 ........
1426 1731 1489 1803 lib.
1508 1753 1652 1816 ceruum,

387 1881 452 1954 pro
470 1857 595 1932 baucis
612 1857 697 1930 hinc
716 1863 751 1930 et
767 1855 849 1930 inde
862 1855 965 1952 juxta
979 1863 1136 1930 castrum
1152 1856 1299 1946 doloris,
1319 1857 1485 1956 ejusdem
1500 1855 1655 1954 ponderis
1739 1929 1740 1942 χ

342 1982 524 2059 intorticia
541 2005 696 2056 numero
712 1979 836 2078 uiginti
852 1987 1004 2078 quatuor
1049 2036 1457 2056 ........
1496 1981 1563 2056 lib.
1580 2004 1654 2062 xuu,

387 2133 496 2206 supra
511 2089 669 2183 castrum
685 2106 820 2181 doloris
840 2115 875 2180 et
897 2129 963 2206 pro
984 2107 1179 2205 sepultura,
1202 2107 1381 2184 interlicie
1402 2107 1570 2206 ejusdem
1587 2130 1658 2204 pou-

340 2231 438 2308 deris
463 2231 630 2307 undecim
634 2284 1447 2308 ...............
1492 2231 1557 2306 lib.
1576 2254 1656 2318 11111,
1740 2301 1741 2308 χ

390 2357 538 2432 candele
575 2356 728 2430 duarum
754 2357 926 2434 librarum
951 2359 1109 2456 quelibet
1139 2383 1205 2458 pro
1235 2358 1437 2433 oratoribus
1460 2357 1607 2456 prelatis
1632 2359 1659 2428 et

342 2484 508 2574 lunestiS,
532 2505 683 2556 numero
699 2481 853 2558 ducente
907 2537 1442 2564 .........
1494 2483 1557 2558 lib.
1574 2503 1656 2570 cecc,

395 2609 502 2682 unius
524 2607 613 2681 libre
637 2607 794 2702 quelibet
816 2633 882 2707 pro
905 2610 1102 2702 canonicis,
1118 2609 1360 2700 cubiculariis
1379 2607 1562 2684 scutiferis
1578 2611 1658 2705 Papo
1741 2663 1742 2708 q

343 2744 379 2811 et
396 2733 606 2833 capitaneis,
629 2757 780 2808 numero
808 2741 970 2810 trecente
1013 2791 1020 2808 .
1081 2792 1089 2809 .
1132 2793 1141 2812 .
1186 2795 1195 2812 .
1252 2791 1260 2810 .
1311 2792 1320 2811 .
1375 2789 1385 2810 .
1439 2789 1448 2806 .
1496 2733 1561 2808 lib.
1594 2755 1658 2822 coc,
1741 2809 1742 2820 χ

390 2847 508 2934 medie
532 2858 623 2932 libre
646 2859 803 2954 quelibet
822 2885 887 2958 pro
921 2861 1146 2953 officialibus,
1173 2861 1394 2952 cursoribus
1421 2883 1575 2934 numero
1601 2868 1663 2932 tre-

343 2996 446 3065 cente
493 3039 1484 3065 ................
1535 2985 1661 3072 libm,
1742 3077 1743 3090 ἵ

392 3123 549 3214 quatuor
567 3116 754 3190 unciarum
774 3115 934 3212 quelibet
956 3137 1022 3212 pro
1047 3122 1166 3190 castro
1190 3113 1325 3190 doloris
1346 3119 1382 3188 et
1400 3111 1535 3214 populo
1554 3111 1663 3186 distri-

343 3241 487 3316 buenda
501 3263 654 3314 numero
673 3245 821 3314 centum
838 3244 874 3312 et
890 3245 986 3313 oete.

389 3389 496 3464 parve
511 3391 576 3464 pro
592 3365 711 3438 missis
733 3364 776 3438 de
796 3363 919 3461 viginti
936 3363 1093 3462 quinque
1108 3388 1173 3463 pro
1186 3361 1289 3456 libra,
1346 3413 1356 3436 .
1409 3417 1418 3436 .
1473 3415 1481 3434 .
1535 3361 1661 3446 liber,
1732 3410 1737 3423 .

395 3491 545 3565 totidem
561 3515 626 3589 pro
643 3491 700 3564 die
717 3490 841 3563 ultime
860 3515 867 3562 :

396 3621 464 3689 Pro
490 3615 646 3712 qualibet
666 3641 751 3689 vero
774 3616 831 3690 die
848 3615 939 3688 intro
959 3638 1136 3690 novenam
1157 3614 1368 3689 ordinentur
1386 3609 1569 3686 intorticie
1586 3633 1665 3708 que·

347 3749 428 3816 tuor
440 3743 613 3817 librarum
629 3742 812 3838 quodlibet
828 3765 935 3838 supra
950 3747 1109 3816 castrum
1125 3741 1258 3815 doloris
1269 3739 1441 3838 quinque,
1457 3740 1560 3836 juxta
1580 3737 1665 3810 idem

348 3873 506 3941 castrum
526 3865 663 3963 viginti,
687 3891 752 3964 pro
778 3866 960 3964 sepultura
985 3865 1070 3957 duo,
1091 3891 1155 3968 pro
1177 3865 1381 3940 celebrante
1406 3885 1534 3952 unum,
1552 3867 1587 3962 et
1607 3881 1664 3959 pro

348 3989 546 4066 elevatione
571 3991 786 4064 sacramenti
814 3997 909 4064 octo.
935 3989 1084 4064 Faciunt
1106 3991 1143 4063 in
1164 4013 1303 4066 summa
1321 3988 1503 4064 intorticia
1533 3986 1665 4085 triginta

349 4143 425 4192 sex.
553 4147 555 4154 ·

403 4243 557 4319 Caudele
577 4245 729 4320 duarum
748 4243 920 4320 librarum
940 4244 1098 4342 quelibet
1119 4265 1270 4321 numero
1291 4253 1455 4337 centum;
1503 4298 1511 4318 .
1558 4243 1616 4319 lib.
1632 4261 1668 4313 ee

394 4371 500 4446 unius
524 4371 627 4462 libre,
650 4375 812 4460 centum;
862 4419 1521 4447 ...........
1571 4369 1628 4444 lib.
1653 4387 1669 4436 c

399 4497 517 4572 medie
544 4497 649 4588 libre,
680 4497 863 4584 ducente;
930 4550 937 4568 .
999 4552 1007 4567 .
1065 4551 1073 4568 .
1129 4551 1137 4567 .
1191 4546 1200 4568 .
1256 4551 1264 4568 .
1317 4545 1325 4569 .
1383 4546 1392 4569 .
1447 4550 1456 4568 .
1513 4547 1522 4568 .
1572 4493 1669 4568 libe

397 4629 549 4717 quatuor
581 4622 786 4712 unciarum,
819 4627 998 4710 trecente;
1056 4669 1523 4695 ........
1571 4613 1669 4694 libe

397 4750 507 4821 Parve
536 4771 601 4845 pro
630 4749 750 4822 missis
779 4751 823 4823 de
848 4749 971 4847 viginti
1005 4749 1163 4845 quinque
1186 4747 1258 4846 ‘pro
1286 4749 1389 4822 libra.
1449 4805 1458 4821 .
1516 4803 1524 4819 .
1555 4747 1615 4820 lib.
1636 4765 1667 4816 11.

352 4875 578 4969 Deputentur
598 4875 670 4950 duo
690 4877 750 4972 qui
771 4875 949 4973 accipiant
973 4898 1095 4949 ceram
1118 4877 1162 4950 ab
1186 4875 1338 4964 artifice,
1363 4878 1511 4947 teneant
1532 4893 1669 4967 eompu-

353 5007 447 5091 tum,
473 5001 676 5076 custodiant
700 5009 736 5077 et
756 5003 893 5101 prosint
912 5001 1173 5091 distributioni;
1195 5001 1246 5076 bii
1273 5001 1431 5074 babeant
1452 4998 1543 5072 duos
1564 4997 1668 5072 tumu-

350 5112 406 5200 los
424 5127 484 5223 qui
501 5151 581 5202 eam
600 5134 744 5226 portent
766 5130 920 5231 quando·
932 5128 1154 5204 distribuitur
1170 5155 1176 5202 :
1195 5127 1265 5203 boc
1292 5131 1347 5202 est
1371 5149 1460 5223 opus
1483 5115 1666 5223 ¹fidelitatis.
