3424 6038
48 467 120 530 {snit
138 467 207 530 nar]
378 465 504 523 RERUM
529 465 757 525 URBANARUM
781 466 1042 530 COMMENTAHH.
1324 481 1374 536 251

45 631 120 698 ante
148 627 294 722 Papam
322 624 410 700 dixit
431 648 533 701 more
559 632 735 702 consueto
759 627 871 701 Pater
897 639 1029 719 sonere,
1056 639 1135 721 ete.;
1168 653 1238 727 quo
1265 630 1373 725 dicto,

46 749 193 822 surrexit
220 754 323 848 Papa
352 772 435 824 cum
469 749 577 824 mitra
614 757 650 824 et
683 749 870 824 celebrans
898 749 1052 824 cantavit
1081 751 1241 827 Alleluia
1275 779 1376 830 more

46 875 155 948 solito.
176 877 260 960 Quo
276 875 464 962 inchoato,
482 875 587 950 rediit
599 875 696 950 idem
710 879 753 949 D.
772 877 954 951 Mattheus
969 877 1016 950 od
1029 900 1212 954 cameram
1228 881 1377 956 sacriste

45 999 325 1074 adornandum.
349 999 512 1075 Debebat
535 1008 656 1076 autem
680 1001 777 1074 idem
800 1001 1055 1096 subdiaconus,
1077 1011 1271 1102 postquam
1295 1031 1378 1104 pre-

45 1121 131 1195 dicta
157 1119 268 1214 dixit,
292 1120 501 1197 ascendisse
534 1123 581 1198 ad
612 1125 850 1200 osculandum
887 1128 983 1223 Papo
1009 1127 1155 1224 pedem,
1191 1132 1287 1227 quod
1313 1155 1380 1229 per

45 1245 262 1320 obliuionem
298 1245 474 1322 omissum
501 1254 571 1324 est.
609 1252 756 1347 incepta
790 1251 988 1348 antiphona
1018 1251 1246 1354 Mopnifioot,
1282 1260 1379 1357 Papa

45 1371 214 1470 imposuit
239 1371 451 1464 incensum,
489 1379 526 1448 et
559 1376 763 1450 Parmensis
799 1375 988 1451 celebrans
1024 1377 1221 1456 incensavit
1249 1381 1375 1473 altare,

48 1499 188 1594 incepto
207 1495 434 1595 Mopnificut
450 1520 553 1573 more
568 1497 688 1573 solito.
711 1499 848 1575 Deinde
868 1500 935 1574 luit
955 1500 1161 1580 incensatus
1183 1505 1260 1602 ipse
1281 1511 1379 1603 Papa
1452 1520 1462 1532 “

47 1623 181 1698 etalii.
214 1623 530 1700 vicecancellario
570 1632 691 1700 tamen
719 1624 905 1700 videbatur
939 1628 1036 1724 quod
1069 1631 1167 1726 Papa
1194 1629 1379 1706 debuisset

47 1752 268 1840 incensasse‚
292 1749 391 1846 quod
407 1750 608 1824 cardinales
621 1750 832 1826 debuissent
850 1751 979 1827 fecisse
998 1755 1234 1829 reverentiam
1249 1781 1322 1830 non
1341 1757 1377 1830 in

47 1875 220 1973 principio
238 1875 367 1966 cilicii,
386 1875 450 1949 sed
465 1882 546 1974 post
558 1876 840 1968 consessionem,
858 1885 1051 1974 antequam
1067 1903 1133 1978 per
1145 1904 1208 1956 eos
1222 1881 1377 1956 circulus

49 2001 142 2076 lieret
164 2007 202 2077 et
223 2025 293 2102 pro
318 2001 434 2100 Kyrie
454 2001 614 2076 Elelaoo.
639 2002 710 2077 Sed
733 2003 771 2074 in
793 2009 945 2102 utroque
962 2005 1103 2096 erravit,
1135 2005 1219 2103 quia
1243 2008 1377 2104 optime

49 2127 174 2202 iactum
186 2126 259 2202 luit
273 2134 310 2202 ot
323 2128 374 2203 ita
388 2127 467 2202 lieri
482 2150 556 2202 non
571 2127 679 2202 debet
695 2126 812 2202 aliter.
832 2128 910 2202 Alia
931 2129 1053 2204 amnia
1073 2138 1153 2207 ecta
1172 2139 1256 2207 sunt
1273 2137 1379 2232 prout

51 2252 348 2329 inceremoniali.

94 2379 301 2468 herminius,
329 2383 371 2453 15
392 2379 527 2476 caprilia,
555 2380 694 2454 Pascha
715 2378 989 2454 resurrectionis
1008 2382 1052 2452 D.
1075 2383 1117 2454 N.
1134 2381 1219 2453 lesu
1232 2379 1377 2470 Christi,

53 2503 108 2574 SS.
127 2505 170 2578 b.
185 2507 233 2577 N.
255 2503 292 2577 in
305 2527 451 2578 camera
466 2503 643 2600 papagnlli
658 2504 803 2578 indutus
817 2528 917 2580 more
933 2511 1121 2597 consueto,
1140 2504 1236 2578 circa
1249 2504 1378 2580 horam

56 2649 84 2696 n
102 2627 425 2722 processionaliter
448 2627 543 2701 venit
567 2627 613 2702 ad
636 2627 822 2702 basilicam
847 2653 876 2702 s.
905 2629 1014 2704 Petri.
1043 2634 1211 2704 Portatus
1234 2630 1381 2706 atertia

57 2747 126 2822 aula
149 2749 298 2826 insede
323 2775 403 2840 sua,
429 2757 512 2826 ante
537 2751 694 2826 mediam
721 2759 863 2850 portam
887 2753 1035 2829 basilice
1059 2755 1213 2830 firmauit
1237 2778 1290 2847 se,
1320 2754 1379 2827 ubi

58 2875 232 2968 genuflexi
263 2883 368 2952 erant
389 2883 542 2974 quatuor
578 2877 672 2952 cives
709 2879 971 2970 Bononienses‚
1009 2881 1109 2975 nudi,
1141 2881 1314 2979 corrigias
1342 2881 1378 2954 in

59 2997 140 3074 collo
165 3007 201 3077 et
222 3001 373 3076 baculos
391 3026 455 3076 seu
478 3001 633 3101 virgulas
654 3003 871 3078 inmanibus
896 3011 1074 3097 tenentes,
1099 3029 1191 3104 quos
1212 3016 1380 3103 presente

62 3123 149 3220 Papa
173 3131 209 3202 et
238 3149 283 3201 ex
307 3128 387 3225 ejus
412 3127 560 3225 speciali
584 3127 770 3221 mandato,
794 3129 1037 3227 pauitantiarii
1053 3131 1150 3205 circa
1164 3154 1227 3204 eos
1245 3135 1380 3204 stantes

62 3247 294 3328 absolverunt.
326 3256 463 3326 Horum
483 3277 590 3343 uuus,
622 3259 705 3351 post
733 3255 870 3330 dictum
894 3253 1063 3331 Miserere
1092 3279 1202 3353 super
1224 3279 1288 3330 eos
1316 3277 1382 3352 per

63 3375 326 3466 penitentiarios
351 3378 548 3476 predictos,
572 3403 694 3477 prose
716 3387 753 3454 et
775 3381 852 3454 aliis
873 3379 987 3455 tribus
1012 3381 1085 3454 suis
1110 3380 1218 3456 sociis
1237 3380 1380 3478 publice

63 3500 237 3578 consessus
255 3509 324 3594 est,
346 3503 446 3601 ipsos
469 3511 664 3602 propterea
690 3506 785 3580 hanc
810 3507 1047 3604 penitentiam
1075 3529 1265 3606 peragere,
1297 3507 1382 3604 quia

67 3645 163 3701 uuum
187 3631 442 3729 presbyterum
466 3639 503 3706 et
528 3655 641 3706 uuum
670 3631 819 3706 tratrem
849 3631 1020 3730 suspendi
1046 3631 1220 3707 lacerant.
1251 3635 1381 3730 Fuerat

67 3749 148 3826 enim
162 3755 309 3851 quidam
324 3756 513 3855 presbyter
530 3761 566 3830 et
581 3733 770 3854 religiosus
783 3781 890 3846 unus,
904 3780 1019 3854 nuper
1032 3757 1193 3830 bononie
1209 3764 1379 3855 tauquam

67 3875 301 3956 malefactores
334 3881 606 3980 comprehensi,
639 3882 777 3956 detenti
815 3889 852 3955 et
886 3905 951 3979 per
989 3879 1183 3980 capitulum
1219 3883 1381 3956 similiter

34 4079 35 4082 a
69 3993 183 4078 ibidem
204 4006 436 4082 condemnati
455 4007 500 4084 ad
515 4011 689 4098 mortom;
707 4007 811 4104 cujus
828 4006 1005 4082 sententie
1020 4006 1070 4080 hii
1086 4013 1241 4102 quatuor
1253 4030 1381 4080 execu-

68 4125 317 4206 toreslnerunt.

109 4256 189 4332 Tum
206 4262 304 4356 Papa
321 4257 463 4332 intrarit
484 4257 688 4348 ecclesiam,
711 4257 823 4332 oravit
844 4261 928 4332 ante
948 4257 1075 4347 altare,
1094 4258 1233 4355 accepit
1252 4281 1379 4334 omnes

72 4379 208 4469 prelatos
231 4383 278 4458 ad
308 4383 548 4460 reverentiam
573 4390 610 4458 et
634 4383 705 4458 alia
721 4383 807 4458 iecit
833 4405 935 4456 more
962 4390 1150 4456 consueto.
1182 4383 1379 4460 Vestiendo

71 4505 273 4597 pontificem,
285 4507 532 4604 impositasibi
545 4507 737 4605 luitprimo
748 4507 852 4596 stola,
870 4506 999 4580 deinde
1010 4506 1171 4604 phanau,
1190 4507 1254 4581 sed
1269 4507 1376 4583 male.

73 4624 213 4706 babebat
228 4631 325 4706 enim
340 4632 457 4730 primo
477 4633 646 4731 phanone
666 4633 797 4710 deinde
813 4633 905 4706 stola
924 4631 1061 4706 vestiri.
1088 4633 1286 4730 Episcopus
1305 4657 1380 4708 car-

73 4746 177 4830 dinalis
193 4757 367 4834 assistens
382 4757 441 4856 qui
457 4757 523 4832 luit
537 4757 850 4834 vicecancellarius
871 4782 943 4833 non
964 4759 1136 4856 imposuit
1152 4763 1248 4857 Pape
1261 4761 1381 4835 chiro·

73 4871 189 4970 thecas,
213 4906 282 4974 uec
303 4883 470 4975 debebat,
494 4907 578 4958 oum
598 4882 643 4956 sit
663 4881 805 4956 diaconi
825 4883 999 4958 officium.
1025 4883 1222 4957 cardinalis
1240 4886 1379 4960 Medio-

72 4995 208 5083 lanensis
223 5009 322 5106 prior
333 5011 628 5108 presbyterorum
639 5007 851 5082 ministrarit
861 5009 1062 5083 naviculam
1073 5031 1138 5105 pro
1147 5008 1378 5108 impositione

73 5117 189 5206 incensi
230 5134 277 5208 ad
318 5135 590 5232 processionem
631 5135 676 5207 ad
716 5133 828 5208 altare
869 5157 934 5232 pro
974 5134 1205 5210 confessione
1243 5135 1377 5209 ibidem
