3424 6038
52 467 114 534 ituit
128 467 189 530 itti]
347 462 472 520 RERUM
497 461 725 519 URBANAHUM
750 461 1012 520 contunduntur.
1291 465 1345 518 255

48 621 208 698 nardinum
231 674 335 690 .......
362 641 463 693 more
480 616 600 706 solito,
618 624 726 716 prout
741 617 777 689 iu
793 617 974 691 ordinario
989 641 996 707 3
1016 616 1258 692 interfuerunt
1272 616 1345 690 duo

47 745 219 822 cardinales
234 750 388 833 tantum,
414 742 580 818 videlicet
602 743 647 815 de
670 741 821 816 Sabellis
839 747 876 818 et
895 742 1082 834 Columna,
1110 749 1146 816 et
1163 742 1234 815 duo
1255 740 1347 840 apis-

48 873 121 971 copi,
141 869 302 945 videlicet
323 867 521 944 Aleriensis
545 873 580 942 et
605 865 804 942 Auriensis.
830 871 874 942 l).
903 867 989 942 Gola
1009 867 1215 958 caietanus,
1242 865 1346 940 miles

47 997 148 1085 laicus,
168 1001 202 1068 et
221 999 264 1069 D.
289 991 603 1090 turchopellerius,
625 992 730 1066 miles
752 991 867 1067 sancti
891 992 1066 1066 lobannis
1089 991 1347 1092 Hierosolymi-

50 1123 116 1210 tani,
132 1121 378 1219 imposuerunt
399 1115 578 1193 calcearia
596 1139 687 1188 novo
704 1115 822 1207 militi,
841 1115 900 1190 cui
922 1119 1017 1214 Papa
1031 1121 1112 1214 post
1126 1117 1348 1190 creationem

48 1247 166 1324 donarit
184 1245 325 1344 insigne
351 1250 435 1318 ante
459 1249 586 1341 pectus
608 1241 827 1338 portandum
851 1241 981 1316 valoris
1000 1267 1043 1316 xv
1064 1242 1279 1316 ducatorum
1293 1241 1348 1315 rel

49 1373 203 1467 circaque
224 1367 292 1441 sibi
314 1365 483 1464 imposito
502 1366 686 1442 osculatus
705 1368 835 1464 pedem
857 1369 966 1466 Pape,
989 1367 1061 1466 egit
1083 1368 1148 1440 sibi
1165 1367 1298 1464 gratias
1314 1371 1350 1439 et

49 1495 185 1570 recessit.

85 1619 177 1695 Faria
198 1623 340 1716 quarta,
372 1623 417 1692 25
445 1618 580 1692 mensis
608 1618 744 1716 aprilis,
767 1619 897 1694 fastum
923 1644 952 1692 s.
984 1619 1095 1694 Marci
1116 1617 1347 1716 evangeliste,

48 1749 125 1820 bono
143 1767 259 1835 mane,
288 1743 385 1817 circa
404 1743 533 1816 horam
552 1768 589 1834 x,
614 1747 710 1842 Papa
731 1744 875 1818 indutus
895 1745 1043 1836 amictu,
1072 1744 1166 1834 elba,
1189 1741 1347 1842 singule,

49 1869 174 1968 capucio
206 1869 289 1942 albo
321 1874 358 1941 et
393 1867 485 1941 stola
514 1869 594 1943 elba
631 1893 714 1944 cum
744 1869 872 1967 perlis,
905 1870 1092 1946 descendit
1128 1869 1173 1944 de
1203 1868 1348 1967 palatio,

49 1996 185 2070 escendit
206 1993 356 2084 mulam,
383 1999 433 2084 et,
459 1994 738 2091 precedentibus
758 2019 866 2068 cruce
894 2006 930 2069 et
952 1995 1191 2070 cardinalibus
1208 2018 1250 2069 ac
1274 1993 1352 2068 aliis

48 2146 129 2197 more
151 2126 339 2212 consueto,
370 2119 538 2218 echtevit
563 2122 609 2196 ad
632 2147 662 2196 s.
684 2127 860 2214 Marcum,
888 2121 947 2195 ubi
975 2121 1163 2196 descendit
1186 2121 1232 2194 de
1255 2120 1354 2193 mula

50 2254 76 2320 et
90 2245 218 2319 introvit
240 2243 434 2320 ecclesiam
453 2252 586 2320 etanta
608 2247 719 2322 altare
740 2247 776 2319 in
791 2246 989 2322 ialdistorio
1012 2245 1124 2321 oravit
1143 2268 1244 2320 more
1265 2267 1353 2318 con-

50 2378 143 2446 sueto.
178 2369 343 2446 Surrexit
374 2376 410 2444 et
438 2371 601 2470 deposita
629 2373 695 2448 sibi
725 2373 817 2447 stola
843 2373 926 2448 alba
955 2377 990 2448 et
1019 2371 1184 2471 capucio,
1212 2367 1355 2466 accepit

50 2495 156 2568 stolam
166 2496 320 2570 rubeam
336 2499 372 2568 et
381 2494 535 2592 pluviale
546 2497 698 2572 rubeum
709 2498 907 2596 pretiosum
923 2522 965 2572 ao
979 2497 1123 2572 mitram
1134 2520 1217 2572 cum
1230 2492 1351 2594 perlis.

52 2619 221 2694 Procubuit
247 2619 383 2694 iterum
416 2643 525 2718 super
549 2622 806 2723 faldistorium,
835 2631 872 2698 et
900 2631 1066 2699 cantores
1094 2630 1191 2698 retro
1220 2625 1354 2720 Papam

52 2746 108 2820 duo
133 2744 314 2845 genullexi
340 2768 463 2820 coram
499 2771 536 2822 se
567 2773 676 2846 super
707 2749 864 2825 scabello
898 2750 1032 2824 ibidem
1063 2743 1188 2848 parato
1225 2745 1356 2820 librum

50 2879 203 2963 tenentes,
221 2871 439 2969 inceperunt
453 2871 615 2948 litaniam
631 2898 737 2971 quam
758 2880 795 2949 et
809 2874 963 2950 breuiter
978 2876 1232 2950 continuarunt
1244 2897 1356 2971 usque

51 2997 85 3068 nd
98 2997 212 3084 finem,
225 2996 309 3072 aliis
321 2998 528 3074 cantoribus
542 3000 640 3074 circe
654 3001 876 3076 credentiam
893 3025 955 3077 seu
971 3007 1192 3076 extracornu
1206 3000 1356 3097 epistola

50 3122 175 3198 alterius
203 3123 330 3199 altaris
360 3125 560 3222 genuflexis
587 3126 656 3200 illis
690 3127 1006 3225 respondentibus,
1038 3151 1139 3202 more
1165 3130 1354 3202 consueto.

52 3252 140 3346 Papa,
171 3251 208 3323 in
239 3247 421 3347 principio
455 3251 565 3326 litaue
599 3251 781 3350 deposuit,
813 3257 934 3350 preter
963 3275 1083 3326 meam
1122 3251 1356 3343 voluntatem,

43 3375 185 3467 mitram,
202 3383 239 3450 et
260 3374 314 3449 sie
335 3398 401 3473 per
424 3382 536 3450 totam
558 3377 719 3452 litaniam
745 3375 957 3474 permansit,
984 3377 1069 3450 licet
1088 3399 1215 3452 omnes
1236 3377 1359 3453 litanie

54 3499 115 3573 lieri
130 3507 394 3575 consueuemnt
406 3525 489 3575 cum
510 3503 627 3577 mitra.
648 3501 766 3578 Finita
784 3505 920 3596 litania,
944 3505 1098 3579 surrexit
1113 3508 1210 3603 Papa
1225 3503 1360 3580 etfacit

52 3627 299 3701 contessionem
335 3651 436 3702 more
475 3629 593 3704 solito.
634 3629 807 3703 Ascendit
841 3629 886 3702 ad
922 3629 1052 3704 solium
1086 3636 1122 3704 et
1159 3629 1360 3705 cardinales

52 3753 277 3828 veneruntad
306 3753 555 3828 reuerentiam.
585 3757 682 3854 Papa
702 3752 873 3852 imposuit
899 3754 1103 3830 incensum.
1134 3759 1362 3832 incensatum

54 3876 221 3952 iuitaltera
246 3883 286 3951 et
308 3883 405 3976 Papa
426 3901 528 3953 more
556 3887 742 3954 consueto.
772 3881 827 3953 Ad
850 3881 1036 3954 dexteram
1060 3883 1156 3979 Pape
1187 3887 1363 3955 steterunt

54 4002 193 4101 episcopi
206 4008 243 4078 et
260 4025 346 4100 pars
361 4002 655 4100 presbyterorum
675 4001 927 4095 cardinalium
950 4003 1019 4077 alia
1035 4027 1118 4101 pars
1136 4004 1364 4102 presbytero-

55 4151 119 4202 rum
133 4127 351 4204 continuavit
365 4128 411 4201 ab
426 4127 496 4201 alia
510 4151 619 4203 mauu
636 4133 744 4226 Pape,
760 4128 922 4202 diaconis
937 4128 1178 4202 cardinalibus
1196 4129 1230 4202 in
1247 4128 1363 4226 capite

55 4251 132 4327 illius
145 4255 251 4330 banci
267 4254 313 4329 ad
337 4252 519 4326 sinistram
535 4254 726 4327 stantibus.
743 4253 895 4328 Auditor
906 4253 950 4326 de
964 4252 1084 4344 mitra,
1100 4253 1314 4328 secretarius
1330 4260 1365 4328 et

55 4379 277 4454 cubicularius
294 4378 425 4454 secreti
449 4384 623 4453 steterunt
642 4401 706 4454 seu
727 4379 900 4454 sederunt
915 4377 953 4451 in
972 4379 1103 4475 angulo
1126 4378 1221 4454 inter
1235 4379 1364 4453 solium

57 4503 135 4600 Pape
148 4511 182 4578 et
194 4503 352 4578 bannum
368 4502 607 4578 diaconorum
618 4504 853 4578 cardinalium
865 4504 901 4576 in
913 4503 1135 4602 tarrapositi.
1147 4504 1365 4580 Subdiaconi

57 4629 135 4726 Pape
171 4632 339 4706 sederunt
374 4629 409 4704 in
438 4629 564 4706 infimo
597 4631 709 4728 gradu
733 4630 812 4704 solii
841 4634 949 4726 Papo,
984 4653 1091 4702 renes
1122 4633 1218 4728 Pape
1242 4651 1365 4704 versus

56 4752 150 4829 altare
165 4757 275 4832 iacies
288 4763 485 4831 vertentes.
504 4757 697 4833 Auditores
711 4756 831 4831 clerici
852 4777 1010 4846 camere,
1033 4754 1204 4854 acolythi,
1222 4753 1368 4828 cubicu-

56 4875 121 4952 larii
133 4889 167 4956 et
181 4883 363 4958 secretarii
380 4881 553 4957 sederunt
572 4881 609 4954 in
631 4890 728 4956 terre
749 4882 807 4956 siti
825 4882 897 4956 hoc
915 4880 1025 4956 modo
1046 4905 1054 4955 :
1077 4879 1189 4955 iacies
1211 4886 1247 4956 et
1260 4903 1369 4955 unam

57 5023 187 5082 manum
202 5009 316 5098 altari,
334 5007 441 5082 aliam
465 5012 559 5108 Pape
580 5013 776 5099 vertentes,
799 5007 947 5082 dimisso
967 5007 1082 5084 libero
1103 5007 1256 5084 transitu
1276 5007 1372 5082 iuter

60 5124 156 5205 altare
183 5137 218 5207 et
242 5135 388 5230 Papam.
418 5132 550 5205 Prelati
582 5133 756 5207 sederunt
786 5133 822 5206 in
852 5133 975 5208 bannis
1009 5140 1090 5232 post
1121 5135 1232 5212 linem
1264 5133 1370 5208 banci
1506 5137 1508 5142 '
