3436 6038
114 492 285 560 [Septembre
298 494 367 559 taso]
442 493 569 551 RERUM
594 491 822 554 URBANARUM
846 497 1108 557 COMMENTARII.
1332 517 1336 526 ·
1393 503 1444 557 211

162 646 268 720 Perie
295 653 409 738 sexta,
436 651 481 720 22
507 649 642 723 mensis
663 651 892 748 septembris,
918 658 1001 726 6616
1026 653 1154 726 horam
1180 653 1382 730 consistorii
1409 655 1446 728 in

109 773 221 868 plano
238 797 347 871 supra
364 773 496 871 gradus
514 781 598 850 ante
610 777 795 850 basilicam
811 803 839 850 s.
863 779 958 852 Petri
974 777 1010 851 in
1027 787 1197 876 suggesto
1216 781 1345 854 adhoc
1363 805 1446 878 pre-

109 903 240 992 parato
252 897 493 994 personaliter
503 901 733 994 constitutus,
752 907 794 975 R.
814 906 853 977 P.
871 904 1023 978 D.Titus
1038 907 1229 1003 episcopus
1247 907 1445 980 Castrensis

110 1020 146 1094 in
160 1021 398 1118 patrimonio,
416 1025 564 1117 amictu,
583 1027 678 1117 alba,
702 1027 861 1124 cingulo,
877 1029 981 1120 stola,
1000 1030 1142 1128 pluviali
1162 1032 1274 1107 rubeo
1288 1039 1323 1106 61
1339 1033 1446 1106 mitra

109 1137 550 1244 simplicibusparatuS,in
563 1151 762 1226 faldistorio
774 1154 919 1245 sedem,
933 1159 974 1228 R.
990 1159 1028 1228 P.
1039 1160 1082 1228 D.
1093 1159 1219 1230 Petrus
1229 1156 1448 1234 deVicentia

108 1273 212 1346 curie
226 1295 418 1346 causarum
434 1299 578 1353 camere
592 1280 789 1378 apostolice
806 1280 960 1370 auditor,
975 1285 1017 1354 N.
1029 1281 1074 1356 de
1091 1286 1219 1357 Parma
1234 1295 1447 1381 procurator

107 1399 261 1488 fiscalis,
284 1398 469 1474 lohannes
494 1405 708 1479 Francisous
725 1405 934 1504 barigellus,
956 1407 1111 1482 lacobus
1132 1409 1328 1495 Quintinoti
1342 1418 1446 1484 nota-

109 1527 188 1600 rius
213 1547 405 1600 causarum
425 1533 523 1605 curie
544 1531 705 1628 predicte
733 1539 769 1606 et
793 1533 912 1630 plures
937 1533 995 1607 alii
1021 1558 1062 1607 ac
1087 1538 1211 1609 Frater
1235 1535 1376 1610 Gabriel
1401 1535 1446 1611 de

108 1659 286 1732 Fontaria
304 1659 348 1735 de
374 1658 557 1733 Placentia
580 1658 767 1758 professus
792 1659 926 1732 ordinis
946 1659 1204 1734 canonicorum
1226 1662 1445 1759 regularium

107 1807 138 1856 s.
162 1786 356 1883 Augustini
377 1785 540 1860 omnium
560 1785 727 1859 ordinum
747 1809 861 1882 usque
887 1785 932 1859 ad
953 1786 1242 1885 presbyteratum
1259 1787 1442 1878 inclusive,

106 1912 335 2008 paramentis
359 1919 506 2010 paratus
528 1935 653 1986 versus
674 1913 861 2010 populum,
890 1919 988 1986 stans
1017 1914 1059 1987 D.
1096 1913 1251 1987 lacobus
1283 1912 1446 1988 notarius

105 2036 198 2134 legit
214 2037 452 2112 summarium
467 2061 659 2135 processus
682 2045 808 2113 666116
828 2037 1031 2135 predictum
1055 2039 1257 2114 Gabrielem
1281 2038 1394 2112 babiti
1411 2045 1447 2112 et

106 2163 331 2236 sententiam
346 2171 474 2239 contra
485 2187 569 2238 eum
579 2163 689 2237 latam
703 2187 745 2238 66
760 2164 1055 2239 commissionem
1069 2190 1108 2238 su
1112 2189 1178 2263 per
1188 2165 1445 2263 degradatione

106 2286 292 2362 facienda.
312 2289 449 2375 Quibus
463 2289 580 2380 lectis,
598 2289 758 2387 prelatus
774 2295 817 2364 D.
832 2291 1023 2388 episcopus
1039 2315 1121 2365 eum
1133 2289 1339 2388 degradavit
1345 2290 1447 2387 juxta

106 2413 279 2488 ordinem
308 2413 345 2486 in
378 2413 577 2512 pontificali
611 2415 735 2490 datum
763 2417 799 2490 in
832 2415 902 2490 vim
937 2415 1202 2491 commissionis
1235 2415 1330 2490 date.
1368 2419 1445 2501 Quo

105 2538 325 2636 degradato,
341 2539 535 2638 barigellus
551 2539 692 2614 reduxit
704 2565 787 2614 eum
799 2541 845 2615 ad
857 2542 997 2620 Turrim
1009 2543 1169 2631 Soldani,
1185 2548 1220 2618 et
1236 2541 1293 2616 die
1309 2539 1447 2615 sabbati

109 2669 153 2738 18
176 2665 412 2762 septembris,
436 2665 533 2740 61166
553 2666 682 2741 horam
708 2667 887 2742 decimam
908 2669 1065 2762 tertiam,
1092 2668 1189 2743 idem
1212 2667 1443 2766 degradatus,

106 2791 174 2866 1611
189 2815 390 2890 suspensus
405 2792 441 2865 in
464 2817 594 2892 campo
615 2794 720 2868 Flore
740 2817 872 2893 magna
891 2793 1064 2892 patientia
1085 2801 1120 2868 61
1136 2793 1324 2868 devotione
1341 2797 1447 2889 prout

106 2915 276 2991 ridentes
297 2918 511 3010 retulerunt,
538 2919 710 2994 moriens.
735 2923 775 2994 ln
793 2921 910 3019 capite
937 2920 1046 2995 corde
1072 2943 1143 3016 qua
1162 2943 1358 3017 suspensus
1380 2917 1447 2990 1611

109 3067 315 3140 appensum
331 3043 398 3117 1611
410 3045 624 3143 auripellum
640 3045 676 3118 in
693 3045 835 3144 signum
851 3047 948 3144 quod
964 3045 1030 3118 1611
1045 3045 1225 3120 excellens
1240 3045 1345 3118 latro.

159 3168 301 3243 Eodem
328 3193 449 3260 mane,
476 3170 513 3243 in
539 3172 760 3271 Campidolio
784 3197 980 3271 suspensus
1006 3170 1074 3245 luit
1097 3194 1163 3269 pro
1187 3171 1280 3244 16116
1300 3169 1446 3266 quidam
1478 3262 1485 3274 .

106 3295 258 3392 judeus,
277 3295 365 3368 alias
385 3295 515 3388 lactus,
533 3299 749 3373 christianus
765 3298 824 3396 qui
842 3319 988 3372 crucem
1003 3304 1086 3371 ante
1107 3303 1195 3370 sect
1210 3294 1446 3369 christianum

108 3419 233 3518 ipsum
253 3419 288 3492 in
304 3419 375 3495 fide
390 3422 521 3496 Christi
544 3425 810 3500 confortantem
828 3423 965 3499 habere
984 3421 1174 3512 recusavit,
1199 3421 1263 3496 sed
1283 3421 1320 3494 in
1330 3419 1447 3518 judai-

110 3568 193 3619 smo
207 3546 301 3620 mori
316 3547 442 3636 voluit,
453 3557 560 3646 prout
574 3557 739 3624 mortuus
754 3555 809 3624 est
820 3555 854 3623 et
869 3570 1079 3646 suspensus.
1099 3544 1262 3620 Debebat
1275 3551 1311 3619 61
1326 3543 1445 3618 socius

110 3697 199 3745 suus
215 3671 306 3746 alius
315 3671 448 3770 judeos
464 3674 572 3749 etiam
584 3676 752 3750 detentus
771 3699 896 3750 secum
917 3674 1086 3772 suspendi
1106 3672 1167 3770 qni
1182 3695 1221 3747 se
1242 3671 1392 3770 projecit
1409 3671 1445 3744 in

110 3799 277 3874 cloacam
300 3822 345 3874 ex
368 3823 439 3897 qua
460 3801 589 3875 eodem
614 3801 671 3877 die
695 3801 792 3875 vivus
817 3801 883 3874 1611
908 3806 1087 3875 extractus
1118 3805 1154 3873 61
1183 3797 1313 3872 deinde
1336 3796 1445 3872 etiam

111 3947 327 4024 suspensus.

163 4049 270 4125 Faria
294 4051 412 4144 tertia,
436 4053 481 4125 16
500 4051 636 4126 mensis
663 4051 891 4150 septembris,
915 4053 957 4123 R.
980 4051 1019 4123 P.
1043 4053 1085 4122 D.
1105 4048 1296 4144 episcopus
1316 4045 1447 4120 Alben-

112 4172 299 4272 ganensis,
316 4179 379 4250 SS.
396 4179 439 4249 D.
458 4179 500 4249 N.
521 4179 616 4274 Papc
630 4175 666 4248 in
683 4177 777 4250 Urbe
791 4175 942 4250 vicarius
958 4174 1150 4249 celebravit
1164 4173 1313 4246 missam
1326 4171 1446 4268 publi-

113 4325 195 4376 cam
209 4301 246 4376 in
262 4301 401 4400 capella
425 4302 564 4399 majore
581 4300 703 4398 palatii
721 4301 908 4400 apostolici
928 4323 994 4400 pro
1013 4299 1133 4374 anima
1154 4299 1249 4373 bone
1269 4297 1445 4372 memorie

113 4427 300 4502 Philiberti
318 4425 409 4502 111611
430 4435 638 4501 sanctorum
654 4427 828 4501 lobannis
846 4433 882 4501 61
904 4425 1014 4518 Pauli,
1034 4423 1235 4523 presbyteri
1256 4423 1446 4496 cardinalis

110 4553 388 4628 blatisconensis
415 4551 611 4651 vulgariter
636 4553 846 4651 nuncupati,
866 4555 970 4652 juxta
984 4551 1284 4626 consuetudinem
1309 4548 1447 4645 capelle

110 4687 248 4772 nostre,
277 4679 375 4778 Papa
402 4679 565 4770 absente,
593 4679 738 4752 RRmis.
761 4679 835 4752 DD.
866 4675 1171 4768 vicecancellario,
1208 4701 1238 4748 s.
1274 4673 1369 4748 Petri
1402 4673 1448 4747 ad

109 4805 278 4897 Vincula,
302 4805 567 4904 Andagavensi,
587 4831 616 4880 s.
641 4805 836 4880 Clementis
857 4805 901 4878 de
923 4803 1121 4880 Comitibus
1139 4807 1174 4875 et
1197 4799 1349 4876 Senensi
1363 4823 1447 4898 pre-

118 4931 294 5006 sentibus.
321 4936 403 5007 Post
428 4933 577 5007 missam
600 4931 696 5006 idem
720 4931 907 5007 celebrans
928 4929 1013 5003 16611
1032 4927 1297 5003 absolutionem
1322 4926 1448 5001 616116

116 5079 220 5132 more
235 5057 341 5132 solito
358 5065 439 5132 sunt
452 5059 653 5134 observata.

167 5183 272 5260 Foria
290 5193 428 5282 quarta,
459 5191 503 5260 27
518 5185 655 5261 mensis
676 5183 906 5284 septembris,
934 5183 1031 5258 61166
1053 5184 1182 5259 horam
1207 5203 1313 5258 xxrrn
1334 5179 1389 5256 vel
1410 5189 1449 5254 ut
