3422 6034
89 488 228 555 [lunulae]
395 485 522 544 RERUM
546 483 774 544 URBANARUM
798 484 1062 544 COblMENTlel.
1344 489 1396 546 3⁴3

92 645 253 747 publicam
270 645 305 718 iu
322 643 458 742 capella
473 644 610 741 majore
630 643 752 742 palatii
768 643 954 740 apostolici
970 641 1065 739 apud
1079 667 1108 714 s.
1126 645 1286 736 Petrum,
1304 649 1399 744 Papa

91 775 236 865 absente,
256 771 399 847 uanis.
416 773 494 846 DD.
519 769 761 843 cardinalibus
784 769 892 844 etiam
913 769 1027 844 tribus
1042 770 1141 844 nouis
1156 773 1397 870 presentibus

88 897 197 972 Omnia
212 897 399 972 obseruata
417 901 500 968 suut
522 901 630 992 prout
650 893 686 966 in
708 894 902 968 ordinario.
924 897 1138 969 Sermonem
1158 895 1243 971 lecit
1264 921 1397 994 procu-

90 1029 174 1096 rator
187 1021 319 1094 ordinis
339 1021 522 1094 minorum
540 1021 601 1118 qui
624 1021 690 1094 luit
711 1021 916 1119 deputatus.
937 1025 1023 1096 Post
1041 1023 1245 1120 prandium,
1269 1025 1399 1121 prelati

87 1157 148 1222 tres
163 1148 358 1223 cardinales
372 1149 453 1223 noui
477 1148 658 1239 associati,
683 1155 860 1248 utsupra,
882 1148 1070 1221 visitarunt
1087 1148 1176 1221 alios
1198 1149 1398 1224 cardinales

85 1275 234 1371 antiquos
249 1275 328 1349 beri
341 1298 415 1349 non
426 1275 598 1364 visitatos,
618 1273 712 1349 inter
724 1299 814 1370 quos
829 1297 902 1348 non
916 1275 1130 1348 invenerunt
1145 1272 1182 1346 in
1195 1273 1270 1347 suis
1286 1275 1399 1348 domi·

85 1402 300 1476 busllllmos.
317 1405 392 1476 DD.
409 1399 704 1490 Ulixbouensem,
721 1401 974 1491 camerarium,
990 1399 1034 1474 de
1045 1399 1209 1491 Sabellis,
1228 1400 1397 1476 Ursinum

86 1534 114 1600 at
127 1527 334 1618 Ascanium3
352 1533 615 1626 proptereaeos
631 1549 704 1601 non
720 1527 917 1600 visitarunt.

123 1653 219 1728 Faria
234 1653 354 1746 tertia,
375 1659 417 1726 ll
435 1652 566 1742 martii,
580 1652 705 1726 RRuni.
725 1656 801 1725 DD.
816 1653 1016 1726 cardinales
1032 1651 1169 1750 antiqui
1185 1651 1399 1749 inceperunt

84 1778 209 1852 uisitare
225 1803 351 1870 noros,
366 1786 401 1852 et
415 1777 520 1876 primi
536 1778 606 1852 hoc
618 1801 725 1852 mane
735 1777 922 1852 visitarunt
935 1782 1091 1852 Rllmos.
1103 1781 1178 1852 DD.
1191 1780 1234 1854 de
1247 1779 1399 1854 Sabellis

85 1909 113 1976 ct
125 1903 164 1976 de
179 1906 277 1976 Fuxo
296 1931 304 1977 :
324 1903 454 1977 deiude
467 1909 641 1978 uenerunt
661 1903 769 1978 etiam
793 1905 850 1978 alii
866 1905 1002 2001 antiqui
1018 1911 1054 1978 et
1067 1905 1148 1978 data
1167 1911 1222 1978 est
1237 1905 1272 1977 in
1286 1905 1401 1979 domi-

84 2027 139 2101 bus
153 2053 324 2102 nouorum
334 2029 571 2104 cardinalium
582 2029 726 2104 collatio
742 2029 885 2104 familiis
902 2030 1131 2128 antiquorum
1148 2021 1397 2123 cardinalium,

83 2161 114 2226 ul
132 2155 238 2228 moris
255 2161 324 2230 est.

125 2279 290 2373 Sabbata,
310 2285 351 2353 21
369 2281 502 2374 martii,
521 2287 647 2356 limus.
662 2285 705 2356 D.
725 2281 918 2356 cardinalis
934 2283 1122 2356 Auriensis
1134 2283 1334 2374 dixitmibi,
1353 2285 1398 2357 de

85 2407 215 2480 diuersis
230 2430 378 2481 mecum
400 2407 568 2504 loquens,
586 2407 682 2482 inter
700 2407 781 2499 alia,
808 2408 904 2506 quod
921 2409 997 2507 jam
1013 2433 1078 2506 per
1093 2413 1176 2483 octo
1192 2408 1271 2484 dies
1287 2407 1401 2505 scrip-

86 2531 178 2604 sisset
191 2555 228 2604 se
249 2531 346 2604 ancli
365 2541 485 2604 sancte
503 2532 697 2606 Anastasio
712 2535 972 2631 presbyterum,
998 2533 1042 2608 de
1063 2557 1236 2632 expressa
1255 2533 1402 2608 licentia

86 2657 140 2728 SS.
156 2659 195 2728 D.
213 2661 255 2731 N.
272 2679 365 2755 pape
386 2656 454 2729 sibi
476 2655 572 2749 dala,
596 2682 662 2756 pro
687 2683 731 2733 eo
751 2659 849 2756 quod
871 2659 1015 2733 tilulum
1035 2667 1176 2734 mutare
1200 2659 1402 2733 nouinlen·

86 2781 189 2873 debat,
211 2790 247 2856 et
269 2807 310 2856 se
335 2781 493 2857 scribere
524 2784 711 2858 Auriensis
736 2807 809 2858 non
835 2784 1014 2882 placebat,
1039 2793 1116 2858 tum
1137 2784 1291 2858 latinum
1316 2805 1400 2858 cum

86 2907 206 3004 uulgari
222 2909 317 2983 illius
330 2931 405 2982 nou
415 2909 663 2984 conveniebat.

125 3035 310 3109 Dominica
326 3035 433 3108 tertia
453 3035 744 3133 quadragesime,
773 3039 818 3108 22
842 3037 973 3128 martii,
998 3041 1041 3110 R.
1067 3040 1106 3110 P.
1134 3041 1176 3111 D.
1197 3036 1401 3134 Stephanus

85 3161 366 3260 archiepiscopus
390 3161 617 3235 patracensis
638 3161 832 3240 celebrauit
853 3161 1002 3235 missam
1015 3163 1197 3260 publicam
1213 3163 1249 3234 iu
1263 3161 1403 3257 capella

85 3287 244 3379 prediola,
278 3290 376 3384 Papa
402 3289 567 3381 absente,
598 3313 680 3363 cum
710 3290 926 3364 ceremoniis
958 3290 1154 3365 consuetis.
1188 3293 1402 3364 Sermonem

85 3408 157 3483 lecit
170 3418 383 3509 procurator
397 3415 533 3488 ordinis
547 3439 577 3488 s.
590 3415 780 3512 Augustini
795 3417 1041 3490 eremitarum.

127 3537 224 3612 Faria
236 3538 410 3629 secunda,
430 3543 475 3613 23
492 3540 624 3630 martii,
646 3540 713 3613 luit
732 3542 890 3638 primum
918 3542 1172 3616 consistorium
1187 3549 1269 3640 post
1284 3542 1403 3640 publi-

87 3661 250 3738 cationem
274 3685 449 3736 novorum
472 3665 707 3739 cardinalium
728 3668 1030 3764 supradictorum,
1055 3667 1092 3740 in
1115 3689 1187 3764 quo
1211 3670 1274 3741 SS.
1299 3671 1343 3741 D.
1361 3671 1403 3742 N.

87 3785 116 3857 iu
129 3787 302 3887 principio
316 3789 520 3863 consistorii
537 3791 664 3864 clausit
678 3815 742 3865 ora
754 3792 854 3866 novis
869 3793 1130 3868 cardinalibus:
1145 3793 1180 3866 iu
1196 3793 1267 3866 fine
1281 3801 1403 3868 autem

87 3909 235 4004 ejusdem
251 3911 457 3986 consistorii
474 3914 614 4012 aperuit
638 3936 701 3987 ora
723 3914 860 3989 eisdem
882 3917 1123 3990 cardinalibus
1140 3919 1240 3992 nouis
1254 3926 1291 3992 et
1306 3917 1404 3992 dedit

88 4034 131 4106 eis
152 4037 277 4112 anulos
299 4044 335 4111 et
357 4038 445 4136 ipsis
467 4063 508 4113 ac
532 4039 640 4113 etiam
657 4040 867 4115 absentibus
897 4042 1052 4134 duobus,
1077 4043 1210 4136 titulos,
1238 4043 1403 4119 videlicet

89 4163 177 4236 Rmo.
194 4167 236 4238 D.
256 4163 488 4261 Lugdunensi
511 4165 652 4238 titulum
667 4167 780 4238 sancti
796 4165 950 4240 Martini
964 4169 1001 4239 in
1016 4167 1220 4260 Montibus·
1236 4174 1340 4243 amo.
1357 4172 1400 4243 D.

91 4287 331 4362 Beneuentano
346 4299 466 4360 sancte
479 4285 659 4378 Sarranae,
683 4292 786 4362 Rmo.
813 4291 855 4361 D.
878 4289 1053 4364 Aleriensi
1073 4303 1275 4365 sanctorum
1291 4289 1405 4364 Joun-

91 4411 138 4481 nis
151 4415 315 4506 etPoulu‘,
333 4417 438 4486 limo.
460 4415 504 4486 D.
520 4413 686 4488 duriensi
703 4427 822 4488 sancte
842 4415 1047 4504 Anastasia,
1066 4419 1170 4490 Rmo.
1192 4419 1234 4490 D.
1252 4417 1406 4490 Rhodia-

91 4539 182 4610 ueusi
196 4539 310 4612 sancti
322 4538 491 4612 Adriani.

134 4664 233 4738 Faria
257 4669 397 4760 quarta,
430 4669 474 4737 25
506 4663 642 4736 mensis
669 4663 801 4755 martii,
831 4665 962 4737 lesbum
989 4665 1276 4738 annunciationis
1301 4665 1405 4742 beate

94 4787 371 4886 llarieuirginis,
404 4789 442 4862 in
462 4811 583 4880 mane,
614 4791 677 4862 SS.
717 4792 759 4862 D.
798 4797 922 4863 noster
956 4797 1101 4887 paratus
1132 4789 1280 4883 amictu,
1309 4789 1403 4882 alba,

93 4911 239 5009 cingulo,
253 4915 344 4988 stola
358 4913 472 4987 rubea
487 4937 531 4987 ex
546 4915 656 5010 perlis
679 4921 714 4988 et
736 4915 910 5012 capucino
934 4915 1015 4988 albo
1037 4923 1071 4989 et
1091 4914 1247 5012 desuper
1267 4915 1406 5014 capello

95 5038 207 5132 rubeo,
221 5039 500 5139 precedentibus
514 5040 631 5137 ipsum
649 5062 757 5114 cruce
773 5045 808 5114 el
824 5039 1065 5113 cardinalibus
1086 5039 1226 5114 duobus
1246 5040 1406 5116 diaconis
1528 5089 1533 5100 ·

96 5171 167 5254 post
180 5167 323 5241 ultimos
340 5166 530 5264 episcopos
549 5166 749 5240 cardinales
771 5165 979 5240 immediate
1000 5172 1083 5241 ante
1099 5169 1233 5262 Papam
1249 5167 1409 5262 equitan-
