3496 6056
338 489 389 542 ne
792 485 967 542 Jorrluurs
991 485 1211 554 BURCHARol,
1431 486 1648 552 incameratae

335 638 583 736 Neapolitano,
604 639 810 713 testamenti
823 639 876 712 sui
893 647 1100 731 executore,
1119 642 1236 739 ipsum
1257 640 1391 715 ibidem
1410 639 1470 713 illo
1492 639 1650 714 serorisi·
1735 706 1739 723 ,

335 769 453 853 tante3
473 771 508 837 et
529 763 594 837 luit
618 763 655 836 io
675 765 832 838 maxima
848 766 965 862 pluvia
980 767 1063 840 illuc
1082 773 1258 864 portatus.
1733 772 1739 863 l

383 887 539 962 Sabbato
557 893 577 959 l
594 888 810 978 decembris,
828 890 1049 964 intraverunt
1068 893 1201 965 Urbem
1219 888 1404 986 magnifici
1423 888 1561 962 domini
1582 892 1652 960 Zac·

337 1013 479 1086 charias
504 1013 549 1086 de
579 1013 669 1086 Pisis
705 1013 809 1088 miles
845 1020 880 1087 et
917 1017 1094 1090 Antonius
1123 1021 1295 1090 Bonattus
1322 1015 1463 1102 doctor,
1506 1019 1653 1086 oratores
1733 998 1738 1082 ἶ

337 1137 554 1211 marchionis
571 1139 753 1212 Mantuani
774 1140 820 1212 ad
837 1143 1068 1236 prestandam
1086 1142 1330 1218 obedientiam
1345 1143 1409 1214 SS.
1429 1144 1470 1212 Ι).
1489 1142 1534 1212 N.
1552 1139 1651 1217 missi.
1735 1197 1736 1200 ,

336 1263 396 1359 qui
417 1288 438 1336 a
460 1263 606 1336 familiis
629 1265 691 1337 SS.
720 1267 763 1336 D.
787 1268 829 1338 N.
854 1273 889 1340 et
910 1271 1129 1341 RRmorum.
1155 1271 1230 1341 ob.
1252 1263 1506 1352 cardinalium,
1528 1285 1570 1336 ac
1589 1262 1653 1334 aliis

337 1390 538 1462 oratoribus
559 1394 642 1462 sunt
661 1390 796 1486 recepti
812 1401 846 1465 et
869 1417 979 1489 usque
1004 1393 1050 1466 ad
1073 1393 1270 1490 hospitium
1296 1388 1530 1464 habitationis
1543 1411 1655 1462 eorum
1734 1399 1735 1462 3

252 1595 254 1602 ,
338 1516 516 1608 associati,
535 1541 636 1592 more
653 1524 840 1593 consueto.

386 1643 491 1716 Feria
513 1649 653 1739 quarta,
675 1649 695 1717 8
715 1643 850 1718 mensis
876 1643 1092 1733 decembris,
1115 1666 1180 1740 per
1204 1648 1345 1739 portam
1367 1641 1474 1715 beate
1499 1639 1610 1715 llario
1622 1641 1657 1714 de

339 1766 475 1864 Populo
504 1767 726 1840 intraverunt
756 1768 890 1842 Urbum
915 1793 978 1843 sex
1006 1774 1169 1842 oratores
1189 1750 1339 1840 dominii
1363 1766 1656 1851 Florentinorum,

338 1891 503 1966 videlicet
523 1893 682 1989 quinque
702 1891 796 1984 novi,
822 1898 858 1966 et
882 1899 1004 1967 sextus
1031 1897 1109 1966 erat
1130 1891 1189 1964 ille
1218 1891 1280 1986 qui
1302 1891 1363 1962 diu
1388 1896 1472 1964 aute
1496 1889 1535 1962 iu
1562 1889 1657 1975 Urbe,
1730 1922 1734 1987 p

340 2017 485 2091 nomine
502 2019 667 2116 ejusdem
683 2019 830 2094 dominii
848 2025 970 2094 orator
982 2018 1160 2092 extiterat.
1178 2013 1317 2088 Primus
1329 2014 1492 2088 omnium
1503 2013 1570 2087 suit
1581 2017 1620 2086 ll.
1632 2012 1660 2083 iu

340 2141 480 2216 Christo
496 2147 603 2217 Pater
619 2148 660 2217 Ι).
680 2145 890 2219 Franciscus
907 2139 1469 2241 episcopusVolaterraousinter
1480 2139 1570 2214 alios
1581 2139 1659 2212 duos
1730 2139 1735 2218 Ξ

341 2266 486 2357 milites,
505 2275 541 2342 et
554 2269 831 2344 Bartholomeus
847 2269 964 2358 Scala,
978 2266 1232 2357 cancellarius;
1248 2265 1359 2340 ceteri
1375 2265 1471 2340 cives
1486 2264 1659 2361 simplices
1730 2252 1734 2261 ’

343 2391 539 2466 Florentiui
557 2394 617 2490 qui
635 2419 761 2470 omnes
781 2393 957 2469 alamiliis
974 2397 1037 2467 SS.
1057 2395 1100 2466 Ι).
1117 2396 1159 2466 N.
1176 2417 1282 2492 pape,
1305 2401 1341 2468 et
1357 2397 1575 2466 RRmorum.
1595 2393 1660 2470 bb,
1730 2402 1734 2485 ξ

344 2516 580 2590 cardinalium
606 2519 742 2616 recepti
759 2519 915 2610 luerunt,
936 2527 1044 2616 atque
1065 2542 1087 2590 a
1105 2519 1235 2592 ceteris
1253 2519 1470 2606 oratoribus,
1492 2522 1527 2589 et
1546 2515 1593 2588 ad
1607 2514 1663 2587 do·
1731 2542 1735 2579 :

343 2664 441 2713 mum
457 2642 549 2714 Rmi.
574 2647 616 2716 Ι).
639 2643 813 2741 episcopi,
837 2645 866 2718 si
887 2651 983 2718 recte
997 2643 1160 2733 memini,
1182 2644 1348 2718 associati
1369 2666 1471 2718 more
1489 2641 1595 2716 solito
1611 2640 1660 2738 (l).

392 2765 1664 2864 Feriaqointo,9dictimensisdecembris,luitconsistoriumpublicum

341 2890 377 2963 in
394 2892 498 2966 tertia
512 2893 593 2966 aula
607 2893 727 2990 palatii
744 2895 930 2992 apostolici
946 2895 1040 2992 apud
1057 2919 1085 2968 a.
1098 2881 1265 2984 ¹Petrum,
1279 2893 1314 2966 io
1331 2895 1484 2990 quodue
1496 2899 1663 2978 oratores,

340 3019 485 3091 nomine
523 3020 742 3094 marchionis
775 3022 973 3110 Mantuani,
1009 3022 1246 3119 prestiterunt
1278 3023 1418 3117 prelato
1453 3022 1517 3092 SS.
1553 3021 1596 3092 Ι).
1627 3020 1662 3089 N.

339 3145 549 3218 lnn'ocentio
564 3169 657 3243 pape
680 3151 756 3223 Vlll
778 3147 1021 3223 obedientiam
1043 3147 1200 3221 debitam
1226 3152 1261 3220 et
1284 3151 1498 3220 consuetam
1517 3169 1525 3217 :
1545 3143 1667 3217 oralio-

338 3291 422 3340 nem
446 3269 531 3343 lecit
555 3296 648 3344 uuus
668 3295 713 3346 ex
735 3273 836 3370 ipsis,
860 3274 1027 3348 videlicet
1051 3276 1092 3346 Ι).
1113 3272 1290 3348 Antonius
1324 3273 1502 3346 Bonattus
1529 3269 1661 3354 doctor,
1735 3249 1736 3338 Ῠ

337 3403 640 3470 moreconsuet0.

387 3518 556 3610 Sabbata,
578 3527 616 3594 ll
637 3522 719 3596 dicti
737 3525 871 3598 mensis
896 3525 1112 3615 decembris,
1136 3525 1282 3598 luerunt
1300 3521 1482 3596 celebrate
1504 3517 1659 3615 exequie,

337 3645 373 3713 et
394 3641 502 3715 hodie
530 3649 681 3734 tautum,
700 3670 767 3742 pro
788 3649 908 3722 anima
932 3651 1026 3724 bone
1051 3648 1226 3724 memorie
1252 3650 1296 3718 Ι).
1315 3645 1492 3720 lobannis
1520 3642 1610 3718 tituli
1632 3665 1658 3711 s.

336 3764 484 3840 Balbine
514 3769 714 3867 presbyteri
750 3775 941 3848 cardinalis
968 3774 1212 3848 Gerundensis
1236 3769 1431 3868 vulgariter
1455 3764 1659 3863 nuncupati,

333 3893 461 3984 Rome,
479 3893 513 3964 iu
528 3895 682 3970 ecclesia
697 3897 801 3972 beate
817 3901 928 3972 Marie
941 3899 984 3973 de
996 3900 1147 3997 Populo,
1163 3898 1307 3972 RRmis.
1323 3900 1396 3969 ob.
1407 3891 1658 3968 cardinalibus.

331 4015 479 4111 prelatis
495 4025 531 4092 et
546 4020 742 4095 curialibus
760 4023 892 4097 ibidem
908 4025 1150 4122 presentibus.
1169 4023 1317 4096 Missam
1330 4017 1525 4094 celebrarit
1539 4021 1656 4088 Rmus.

332 4143 376 4212 Ι).
399 4141 590 4217 cardinalis
613 4148 886 4244 Neapolitanus3
910 4174 982 4246 qua
1001 4150 1109 4242 dicta,
1131 4149 1198 4222 luit
1212 4147 1357 4222 habitus
1371 4165 1509 4218 sermo.
1528 4139 1657 4214 Deinde

331 4288 397 4362 per
420 4267 666 4344 celebrantem
700 4281 736 4346 et
770 4277 925 4349 thmos.
957 4279 1033 4348 Ι)Ι).
1062 4272 1399 4348 vicecancellarium
1429 4274 1466 4343 et
1494 4293 1523 4340 s.
1554 4262 1656 4340 Marci

331 4389 521 4490 episcopos
550 4419 591 4469 ao
611 4396 825 4494 Agriensem
853 4405 888 4474 et
915 4425 944 4473 s.
969 4399 1164 4476 Clementis
1193 4397 1425 4496 presbyteros
1462 4389 1655 4468 cardinales

332 4515 425 4590 lacta
439 4521 630 4596 absolutio.
652 4527 899 4621 Exequutores
919 4525 1124 4599 testamenti
1145 4523 1272 4621 prelati
1293 4517 1486 4595 cardinalis
1502 4511 1653 4591 defuncti

329 4651 474 4736 suerunt
490 4647 615 4720 thmi.
638 4649 714 4722 Ι)Ι).
738 4648 991 4745 Neapolitanus
1006 4656 1041 4721 et
1057 4673 1085 4720 s.
1104 4646 1214 4720 Marci
1234 4643 1449 4720 cardinales.

379 4768 580 4861 Dominica,
609 4777 653 4846 12
680 4773 765 4845 dicti
787 4773 922 4847 mensis
947 4772 1164 4861 decembris,
1187 4775 1227 4843 R.
1252 4769 1288 4842 in
1312 4767 1455 4842 Christo
1483 4768 1588 4839 Pater
1607 4761 1648 4832 Ι).

363 4967 388 5022 l.
409 4967 461 5025 Ces
482 4970 524 5026 six
548 4974 759 5032 aurbassadeurs
783 4977 883 5033 etaient
909 4993 915 5031 :
938 4977 1088 5034 Franceseo
1108 4979 1142 5034 de
1167 4976 1320 5044 Sodomis,
1346 4978 1450 5047 evaque
1469 4971 1504 5028 de
1525 4969 1647 5026 Voluce.

325 5053 462 5112 Antonius
477 5059 510 5113 de
527 5059 691 5132 Canisianis‚
712 5065 920 5123 Bartholomeus
935 5066 1025 5136 Scala,
1042 5051 1203 5137 chaneelier,
1216 5064 1418 5124 Guidontouius
1440 5061 1474 5119 dc
1495 5053 1646 5134 t'espuccis.

324 5143 450 5217 Angelus
461 5151 489 5204 et
503 5147 643 5207 lebannes
659 5151 795 5210 Francisci
811 5154 845 5212 de
857 5155 1037 5213 Toroabouia.
