3508 6034
304 499 357 556 474
761 498 934 555 JOHANNIS
960 497 1182 567 BURCHARDI,
1489 498 1552 572 [Mai
1565 503 1629 575 ttae}

303 662 338 730 et
354 661 392 729 nt
406 659 678 754 perscrutentur
693 654 913 728 documenta
932 652 1028 750 apud
1049 649 1217 745 Parisios,
1235 673 1304 725 nec
1321 674 1394 726 non
1410 654 1628 728 Nurember-

302 806 399 879 gam,
423 782 541 878 sique
569 781 661 855 sorte
679 780 781 880 'apud
802 781 882 852 illos
911 780 1015 854 litere
1046 777 1242 875 apostolice
1270 785 1403 870 essent,
1434 779 1630 876 exquibus

303 905 453 1002 intelligi
476 909 600 1002 posset
622 904 674 976 rei
697 904 841 994 veritas,
865 905 942 978 aliis
966 928 1011 979 ex
1030 903 1231 979 cronicis..
1257 908 1293 975 et
1319 901 1627 979 abbreviatione...
1734 937 1735 1002 ;

304 1038 470 1104 constare
493 1031 628 1104 ferrum
654 1030 771 1126 ipsum
791 1055 859 1128 per
884 1031 1112 1128 [Balduinum
1136 1027 1170 1126 11]
1194 1027 1239 1128 (l)
1266 1033 1353 1100 tnnc
1378 1027 1630 1125 imperatorem
1734 1051 1735 1066 ¹

304 1157 736 1254 constantinopolitanum
758 1157 906 1231 Venetis
926 1157 1221 1255 impignoratum‚
1240 1163 1276 1228 et
1297 1155 1341 1228 de
1359 1155 1527 1252 ejusdem
1550 1181 1631 1232 con·

304 1307 411 1356 sensu
426 1281 494 1380 [ad]
514 1287 733 1356 Francorum
756 1305 880 1378 regem
899 1283 1133 1380 [Ludovicum
1149 1279 1195 1378 rx]
1215 1279 1411 1378 [missum];
1428 1281 1525 1373 aliis,
1542 1285 1629 1379 quod
1734 1293 1735 1380 J

303 1433 347 1484 ex
362 1410 517 1506 quadam
537 1409 780 1483 uetustissima
797 1408 942 1482 cronica
958 1413 1148 1507 appareret
1170 1407 1291 1503 ipsum
1307 1406 1445 1480 lerrum
1467 1407 1507 1480 in
1529 1411 1632 1484 Coos·

303 1535 515 1632 tantinopoli
543 1535 702 1608 delatum
719 1541 755 1608 et
775 1534 909 1608 ibidem
926 1558 1039 1630 usque
1053 1533 1097 1606 ad
1112 1531 1183 1606 hec
1199 1537 1366 1630 tempora
1380 1543 1630 1610 conservatum

303 1661 427 1752 luisse,
460 1668 496 1735 et
515 1661 656 1758 publice
682 1661 726 1734 ab
751 1660 920 1733 omnibus
947 1661 1167 1750 honoratum
1194 1665 1302 1755 atque
1331 1665 1566 1750 veneratum3
1593 1684 1630 1734 ac

305 1791 413 1861 testes
424 1787 545 1883 plures
558 1785 785 1861 extarevivos
800 1785 923 1876 etiam,
940 1785 1000 1883 qui
1014 1784 1258 1875 illudibidem,
1271 1791 1355 1858 ante
1366 1786 1447 1881 ejus
1458 1809 1633 1884 expugna·
1734 1771 1735 1790 ¹

304 1915 439 1987 tionem
459 1917 605 1987 aTurco
621 1913 781 1986 habitam
797 1919 833 1986 et
848 1917 944 2010 post,
961 1912 1140 2003 viderant3
1154 1919 1190 1985 et
1200 1909 1317 1983 sciunt
1327 1911 1493 1986 Venetos
1508 1934 1631 2010 magna
1734 1957 1735 2028 p

304 2040 490 2136 diligentia
510 2039 603 2136 apud
626 2039 821 2136 quemdam
852 2037 967 2112 civem
990 2035 1429 2132 Constantinopolitannm
1456 2039 1520 2132 qui
1541 2037 1629 2112 idem
1734 2115 1735 2146 ,

304 2167 438 2240 terrum
455 2165 491 2238 iu
512 2165 606 2239 dicte
622 2165 773 2239 civitatis
793 2165 1061 2262 expugnatione
1080 2163 1125 2237 ad
1147 2187 1186 2236 se
1207 2168 1408 2259 receperat,
1427 2169 1467 2238 et
1484 2163 1518 2237 ei
1529 2187 1630 2262 prop·

305 2300 406 2366 terea
422 2316 464 2363 xv
478 2291 591 2364 millia
613 2291 824 2364 ducatorum
848 2289 915 2363 sibi
931 2289 1104 2364 obtulisse
1119 2317 1127 2379 3
1143 2295 1179 2363 et
1192 2285 1322 2362 deinde
1342 2288 1436 2384 apud
1463 2291 1629 2384 Magnum

304 2422 459 2492 Turnum
478 2417 538 2513 qui
554 2441 575 2491 a
591 2417 687 2490 dicto
702 2416 776 2490 cire
794 2415 880 2490 illud
894 2423 1084 2512 receperat
1105 2415 1231 2505 luisse,
1250 2437 1292 2487 ac
1308 2413 1342 2488 ei
1357 2437 1428 2486 uxr
1440 2413 1558 2488 miNia
1569 2415 1631 2488 du·
1734 2459 1735 2498 r

304 2554 467 2620 catorum
487 2569 552 2643 pro
575 2569 618 2620 eo
640 2545 860 2633 exhibuisse,
878 2541 966 2614 illud
980 2549 1101 2616 tamen
1124 2540 1259 2614 habere
1278 2563 1350 2613 non
1366 2541 1546 2638 potuisse.
1568 2542 1628 2614 Alii

302 2694 387 2744 vero
414 2669 581 2743 dicebant
603 2669 640 2742 in
667 2669 875 2766 receptione
911 2667 1122 2765 hujusmodi
1151 2667 1220 2741 tria
1244 2689 1325 2740 esse
1354 2666 1627 2752 consideranda,
1734 2689 1735 2692 ’

304 2795 482 2886 videlicet,
501 2795 586 2891 quid
606 2795 793 2892 accipitur,
812 2795 857 2868 ad
877 2817 998 2890 quem,
1026 2799 1061 2866 et
1084 2815 1105 2866 a
1125 2815 1196 2888 quo
1217 2791 1369 2866 mittitur
1387 2791 1450 2888 qui
1475 2792 1628 2889 capitalis
1734 2781 1735 2840 l

304 2921 469 2994 inimicus
486 2926 540 2994 est
555 2920 640 2994 fidei
655 2926 793 3010 nostre,
816 2926 850 2994 et
866 2919 986 3017 potius
1003 2918 1282 2992 existimandum
1302 2941 1397 3008 esse,
1415 2918 1455 2992 id
1467 2942 1536 3017 per
1552 2944 1628 2993 eum

303 3047 380 3121 fieri
395 3047 432 3120 in
445 3045 605 3119 derisum
622 3051 658 3119 et
673 3045 908 3135 derisionem,
922 3068 1029 3141 quam
1043 3044 1159 3116 aliter.

352 3174 415 3246 llis
431 3172 539 3269 igitur
550 3173 718 3244 omnibus
735 3178 770 3246 et
785 3172 945 3269 pluribus
962 3171 1040 3243 aliis
1057 3176 1142 3243 tunc
1158 3169 1261 3243 dictis
1273 3171 1530 3264 consideratio,
1552 3194 1628 3247 con-

301 3299 441 3373 clusum
455 3297 519 3371 luit
542 3321 608 3394 per
627 3301 783 3370 RRmos.
808 3301 883 3370 DD.
908 3293 1109 3369 cardinales
1133 3303 1368 3386 memoratos
1387 3319 1467 3370 rem
1484 3297 1578 3372 hanc
1597 3303 1626 3370 el

300 3421 463 3521 predicta
477 3429 620 3496 narrata
630 3423 676 3495 ad
687 3422 953 3496 sanctissimum
965 3419 1151 3494 dominum
1162 3427 1325 3495 nostrum
1336 3445 1402 3519 per
1410 3423 1626 3497 cardinalem

302 3553 595 3623 Beneventanum
611 3549 737 3621 reterri
760 3548 906 3638 debere,
934 3551 973 3621 ut
988 3555 1111 3644 posset
1135 3545 1233 3643 quod
1249 3546 1316 3619 sibi
1332 3545 1448 3644 magis
1473 3549 1625 3646 placeret

301 3683 459 3748 statuere
479 3682 515 3748 et
537 3675 719 3749 ordinare.
748 3679 791 3748 Et
814 3675 903 3749 licet
926 3675 1044 3771 major
1071 3697 1155 3772 pars
1181 3673 1417 3746 cardinalium
1439 3676 1624 3773 presbyte-

299 3822 424 3873 rorum
444 3799 480 3870 in
503 3799 721 3872 sententiam
741 3799 908 3872 tenderet
929 3797 1027 3896 quod
1046 3797 1185 3871 ferrum
1211 3797 1414 3895 predictum
1437 3799 1552 3897 recipi
1569 3800 1625 3874 de·

299 3921 402 3994 beret
423 3921 523 3993 aSS.
542 3923 585 3992 D.
608 3922 650 3992 N.
665 3919 709 3993 ab
724 3926 867 3994 oratore
891 3920 1023 3994 Turchi
1042 3921 1179 4017 absque
1198 3920 1427 3997 solemnitate
1443 3924 1576 4022 eliqua,
1593 3931 1623 3997 et

300 4045 431 4121 deinde
451 4045 580 4120 veritas
604 4047 822 4143 perscrutari
848 4071 894 4120 an
921 4046 992 4120 hoc
1020 4047 1075 4120 rel
1100 4045 1196 4119 aliud
1222 4069 1266 4120 ex
1294 4049 1546 4148 Nuremberga
1569 4057 1622 4123 aut

301 4171 445 4245 Parisiis
460 4193 584 4243 verum
596 4171 853 4263 essetlerrum3
870 4179 1015 4264 attone,
1032 4173 1060 4245 si
1071 4173 1143 4246 hoe
1154 4181 1383 4269 compertum
1399 4198 1480 4250 esse
1491 4183 1619 4274 posset.

300 4305 385 4372 tunc
405 4297 441 4370 id
455 4297 629 4394 publicari
650 4303 789 4371 etcum
813 4299 911 4372 omni
933 4299 1165 4374 veneratione
1189 4307 1225 4373 et
1245 4299 1476 4376 solemnitate
1499 4303 1545 4376 ad
1563 4301 1621 4375 ali·

299 4423 611 4520 quamacclesiam
629 4425 959 4519 processionaliter,
991 4433 1100 4522 prout
1125 4427 1188 4499 SS.
1212 4429 1256 4498 D.
1281 4427 1323 4500 N.
1348 4427 1522 4524 placeret,
1541 4453 1620 4502 con-

297 4549 379 4625 duci
407 4576 414 4624 :
439 4557 474 4624 et
491 4575 511 4625 e
527 4574 714 4642 converse,
738 4551 831 4625 sorte
852 4552 923 4625 hoc
945 4551 1041 4625 lerro
1068 4552 1176 4626 modo
1195 4552 1408 4627 solemniter
1427 4565 1572 4655 recepto
1589 4563 1620 4630 et

294 4685 421 4775 postea
441 4685 630 4775 comperto
653 4677 735 4751 alibi
756 4678 845 4752 iNud
868 4702 993 4751 verum
1015 4672 1153 4752 ferrum
1175 4701 1269 4768 esse,
1299 4681 1408 4754 sedes
1428 4681 1619 4778 apostolica
1734 4699 1735 4708 ³

296 4805 463 4903 redargui
479 4811 601 4905 posset
617 4813 678 4880 aut
692 4807 876 4880 conlundi.
900 4810 1036 4880 Tamen
1057 4809 1122 4881 SS.
1142 4810 1185 4880 D.
1206 4809 1248 4880 N.
1267 4807 1378 4882 voluit
1395 4815 1432 4883 et
1447 4809 1616 4884 ordinarit

296 4932 430 5005 serrum
440 4929 511 5006 hoe
527 4932 738 5006 solemniter
750 4933 864 5029 recipi
885 4934 1040 5026 debere3
1063 4942 1098 5008 et
1114 4934 1296 5037 deputavit
1310 4941 1505 5033 propterea
1520 4942 1562 5010 R.
1579 4940 1613 5008 P.

332 5121 359 5174 l.
379 5117 431 5173 Les
451 5135 530 5176 noms
547 5121 582 5176 de
603 5122 742 5176 Boudeia
762 5123 799 5178 II
812 5129 839 5178 et
854 5123 887 5180 de
902 5123 992 5178 Leuis
1011 5125 1059 5178 IX
1071 5129 1133 5180 sont
1154 5122 1251 5180 luisses
1266 5141 1301 5180 en
1316 5123 1399 5182 blane
1414 5125 1483 5182 dens
1503 5131 1562 5182 tous
1579 5122 1614 5180 les

293 5223 361 5264 mss.
377 5205 446 5281 Voy.
463 5209 538 5267 Hiar.
553 5210 694 5270 Francor.
714 5212 834 5284 Scripta,
850 5218 871 5271 t.
888 5212 922 5286 V,
933 5231 962 5287 p.
979 5212 1042 5276 333.
1060 5211 1133 5271 Edit.
1150 5213 1185 5270 de
1199 5213 1357 5273 Duchesne.
