<?xml version="1.0" encoding="UTF-8"?>
<!DOCTYPE html PUBLIC "-//W3C//DTD XHTML 1.0 Transitional//EN"
    "http://www.w3.org/TR/xhtml1/DTD/xhtml1-transitional.dtd">
<html xmlns="http://www.w3.org/1999/xhtml" xml:lang="en" lang="en">
 <head>
  <title>
</title>
<meta http-equiv="Content-Type" content="text/html;charset=utf-8" />
  <meta name='ocr-system' content='tesseract 3.04.00' />
  <meta name='ocr-capabilities' content='ocr_page ocr_carea ocr_par ocr_line ocrx_word'/>
</head>
<body>
  <div class='ocr_page' id='page_1' title='image "./johannisburchar02burcgoog/johannisburchar02burcgoog_0382.png"; bbox 0 0 3422 6034; ppageno 0'>
   <div class='ocr_carea' id='block_1_1' title="bbox 82 466 1379 537">
    <p class='ocr_par' dir='ltr' id='par_1_1' title="bbox 82 466 1379 537">
     <span class='ocr_line' id='line_1_1' title="bbox 82 466 1379 537; baseline 0 -9"><span class='ocrx_word' id='word_1_1' title='bbox 82 473 256 537; x_wconf 72' lang='lat' dir='ltr'><strong>tbctobrelldtl</strong></span> <span class='ocrx_word' id='word_1_2' title='bbox 381 467 507 528; x_wconf 78' lang='lat' dir='ltr'>RERUM</span> <span class='ocrx_word' id='word_1_3' title='bbox 529 467 758 528; x_wconf 73' lang='lat' dir='ltr'>URBANARUM</span> <span class='ocrx_word' id='word_1_4' title='bbox 781 466 1044 528; x_wconf 81' lang='lat' dir='ltr'><strong>COMMENTARII.</strong></span> <span class='ocrx_word' id='word_1_5' title='bbox 1325 473 1379 528; x_wconf 84' lang='grc'><strong>367</strong></span> 
     </span>
    </p>
   </div>
   <div class='ocr_carea' id='block_1_2' title="bbox 60 623 1469 4114">
    <p class='ocr_par' dir='ltr' id='par_1_2' title="bbox 74 623 1380 1476">
     <span class='ocr_line' id='line_1_2' title="bbox 79 623 1377 731; baseline -0.005 -27"><span class='ocrx_word' id='word_1_6' title='bbox 79 627 261 731; x_wconf 85' lang='lat' dir='ltr'><strong>pontificatu</strong></span> <span class='ocrx_word' id='word_1_7' title='bbox 293 624 439 716; x_wconf 82' lang='lat' dir='ltr'><strong>curarit,</strong></span> <span class='ocrx_word' id='word_1_8' title='bbox 467 630 503 700; x_wconf 93' lang='lat' dir='ltr'><strong>et</strong></span> <span class='ocrx_word' id='word_1_9' title='bbox 524 625 653 700; x_wconf 85' lang='lat' dir='ltr'><strong>fratres</strong></span> <span class='ocrx_word' id='word_1_10' title='bbox 681 626 753 700; x_wconf 92' lang='lat' dir='ltr'><strong>duo</strong></span> <span class='ocrx_word' id='word_1_11' title='bbox 781 624 836 698; x_wconf 91' lang='lat' dir='ltr'><strong>sui</strong></span> <span class='ocrx_word' id='word_1_12' title='bbox 865 625 962 722; x_wconf 90' lang='lat' dir='ltr'><strong>apud</strong></span> <span class='ocrx_word' id='word_1_13' title='bbox 993 623 1195 698; x_wconf 80' lang='lat' dir='ltr'><strong>cardinales</strong></span> <span class='ocrx_word' id='word_1_14' title='bbox 1226 632 1263 700; x_wconf 90' lang='lat' dir='ltr'><strong>et</strong></span> <span class='ocrx_word' id='word_1_15' title='bbox 1286 625 1377 699; x_wconf 91' lang='lat' dir='ltr'><strong>alios</strong></span> 
     </span>
     <span class='ocr_line' id='line_1_3' title="bbox 78 749 1378 854; baseline -0.005 -25"><span class='ocrx_word' id='word_1_16' title='bbox 78 759 218 854; x_wconf 88' lang='lat' dir='ltr'><strong>potentes</strong></span> <span class='ocrx_word' id='word_1_17' title='bbox 242 751 276 824; x_wconf 90' lang='lat' dir='ltr'><strong>in</strong></span> <span class='ocrx_word' id='word_1_18' title='bbox 302 751 397 834; x_wconf 87' lang='lat' dir='ltr'><strong>Urbe</strong></span> <span class='ocrx_word' id='word_1_19' title='bbox 413 773 479 849; x_wconf 92' lang='lat' dir='ltr'><strong>pro</strong></span> <span class='ocrx_word' id='word_1_20' title='bbox 495 751 567 824; x_wconf 85' lang='lat' dir='ltr'><strong>vita</strong></span> <span class='ocrx_word' id='word_1_21' title='bbox 597 775 662 826; x_wconf 91' lang='lat' dir='ltr'><strong>sua</strong></span> <span class='ocrx_word' id='word_1_22' title='bbox 689 750 950 826; x_wconf 89' lang='lat' dir='ltr'><strong>instantissime</strong></span> <span class='ocrx_word' id='word_1_23' title='bbox 981 749 1276 826; x_wconf 87' lang='lat' dir='ltr'><strong>intercesserunt.</strong></span> <span class='ocrx_word' id='word_1_24' title='bbox 1307 751 1378 826; x_wconf 92' lang='lat' dir='ltr'><strong>Sed</strong></span> 
     </span>
     <span class='ocr_line' id='line_1_4' title="bbox 77 875 1380 975; baseline -0.002 -21"><span class='ocrx_word' id='word_1_25' title='bbox 77 879 174 954; x_wconf 87' lang='lat' dir='ltr'><strong>nulus</strong></span> <span class='ocrx_word' id='word_1_26' title='bbox 204 880 265 952; x_wconf 87' lang='lat' dir='ltr'><strong>SS.</strong></span> <span class='ocrx_word' id='word_1_27' title='bbox 303 881 347 950; x_wconf 87' lang='grc'><strong>1).</strong></span> <span class='ocrx_word' id='word_1_28' title='bbox 382 883 548 952; x_wconf 88' lang='lat' dir='ltr'><strong>nostrum</strong></span> <span class='ocrx_word' id='word_1_29' title='bbox 575 877 693 975; x_wconf 90' lang='lat' dir='ltr'><strong>potuit</strong></span> <span class='ocrx_word' id='word_1_30' title='bbox 725 877 886 952; x_wconf 82' lang='lat' dir='ltr'><strong>[lactere.</strong></span> <span class='ocrx_word' id='word_1_31' title='bbox 911 875 984 965; x_wconf 90' lang='lat' dir='ltr'><strong>Eis,</strong></span> <span class='ocrx_word' id='word_1_32' title='bbox 1008 883 1200 974; x_wconf 88' lang='lat' dir='ltr'><strong>postquam</strong></span> <span class='ocrx_word' id='word_1_33' title='bbox 1226 877 1263 950; x_wconf 91' lang='lat' dir='ltr'><strong>in</strong></span> <span class='ocrx_word' id='word_1_34' title='bbox 1291 878 1380 951; x_wconf 87' lang='lat' dir='ltr'><strong>turri</strong></span> 
     </span>
     <span class='ocr_line' id='line_1_5' title="bbox 76 1001 1378 1104; baseline -0.003 -26"><span class='ocrx_word' id='word_1_35' title='bbox 76 1005 212 1104; x_wconf 88' lang='lat' dir='ltr'><strong>predicte</strong></span> <span class='ocrx_word' id='word_1_36' title='bbox 226 1003 410 1078; x_wconf 87' lang='lat' dir='ltr'><strong>constituti</strong></span> <span class='ocrx_word' id='word_1_37' title='bbox 425 1003 584 1094; x_wconf 86' lang='lat' dir='ltr'><strong>luerunt,</strong></span> <span class='ocrx_word' id='word_1_38' title='bbox 602 1004 808 1076; x_wconf 91' lang='lat' dir='ltr'><strong>nuntiatum</strong></span> <span class='ocrx_word' id='word_1_39' title='bbox 824 1003 890 1076; x_wconf 86' lang='lat' dir='ltr'><strong>luit</strong></span> <span class='ocrx_word' id='word_1_40' title='bbox 907 1001 1005 1100; x_wconf 90' lang='lat' dir='ltr'><strong>quod</strong></span> <span class='ocrx_word' id='word_1_41' title='bbox 1020 1002 1077 1076; x_wconf 92' lang='lat' dir='ltr'><strong>die</strong></span> <span class='ocrx_word' id='word_1_42' title='bbox 1093 1001 1251 1076; x_wconf 89' lang='lat' dir='ltr'><strong>crastina</strong></span> <span class='ocrx_word' id='word_1_43' title='bbox 1265 1002 1378 1076; x_wconf 89' lang='lat' dir='ltr'><strong>mori·</strong></span> 
     </span>
     <span class='ocr_line' id='line_1_6' title="bbox 77 1126 1377 1227; baseline -0.003 -23"><span class='ocrx_word' id='word_1_44' title='bbox 77 1131 129 1204; x_wconf 85' lang='lat' dir='ltr'><strong>turi</strong></span> <span class='ocrx_word' id='word_1_45' title='bbox 154 1137 290 1219; x_wconf 89' lang='lat' dir='ltr'><strong>essent;</strong></span> <span class='ocrx_word' id='word_1_46' title='bbox 309 1136 502 1227; x_wconf 90' lang='lat' dir='ltr'><strong>propterea</strong></span> <span class='ocrx_word' id='word_1_47' title='bbox 523 1127 589 1203; x_wconf 88' lang='lat' dir='ltr'><strong>sibi</strong></span> <span class='ocrx_word' id='word_1_48' title='bbox 617 1129 664 1222; x_wconf 88' lang='lat' dir='ltr'><strong>de</strong></span> <span class='ocrx_word' id='word_1_49' title='bbox 695 1128 897 1204; x_wconf 90' lang='lat' dir='ltr'><strong>animarum</strong></span> <span class='ocrx_word' id='word_1_50' title='bbox 927 1129 1040 1203; x_wconf 90' lang='lat' dir='ltr'><strong>salute</strong></span> <span class='ocrx_word' id='word_1_51' title='bbox 1067 1126 1315 1226; x_wconf 87' lang='lat' dir='ltr'><strong>providerent;</strong></span> <span class='ocrx_word' id='word_1_52' title='bbox 1341 1133 1377 1201; x_wconf 88' lang='lat' dir='ltr'><strong>et</strong></span> 
     </span>
     <span class='ocr_line' id='line_1_7' title="bbox 75 1251 1376 1353; baseline -0.002 -24"><span class='ocrx_word' id='word_1_53' title='bbox 75 1254 202 1329; x_wconf 89' lang='lat' dir='ltr'><strong>immissi</strong></span> <span class='ocrx_word' id='word_1_54' title='bbox 226 1251 375 1351; x_wconf 76' lang='lat' dir='ltr'><strong>luerunt</strong></span> <span class='ocrx_word' id='word_1_55' title='bbox 397 1254 456 1353; x_wconf 91' lang='lat' dir='ltr'><strong>qui</strong></span> <span class='ocrx_word' id='word_1_56' title='bbox 480 1277 608 1329; x_wconf 91' lang='lat' dir='ltr'><strong>eorum</strong></span> <span class='ocrx_word' id='word_1_57' title='bbox 624 1253 892 1329; x_wconf 85' lang='lat' dir='ltr'><strong>consessionem</strong></span> <span class='ocrx_word' id='word_1_58' title='bbox 916 1254 1081 1330; x_wconf 79' lang='lat' dir='ltr'><strong>audirent</strong></span> <span class='ocrx_word' id='word_1_59' title='bbox 1103 1259 1139 1327; x_wconf 92' lang='lat' dir='ltr'><strong>et</strong></span> <span class='ocrx_word' id='word_1_60' title='bbox 1161 1276 1224 1328; x_wconf 88' lang='lat' dir='ltr'><strong>eos</strong></span> <span class='ocrx_word' id='word_1_61' title='bbox 1249 1253 1286 1327; x_wconf 91' lang='lat' dir='ltr'><strong>in</strong></span> <span class='ocrx_word' id='word_1_62' title='bbox 1306 1251 1376 1327; x_wconf 87' lang='lat' dir='ltr'><strong>lida</strong></span> 
     </span>
     <span class='ocr_line' id='line_1_8' title="bbox 74 1375 370 1476; baseline 0 -26"><span class='ocrx_word' id='word_1_63' title='bbox 74 1380 294 1452; x_wconf 73' lang='lat' dir='ltr'><strong>confortarent</strong></span> <span class='ocrx_word' id='word_1_64' title='bbox 310 1375 370 1476; x_wconf 83' lang='lat' dir='ltr'><strong>(l).</strong></span> 
     </span>
    </p>

    <p class='ocr_par' dir='ltr' id='par_1_3' title="bbox 60 1501 1469 4114">
     <span class='ocr_line' id='line_1_9' title="bbox 110 1501 1377 1602; baseline 0.003 -28"><span class='ocrx_word' id='word_1_65' title='bbox 110 1502 387 1595; x_wconf 81' lang='lat' dir='ltr'><strong>Feriasecunda,</strong></span> <span class='ocrx_word' id='word_1_66' title='bbox 406 1509 448 1577; x_wconf 96' lang='grc'><strong>19</strong></span> <span class='ocrx_word' id='word_1_67' title='bbox 470 1503 607 1595; x_wconf 82' lang='lat' dir='ltr'><strong>mensis</strong></span> <span class='ocrx_word' id='word_1_68' title='bbox 632 1505 804 1593; x_wconf 73' lang='lat' dir='ltr'><strong>octobris,</strong></span> <span class='ocrx_word' id='word_1_69' title='bbox 832 1504 898 1580; x_wconf 91' lang='lat' dir='ltr'><strong>luit</strong></span> <span class='ocrx_word' id='word_1_70' title='bbox 922 1503 1189 1594; x_wconf 74' lang='lat' dir='ltr'><strong>consistorium,</strong></span> <span class='ocrx_word' id='word_1_71' title='bbox 1207 1509 1244 1578; x_wconf 89' lang='lat' dir='ltr'><strong>et</strong></span> <span class='ocrx_word' id='word_1_72' title='bbox 1258 1501 1377 1602; x_wconf 88' lang='lat' dir='ltr'><strong>predi-</strong></span> 
     </span>
     <span class='ocr_line' id='line_1_10' title="bbox 71 1627 1375 1728; baseline 0.001 -27"><span class='ocrx_word' id='word_1_73' title='bbox 71 1631 133 1702; x_wconf 87' lang='lat' dir='ltr'><strong>ctus</strong></span> <span class='ocrx_word' id='word_1_74' title='bbox 144 1627 279 1703; x_wconf 86' lang='lat' dir='ltr'><strong>auditor</strong></span> <span class='ocrx_word' id='word_1_75' title='bbox 294 1653 436 1705; x_wconf 87' lang='lat' dir='ltr'><strong>camere</strong></span> <span class='ocrx_word' id='word_1_76' title='bbox 452 1654 535 1704; x_wconf 87' lang='lat' dir='ltr'><strong>oum</strong></span> <span class='ocrx_word' id='word_1_77' title='bbox 558 1631 799 1728; x_wconf 87' lang='lat' dir='ltr'><strong>gubernatore</strong></span> <span class='ocrx_word' id='word_1_78' title='bbox 823 1638 998 1704; x_wconf 85' lang='lat' dir='ltr'><strong>venerunt</strong></span> <span class='ocrx_word' id='word_1_79' title='bbox 1016 1631 1060 1704; x_wconf 92' lang='lat' dir='ltr'><strong>ad</strong></span> <span class='ocrx_word' id='word_1_80' title='bbox 1074 1629 1201 1704; x_wconf 88' lang='lat' dir='ltr'><strong>turrim</strong></span> <span class='ocrx_word' id='word_1_81' title='bbox 1214 1629 1375 1719; x_wconf 89' lang='lat' dir='ltr'><strong>Soldaui,</strong></span> 
     </span>
     <span class='ocr_line' id='line_1_11' title="bbox 71 1754 1378 1850; baseline 0.002 -25"><span class='ocrx_word' id='word_1_82' title='bbox 71 1754 119 1828; x_wconf 91' lang='lat' dir='ltr'><strong>ubi</strong></span> <span class='ocrx_word' id='word_1_83' title='bbox 139 1763 258 1850; x_wconf 84' lang='lat' dir='ltr'><strong>contra</strong></span> <span class='ocrx_word' id='word_1_84' title='bbox 283 1755 399 1830; x_wconf 90' lang='lat' dir='ltr'><strong>dictos</strong></span> <span class='ocrx_word' id='word_1_85' title='bbox 419 1755 648 1830; x_wconf 88' lang='lat' dir='ltr'><strong>Dominicum</strong></span> <span class='ocrx_word' id='word_1_86' title='bbox 674 1763 710 1831; x_wconf 92' lang='lat' dir='ltr'><strong>et</strong></span> <span class='ocrx_word' id='word_1_87' title='bbox 731 1755 963 1832; x_wconf 86' lang='lat' dir='ltr'><strong>Franciscum</strong></span> <span class='ocrx_word' id='word_1_88' title='bbox 979 1756 1137 1830; x_wconf 91' lang='lat' dir='ltr'><strong>tulerunt</strong></span> <span class='ocrx_word' id='word_1_89' title='bbox 1161 1754 1378 1830; x_wconf 90' lang='lat' dir='ltr'><strong>sententiam</strong></span> 
     </span>
     <span class='ocr_line' id='line_1_12' title="bbox 70 1878 1379 1979; baseline 0.002 -29"><span class='ocrx_word' id='word_1_90' title='bbox 70 1878 284 1972; x_wconf 78' lang='lat' dir='ltr'><strong>diffinitivam,</strong></span> <span class='ocrx_word' id='word_1_91' title='bbox 303 1879 541 1977; x_wconf 82' lang='lat' dir='ltr'><strong>degradantes</strong></span> <span class='ocrx_word' id='word_1_92' title='bbox 554 1903 631 1972; x_wconf 90' lang='lat' dir='ltr'><strong>eos,</strong></span> <span class='ocrx_word' id='word_1_93' title='bbox 646 1882 826 1979; x_wconf 84' lang='lat' dir='ltr'><strong>privantes</strong></span> <span class='ocrx_word' id='word_1_94' title='bbox 836 1883 956 1958; x_wconf 81' lang='lat' dir='ltr'><strong>officio</strong></span> <span class='ocrx_word' id='word_1_95' title='bbox 968 1881 1215 1972; x_wconf 89' lang='lat' dir='ltr'><strong>etbeneficiis,</strong></span> <span class='ocrx_word' id='word_1_96' title='bbox 1227 1887 1264 1955; x_wconf 92' lang='lat' dir='ltr'><strong>et</strong></span> <span class='ocrx_word' id='word_1_97' title='bbox 1279 1879 1379 1954; x_wconf 90' lang='lat' dir='ltr'><strong>curie</strong></span> 
     </span>
     <span class='ocr_line' id='line_1_13' title="bbox 68 2003 1380 2095; baseline 0.003 -21"><span class='ocrx_word' id='word_1_98' title='bbox 68 2003 199 2078; x_wconf 89' lang='lat' dir='ltr'><strong>seculari</strong></span> <span class='ocrx_word' id='word_1_99' title='bbox 219 2005 426 2080; x_wconf 86' lang='lat' dir='ltr'><strong>tradentes:</strong></span> <span class='ocrx_word' id='word_1_100' title='bbox 454 2005 584 2081; x_wconf 90' lang='lat' dir='ltr'><strong>deinde</strong></span> <span class='ocrx_word' id='word_1_101' title='bbox 611 2007 794 2082; x_wconf 88' lang='lat' dir='ltr'><strong>celebrata</strong></span> <span class='ocrx_word' id='word_1_102' title='bbox 812 2008 876 2082; x_wconf 87' lang='lat' dir='ltr'><strong>suit</strong></span> <span class='ocrx_word' id='word_1_103' title='bbox 896 2009 933 2081; x_wconf 89' lang='lat' dir='ltr'><strong>in</strong></span> <span class='ocrx_word' id='word_1_104' title='bbox 953 2008 1048 2084; x_wconf 89' lang='lat' dir='ltr'><strong>dicta</strong></span> <span class='ocrx_word' id='word_1_105' title='bbox 1067 2006 1154 2080; x_wconf 90' lang='lat' dir='ltr'><strong>turri</strong></span> <span class='ocrx_word' id='word_1_106' title='bbox 1175 2006 1298 2095; x_wconf 89' lang='lat' dir='ltr'><strong>missa,</strong></span> <span class='ocrx_word' id='word_1_107' title='bbox 1321 2004 1380 2080; x_wconf 90' lang='lat' dir='ltr'><strong>cui</strong></span> 
     </span>
     <span class='ocr_line' id='line_1_14' title="bbox 66 2128 1381 2224; baseline 0.003 -24"><span class='ocrx_word' id='word_1_108' title='bbox 66 2128 158 2203; x_wconf 92' lang='lat' dir='ltr'><strong>iidem</strong></span> <span class='ocrx_word' id='word_1_109' title='bbox 173 2131 382 2206; x_wconf 86' lang='lat' dir='ltr'><strong>Dominicus</strong></span> <span class='ocrx_word' id='word_1_110' title='bbox 399 2139 435 2206; x_wconf 91' lang='lat' dir='ltr'><strong>et</strong></span> <span class='ocrx_word' id='word_1_111' title='bbox 451 2131 663 2207; x_wconf 85' lang='lat' dir='ltr'><strong>Franciscus</strong></span> <span class='ocrx_word' id='word_1_112' title='bbox 686 2133 929 2209; x_wconf 76' lang='lat' dir='ltr'><strong>interfuerunt</strong></span> <span class='ocrx_word' id='word_1_113' title='bbox 950 2139 999 2224; x_wconf 92' lang='lat' dir='ltr'><strong>et,</strong></span> <span class='ocrx_word' id='word_1_114' title='bbox 1019 2157 1063 2207; x_wconf 92' lang='lat' dir='ltr'><strong>ea</strong></span> <span class='ocrx_word' id='word_1_115' title='bbox 1075 2131 1190 2224; x_wconf 86' lang='lat' dir='ltr'><strong>linita,</strong></span> <span class='ocrx_word' id='word_1_116' title='bbox 1207 2132 1252 2205; x_wconf 91' lang='lat' dir='ltr'><strong>de</strong></span> <span class='ocrx_word' id='word_1_117' title='bbox 1268 2131 1381 2205; x_wconf 92' lang='lat' dir='ltr'><strong>mani·</strong></span> 
     </span>
     <span class='ocr_line' id='line_1_15' title="bbox 66 2253 1377 2358; baseline 0.002 -30"><span class='ocrx_word' id='word_1_118' title='bbox 66 2253 119 2328; x_wconf 89' lang='lat' dir='ltr'><strong>bus</strong></span> <span class='ocrx_word' id='word_1_119' title='bbox 143 2256 358 2332; x_wconf 89' lang='lat' dir='ltr'><strong>celebrantis</strong></span> <span class='ocrx_word' id='word_1_120' title='bbox 384 2266 546 2333; x_wconf 89' lang='lat' dir='ltr'><strong>sanctam</strong></span> <span class='ocrx_word' id='word_1_121' title='bbox 568 2259 865 2337; x_wconf 89' lang='lat' dir='ltr'><strong>communionem</strong></span> <span class='ocrx_word' id='word_1_122' title='bbox 885 2265 1136 2358; x_wconf 74' lang='lat' dir='ltr'><strong>sumpserunt,</strong></span> <span class='ocrx_word' id='word_1_123' title='bbox 1155 2282 1227 2356; x_wconf 90' lang='lat' dir='ltr'><strong>qua</strong></span> <span class='ocrx_word' id='word_1_124' title='bbox 1240 2256 1377 2348; x_wconf 89' lang='lat' dir='ltr'><strong>habita,</strong></span> 
     </span>
     <span class='ocr_line' id='line_1_16' title="bbox 66 2377 1381 2485; baseline 0.004 -34"><span class='ocrx_word' id='word_1_125' title='bbox 66 2377 147 2454; x_wconf 87' lang='lat' dir='ltr'><strong>ducti</strong></span> <span class='ocrx_word' id='word_1_126' title='bbox 169 2381 313 2458; x_wconf 88' lang='lat' dir='ltr'><strong>luerunt</strong></span> <span class='ocrx_word' id='word_1_127' title='bbox 332 2385 377 2457; x_wconf 90' lang='lat' dir='ltr'><strong>ad</strong></span> <span class='ocrx_word' id='word_1_128' title='bbox 396 2384 553 2481; x_wconf 84' lang='lat' dir='ltr'><strong>plateam</strong></span> <span class='ocrx_word' id='word_1_129' title='bbox 570 2385 683 2459; x_wconf 89' lang='lat' dir='ltr'><strong>sancti</strong></span> <span class='ocrx_word' id='word_1_130' title='bbox 712 2387 808 2462; x_wconf 87' lang='lat' dir='ltr'><strong>Petri</strong></span> <span class='ocrx_word' id='word_1_131' title='bbox 834 2409 943 2484; x_wconf 89' lang='lat' dir='ltr'><strong>supra</strong></span> <span class='ocrx_word' id='word_1_132' title='bbox 958 2392 1169 2485; x_wconf 86' lang='lat' dir='ltr'><strong>suggestum</strong></span> <span class='ocrx_word' id='word_1_133' title='bbox 1184 2383 1319 2458; x_wconf 90' lang='lat' dir='ltr'><strong>ibidem</strong></span> <span class='ocrx_word' id='word_1_134' title='bbox 1344 2383 1381 2456; x_wconf 89' lang='lat' dir='ltr'><strong>in</strong></span> 
     </span>
     <span class='ocr_line' id='line_1_17' title="bbox 66 2505 1381 2612; baseline 0.003 -34"><span class='ocrx_word' id='word_1_135' title='bbox 66 2505 156 2600; x_wconf 89' lang='lat' dir='ltr'><strong>plano</strong></span> <span class='ocrx_word' id='word_1_136' title='bbox 176 2531 250 2582; x_wconf 90' lang='lat' dir='ltr'><strong>non</strong></span> <span class='ocrx_word' id='word_1_137' title='bbox 265 2507 374 2606; x_wconf 89' lang='lat' dir='ltr'><strong>longe</strong></span> <span class='ocrx_word' id='word_1_138' title='bbox 388 2507 433 2582; x_wconf 92' lang='lat' dir='ltr'><strong>ab</strong></span> <span class='ocrx_word' id='word_1_139' title='bbox 448 2508 608 2584; x_wconf 83' lang='lat' dir='ltr'><strong>inferiori</strong></span> <span class='ocrx_word' id='word_1_140' title='bbox 624 2511 735 2610; x_wconf 85' lang='lat' dir='ltr'><strong>gradu</strong></span> <span class='ocrx_word' id='word_1_141' title='bbox 751 2512 930 2586; x_wconf 85' lang='lat' dir='ltr'><strong>scalarum</strong></span> <span class='ocrx_word' id='word_1_142' title='bbox 945 2519 1124 2612; x_wconf 88' lang='lat' dir='ltr'><strong>paratum,</strong></span> <span class='ocrx_word' id='word_1_143' title='bbox 1145 2507 1381 2608; x_wconf 85' lang='lat' dir='ltr'><strong>longitudinis</strong></span> 
     </span>
     <span class='ocr_line' id='line_1_18' title="bbox 65 2633 1381 2732; baseline 0.004 -27"><span class='ocrx_word' id='word_1_144' title='bbox 65 2639 201 2725; x_wconf 89' lang='lat' dir='ltr'><strong>quatuor</strong></span> <span class='ocrx_word' id='word_1_145' title='bbox 233 2633 460 2732; x_wconf 86' lang='lat' dir='ltr'><strong>largitudinis</strong></span> <span class='ocrx_word' id='word_1_146' title='bbox 493 2635 602 2710; x_wconf 90' lang='lat' dir='ltr'><strong>trium</strong></span> <span class='ocrx_word' id='word_1_147' title='bbox 644 2645 680 2712; x_wconf 91' lang='lat' dir='ltr'><strong>et</strong></span> <span class='ocrx_word' id='word_1_148' title='bbox 716 2638 911 2715; x_wconf 89' lang='lat' dir='ltr'><strong>altitudinis</strong></span> <span class='ocrx_word' id='word_1_149' title='bbox 950 2639 1056 2713; x_wconf 88' lang='lat' dir='ltr'><strong>unius</strong></span> <span class='ocrx_word' id='word_1_150' title='bbox 1090 2661 1288 2714; x_wconf 89' lang='lat' dir='ltr'><strong>cannarum</strong></span> <span class='ocrx_word' id='word_1_151' title='bbox 1327 2635 1381 2710; x_wconf 86' lang='lat' dir='ltr'><strong>vel</strong></span> 
     </span>
     <span class='ocr_line' id='line_1_19' title="bbox 65 2754 1379 2860; baseline 0.008 -35"><span class='ocrx_word' id='word_1_152' title='bbox 65 2754 159 2847; x_wconf 90' lang='lat' dir='ltr'><strong>circa,</strong></span> <span class='ocrx_word' id='word_1_153' title='bbox 177 2758 238 2831; x_wconf 92' lang='lat' dir='ltr'><strong>ubi</strong></span> <span class='ocrx_word' id='word_1_154' title='bbox 253 2758 371 2832; x_wconf 88' lang='lat' dir='ltr'><strong>dictus</strong></span> <span class='ocrx_word' id='word_1_155' title='bbox 391 2760 617 2852; x_wconf 85' lang='lat' dir='ltr'><strong>Franciscus,</strong></span> <span class='ocrx_word' id='word_1_156' title='bbox 635 2762 695 2860; x_wconf 87' lang='lat' dir='ltr'><strong>qui</strong></span> <span class='ocrx_word' id='word_1_157' title='bbox 711 2765 880 2838; x_wconf 89' lang='lat' dir='ltr'><strong>sacerdos</strong></span> <span class='ocrx_word' id='word_1_158' title='bbox 897 2771 987 2855; x_wconf 86' lang='lat' dir='ltr'><strong>arat,</strong></span> <span class='ocrx_word' id='word_1_159' title='bbox 1007 2763 1379 2859; x_wconf 90' lang='lat' dir='ltr'><strong>omnibusparamen·</strong></span> 
     </span>
     <span class='ocr_line' id='line_1_20' title="bbox 69 2880 1379 2983; baseline 0.008 -32"><span class='ocrx_word' id='word_1_160' title='bbox 69 2880 104 2952; x_wconf 90' lang='lat' dir='ltr'><strong>tis</strong></span> <span class='ocrx_word' id='word_1_161' title='bbox 124 2882 187 2957; x_wconf 88' lang='lat' dir='ltr'><strong>luit</strong></span> <span class='ocrx_word' id='word_1_162' title='bbox 209 2883 357 2958; x_wconf 90' lang='lat' dir='ltr'><strong>indutus</strong></span> <span class='ocrx_word' id='word_1_163' title='bbox 370 2907 471 2960; x_wconf 90' lang='lat' dir='ltr'><strong>more</strong></span> <span class='ocrx_word' id='word_1_164' title='bbox 497 2887 602 2962; x_wconf 90' lang='lat' dir='ltr'><strong>solito</strong></span> <span class='ocrx_word' id='word_1_165' title='bbox 617 2911 624 2976; x_wconf 89' lang='lat'>;</span> <span class='ocrx_word' id='word_1_166' title='bbox 640 2886 770 2961; x_wconf 86' lang='lat' dir='ltr'><strong>deinde</strong></span> <span class='ocrx_word' id='word_1_167' title='bbox 783 2887 920 2962; x_wconf 87' lang='lat' dir='ltr'><strong>lectum</strong></span> <span class='ocrx_word' id='word_1_168' title='bbox 936 2887 1170 2962; x_wconf 90' lang='lat' dir='ltr'><strong>summarium</strong></span> <span class='ocrx_word' id='word_1_169' title='bbox 1185 2910 1379 2983; x_wconf 88' lang='lat' dir='ltr'><strong>processus</strong></span> 
     </span>
     <span class='ocr_line' id='line_1_21' title="bbox 67 3009 1469 3110; baseline 0.004 -29"><span class='ocrx_word' id='word_1_170' title='bbox 67 3009 310 3102; x_wconf 86' lang='lat' dir='ltr'><strong>pernotarium</strong></span> <span class='ocrx_word' id='word_1_171' title='bbox 324 3009 490 3086; x_wconf 80' lang='lat' dir='ltr'><strong>videlicet</strong></span> <span class='ocrx_word' id='word_1_172' title='bbox 504 3011 700 3087; x_wconf 81' lang='lat' dir='ltr'><strong>Antonium</strong></span> <span class='ocrx_word' id='word_1_173' title='bbox 713 3012 757 3087; x_wconf 91' lang='lat' dir='ltr'><strong>de</strong></span> <span class='ocrx_word' id='word_1_174' title='bbox 774 3012 1032 3110; x_wconf 90' lang='lat' dir='ltr'><strong>Palopanibus;</strong></span> <span class='ocrx_word' id='word_1_175' title='bbox 1049 3035 1121 3109; x_wconf 90' lang='lat' dir='ltr'><strong>quo</strong></span> <span class='ocrx_word' id='word_1_176' title='bbox 1133 3012 1242 3105; x_wconf 88' lang='lat' dir='ltr'><strong>lecto,</strong></span> <span class='ocrx_word' id='word_1_177' title='bbox 1256 3012 1383 3110; x_wconf 87' lang='lat' dir='ltr'><strong>degra-</strong></span> <span class='ocrx_word' id='word_1_178' title='bbox 1467 3060 1469 3069; x_wconf 73' lang='lat'><strong>,</strong></span> 
     </span>
     <span class='ocr_line' id='line_1_22' title="bbox 66 3131 1382 3234; baseline 0.004 -29"><span class='ocrx_word' id='word_1_179' title='bbox 66 3131 236 3209; x_wconf 87' lang='lat' dir='ltr'><strong>datusluit</strong></span> <span class='ocrx_word' id='word_1_180' title='bbox 249 3136 329 3234; x_wconf 89' lang='lat' dir='ltr'><strong>ipse</strong></span> <span class='ocrx_word' id='word_1_181' title='bbox 342 3135 567 3229; x_wconf 78' lang='lat' dir='ltr'><strong>FranciscuS,</strong></span> <span class='ocrx_word' id='word_1_182' title='bbox 587 3145 622 3212; x_wconf 89' lang='lat' dir='ltr'><strong>et</strong></span> <span class='ocrx_word' id='word_1_183' title='bbox 637 3136 735 3211; x_wconf 89' lang='lat' dir='ltr'><strong>curie</strong></span> <span class='ocrx_word' id='word_1_184' title='bbox 760 3137 912 3212; x_wconf 88' lang='lat' dir='ltr'><strong>seculari</strong></span> <span class='ocrx_word' id='word_1_185' title='bbox 934 3138 971 3210; x_wconf 92' lang='lat' dir='ltr'><strong>in</strong></span> <span class='ocrx_word' id='word_1_186' title='bbox 991 3138 1157 3212; x_wconf 89' lang='lat' dir='ltr'><strong>manibus</strong></span> <span class='ocrx_word' id='word_1_187' title='bbox 1175 3135 1382 3210; x_wconf 80' lang='lat' dir='ltr'><strong>Ambrosini</strong></span> 
     </span>
     <span class='ocr_line' id='line_1_23' title="bbox 66 3256 1382 3361; baseline 0.008 -33"><span class='ocrx_word' id='word_1_188' title='bbox 66 3256 214 3358; x_wconf 90' lang='lat' dir='ltr'><strong>barigelli</strong></span> <span class='ocrx_word' id='word_1_189' title='bbox 228 3260 403 3352; x_wconf 88' lang='lat' dir='ltr'><strong>traditus;</strong></span> <span class='ocrx_word' id='word_1_190' title='bbox 421 3287 493 3359; x_wconf 92' lang='lat' dir='ltr'><strong>quo</strong></span> <span class='ocrx_word' id='word_1_191' title='bbox 509 3263 653 3352; x_wconf 91' lang='lat' dir='ltr'><strong>tradito,</strong></span> <span class='ocrx_word' id='word_1_192' title='bbox 671 3267 714 3337; x_wconf 90' lang='lat' dir='ltr'><strong>D.</strong></span> <span class='ocrx_word' id='word_1_193' title='bbox 729 3263 939 3338; x_wconf 81' lang='lat' dir='ltr'><strong>Dominirns</strong></span> <span class='ocrx_word' id='word_1_194' title='bbox 952 3263 1013 3360; x_wconf 89' lang='lat' dir='ltr'><strong>qui</strong></span> <span class='ocrx_word' id='word_1_195' title='bbox 1027 3263 1181 3361; x_wconf 90' lang='lat' dir='ltr'><strong>primam</strong></span> <span class='ocrx_word' id='word_1_196' title='bbox 1196 3269 1382 3338; x_wconf 89' lang='lat' dir='ltr'><strong>tonsuram</strong></span> 
     </span>
     <span class='ocr_line' id='line_1_24' title="bbox 68 3387 1382 3488; baseline 0.005 -31"><span class='ocrx_word' id='word_1_197' title='bbox 68 3391 193 3461; x_wconf 87' lang='lat' dir='ltr'><strong>tanturn</strong></span> <span class='ocrx_word' id='word_1_198' title='bbox 222 3387 396 3480; x_wconf 83' lang='lat' dir='ltr'><strong>babebat,</strong></span> <span class='ocrx_word' id='word_1_199' title='bbox 426 3388 572 3463; x_wconf 89' lang='lat' dir='ltr'><strong>indutus</strong></span> <span class='ocrx_word' id='word_1_200' title='bbox 601 3388 669 3462; x_wconf 89' lang='lat' dir='ltr'><strong>luit</strong></span> <span class='ocrx_word' id='word_1_201' title='bbox 692 3389 960 3488; x_wconf 85' lang='lat' dir='ltr'><strong>superpellicio,</strong></span> <span class='ocrx_word' id='word_1_202' title='bbox 994 3395 1032 3463; x_wconf 91' lang='lat' dir='ltr'><strong>et</strong></span> <span class='ocrx_word' id='word_1_203' title='bbox 1051 3413 1095 3464; x_wconf 91' lang='lat' dir='ltr'><strong>eo</strong></span> <span class='ocrx_word' id='word_1_204' title='bbox 1118 3388 1243 3463; x_wconf 89' lang='lat' dir='ltr'><strong>ordine</strong></span> <span class='ocrx_word' id='word_1_205' title='bbox 1273 3389 1382 3464; x_wconf 89' lang='lat' dir='ltr'><strong>etiam</strong></span> 
     </span>
     <span class='ocr_line' id='line_1_25' title="bbox 66 3509 1406 3614; baseline 0.006 -30"><span class='ocrx_word' id='word_1_206' title='bbox 66 3509 270 3612; x_wconf 79' lang='lat' dir='ltr'><strong>degradatus</strong></span> <span class='ocrx_word' id='word_1_207' title='bbox 286 3536 352 3611; x_wconf 92' lang='lat' dir='ltr'><strong>per</strong></span> <span class='ocrx_word' id='word_1_208' title='bbox 366 3518 407 3586; x_wconf 86' lang='lat' dir='ltr'><strong>R.</strong></span> <span class='ocrx_word' id='word_1_209' title='bbox 426 3517 464 3590; x_wconf 86' lang='lat' dir='ltr'><strong>P.</strong></span> <span class='ocrx_word' id='word_1_210' title='bbox 476 3517 518 3587; x_wconf 86' lang='lat' dir='ltr'><strong>D.</strong></span> <span class='ocrx_word' id='word_1_211' title='bbox 532 3518 679 3589; x_wconf 86' lang='lat' dir='ltr'><strong>Petrum</strong></span> <span class='ocrx_word' id='word_1_212' title='bbox 693 3513 845 3588; x_wconf 91' lang='lat' dir='ltr'><strong>Paulum</strong></span> <span class='ocrx_word' id='word_1_213' title='bbox 858 3515 1070 3614; x_wconf 90' lang='lat' dir='ltr'><strong>episcopum</strong></span> <span class='ocrx_word' id='word_1_214' title='bbox 1086 3519 1208 3589; x_wconf 79' lang='lat' dir='ltr'><strong>sancte</strong></span> <span class='ocrx_word' id='word_1_215' title='bbox 1224 3514 1379 3611; x_wconf 80' lang='lat' dir='ltr'><strong>Agathe,</strong></span> <span class='ocrx_word' id='word_1_216' title='bbox 1403 3584 1406 3592; x_wconf 77' lang='grc'>,</span> 
     </span>
     <span class='ocr_line' id='line_1_26' title="bbox 62 3637 1382 3738; baseline 0.002 -27"><span class='ocrx_word' id='word_1_217' title='bbox 62 3637 168 3732; x_wconf 88' lang='lat' dir='ltr'><strong>quiin</strong></span> <span class='ocrx_word' id='word_1_218' title='bbox 193 3646 368 3737; x_wconf 86' lang='lat' dir='ltr'><strong>suggesto</strong></span> <span class='ocrx_word' id='word_1_219' title='bbox 384 3639 547 3736; x_wconf 89' lang='lat' dir='ltr'><strong>predicto</strong></span> <span class='ocrx_word' id='word_1_220' title='bbox 573 3641 666 3714; x_wconf 90' lang='lat' dir='ltr'><strong>stola</strong></span> <span class='ocrx_word' id='word_1_221' title='bbox 686 3639 832 3737; x_wconf 88' lang='lat' dir='ltr'><strong>pluviali</strong></span> <span class='ocrx_word' id='word_1_222' title='bbox 854 3645 890 3714; x_wconf 93' lang='lat' dir='ltr'><strong>et</strong></span> <span class='ocrx_word' id='word_1_223' title='bbox 911 3646 1017 3716; x_wconf 91' lang='lat' dir='ltr'><strong>antea</strong></span> <span class='ocrx_word' id='word_1_224' title='bbox 1039 3641 1121 3716; x_wconf 88' lang='lat' dir='ltr'><strong>alba</strong></span> <span class='ocrx_word' id='word_1_225' title='bbox 1144 3640 1253 3738; x_wconf 88' lang='lat' dir='ltr'><strong>plana</strong></span> <span class='ocrx_word' id='word_1_226' title='bbox 1273 3663 1382 3738; x_wconf 91' lang='lat' dir='ltr'><strong>supra</strong></span> 
     </span>
     <span class='ocr_line' id='line_1_27' title="bbox 60 3763 1379 3864; baseline 0 -30"><span class='ocrx_word' id='word_1_227' title='bbox 60 3763 239 3840; x_wconf 88' lang='lat' dir='ltr'><strong>rochetum</strong></span> <span class='ocrx_word' id='word_1_228' title='bbox 261 3787 301 3841; x_wconf 89' lang='lat' dir='ltr'><strong>se</strong></span> <span class='ocrx_word' id='word_1_229' title='bbox 322 3765 472 3864; x_wconf 84' lang='lat' dir='ltr'><strong>paravit,</strong></span> <span class='ocrx_word' id='word_1_230' title='bbox 497 3771 532 3839; x_wconf 91' lang='lat' dir='ltr'><strong>et</strong></span> <span class='ocrx_word' id='word_1_231' title='bbox 552 3766 652 3840; x_wconf 91' lang='lat' dir='ltr'><strong>curie</strong></span> <span class='ocrx_word' id='word_1_232' title='bbox 675 3789 718 3840; x_wconf 87' lang='lat' dir='ltr'><strong>ac</strong></span> <span class='ocrx_word' id='word_1_233' title='bbox 741 3765 917 3863; x_wconf 85' lang='lat' dir='ltr'><strong>barigello</strong></span> <span class='ocrx_word' id='word_1_234' title='bbox 938 3765 1102 3864; x_wconf 92' lang='lat' dir='ltr'><strong>predicto</strong></span> <span class='ocrx_word' id='word_1_235' title='bbox 1126 3763 1277 3838; x_wconf 89' lang='lat' dir='ltr'><strong>traditus</strong></span> <span class='ocrx_word' id='word_1_236' title='bbox 1300 3763 1379 3838; x_wconf 86' lang='lat' dir='ltr'><strong>luit.</strong></span> 
     </span>
     <span class='ocr_line' id='line_1_28' title="bbox 60 3885 1383 3988; baseline 0.005 -30"><span class='ocrx_word' id='word_1_237' title='bbox 60 3886 127 3959; x_wconf 85' lang='lat' dir='ltr'><strong>Non</strong></span> <span class='ocrx_word' id='word_1_238' title='bbox 160 3890 309 3964; x_wconf 83' lang='lat' dir='ltr'><strong>luerunt</strong></span> <span class='ocrx_word' id='word_1_239' title='bbox 339 3890 456 3988; x_wconf 89' lang='lat' dir='ltr'><strong>capite</strong></span> <span class='ocrx_word' id='word_1_240' title='bbox 488 3890 584 3964; x_wconf 91' lang='lat' dir='ltr'><strong>tonsi</strong></span> <span class='ocrx_word' id='word_1_241' title='bbox 621 3891 724 3966; x_wconf 86' lang='lat' dir='ltr'><strong>aliter</strong></span> <span class='ocrx_word' id='word_1_242' title='bbox 753 3915 861 3988; x_wconf 90' lang='lat' dir='ltr'><strong>quam</strong></span> <span class='ocrx_word' id='word_1_243' title='bbox 889 3891 988 3988; x_wconf 90' lang='lat' dir='ltr'><strong>prius</strong></span> <span class='ocrx_word' id='word_1_244' title='bbox 1032 3885 1155 3966; x_wconf 85' lang='lat' dir='ltr'><strong>essent</strong></span> <span class='ocrx_word' id='word_1_245' title='bbox 1190 3913 1310 3986; x_wconf 91' lang='lat' dir='ltr'><strong>neque</strong></span> <span class='ocrx_word' id='word_1_246' title='bbox 1338 3913 1383 3964; x_wconf 80' lang='lat' dir='ltr'><strong>ex</strong></span> 
     </span>
     <span class='ocr_line' id='line_1_29' title="bbox 60 4011 1380 4114; baseline 0.005 -32"><span class='ocrx_word' id='word_1_247' title='bbox 60 4011 125 4086; x_wconf 91' lang='lat' dir='ltr'><strong>suis</strong></span> <span class='ocrx_word' id='word_1_248' title='bbox 142 4017 319 4107; x_wconf 84' lang='lat' dir='ltr'><strong>vestibus,</strong></span> <span class='ocrx_word' id='word_1_249' title='bbox 346 4016 383 4088; x_wconf 93' lang='lat' dir='ltr'><strong>in</strong></span> <span class='ocrx_word' id='word_1_250' title='bbox 405 4016 534 4114; x_wconf 91' lang='lat' dir='ltr'><strong>quibus</strong></span> <span class='ocrx_word' id='word_1_251' title='bbox 559 4042 603 4092; x_wconf 86' lang='lat' dir='ltr'><strong>ex</strong></span> <span class='ocrx_word' id='word_1_252' title='bbox 627 4017 716 4091; x_wconf 88' lang='lat' dir='ltr'><strong>turri</strong></span> <span class='ocrx_word' id='word_1_253' title='bbox 738 4025 928 4109; x_wconf 87' lang='lat' dir='ltr'><strong>venerunt,</strong></span> <span class='ocrx_word' id='word_1_254' title='bbox 956 4016 1066 4108; x_wconf 89' lang='lat' dir='ltr'><strong>exuti,</strong></span> <span class='ocrx_word' id='word_1_255' title='bbox 1088 4021 1238 4114; x_wconf 89' lang='lat' dir='ltr'><strong>propter</strong></span> <span class='ocrx_word' id='word_1_256' title='bbox 1254 4037 1380 4089; x_wconf 93' lang='lat' dir='ltr'><strong>eorum</strong></span> 
     </span>
    </p>
   </div>
   <div class='ocr_carea' id='block_1_3' title="bbox 54 4203 1384 5266">
    <p class='ocr_par' dir='ltr' id='par_1_4' title="bbox 90 4203 1259 4282">
     <span class='ocr_line' id='line_1_30' title="bbox 90 4203 1259 4282; baseline 0.002 -26"><span class='ocrx_word' id='word_1_257' title='bbox 90 4205 113 4258; x_wconf 91' lang='grc'><strong>1.</strong></span> <span class='ocrx_word' id='word_1_258' title='bbox 131 4205 154 4259; x_wconf 79' lang='grc' dir='ltr'>Α</span> <span class='ocrx_word' id='word_1_259' title='bbox 169 4221 272 4279; x_wconf 90' lang='lat' dir='ltr'><strong>propos</strong></span> <span class='ocrx_word' id='word_1_260' title='bbox 287 4205 322 4260; x_wconf 91' lang='lat' dir='ltr'><strong>de</strong></span> <span class='ocrx_word' id='word_1_261' title='bbox 337 4221 383 4261; x_wconf 87' lang='lat' dir='ltr'><strong>ees</strong></span> <span class='ocrx_word' id='word_1_262' title='bbox 397 4203 505 4262; x_wconf 86' lang='lat' dir='ltr'><strong>tausses</strong></span> <span class='ocrx_word' id='word_1_263' title='bbox 519 4203 619 4276; x_wconf 89' lang='lat' dir='ltr'><strong>bullas,</strong></span> <span class='ocrx_word' id='word_1_264' title='bbox 635 4206 669 4263; x_wconf 90' lang='lat' dir='ltr'><strong>de</strong></span> <span class='ocrx_word' id='word_1_265' title='bbox 681 4205 899 4282; x_wconf 87' lang='lat' dir='ltr'><strong>Brequignylait</strong></span> <span class='ocrx_word' id='word_1_266' title='bbox 912 4205 938 4262; x_wconf 88' lang='lat' dir='ltr'><strong>la</strong></span> <span class='ocrx_word' id='word_1_267' title='bbox 953 4220 1096 4279; x_wconf 89' lang='lat' dir='ltr'><strong>remarque</strong></span> <span class='ocrx_word' id='word_1_268' title='bbox 1110 4203 1235 4260; x_wconf 86' lang='lat' dir='ltr'><strong>suivaote</strong></span> <span class='ocrx_word' id='word_1_269' title='bbox 1252 4218 1259 4258; x_wconf 93' lang='lat'><strong>:</strong></span> 
     </span>
    </p>

    <p class='ocr_par' dir='ltr' id='par_1_5' title="bbox 54 4289 1384 4997">
     <span class='ocr_line' id='line_1_31' title="bbox 90 4289 1382 4370; baseline 0.001 -22"><span class='ocrx_word' id='word_1_270' title='bbox 90 4313 101 4342; x_wconf 83' lang='lat' dir='ltr'><strong>o</strong></span> <span class='ocrx_word' id='word_1_271' title='bbox 121 4293 254 4364; x_wconf 87' lang='lat' dir='ltr'><strong>Burcard,</strong></span> <span class='ocrx_word' id='word_1_272' title='bbox 270 4293 317 4368; x_wconf 88' lang='lat' dir='ltr'><strong>qui</strong></span> <span class='ocrx_word' id='word_1_273' title='bbox 332 4301 441 4351; x_wconf 87' lang='lat' dir='ltr'><strong>recente</strong></span> <span class='ocrx_word' id='word_1_274' title='bbox 456 4311 492 4352; x_wconf 87' lang='lat' dir='ltr'><strong>au</strong></span> <span class='ocrx_word' id='word_1_275' title='bbox 512 4293 579 4370; x_wconf 86' lang='lat' dir='ltr'><strong>long</strong></span> <span class='ocrx_word' id='word_1_276' title='bbox 594 4303 669 4354; x_wconf 89' lang='lat' dir='ltr'><strong>toute</strong></span> <span class='ocrx_word' id='word_1_277' title='bbox 688 4303 760 4354; x_wconf 84' lang='lat' dir='ltr'><strong>cette</strong></span> <span class='ocrx_word' id='word_1_278' title='bbox 780 4296 883 4364; x_wconf 77' lang='lat' dir='ltr'><strong>affaire,</strong></span> <span class='ocrx_word' id='word_1_279' title='bbox 898 4313 933 4352; x_wconf 89' lang='lat' dir='ltr'><strong>ne</strong></span> <span class='ocrx_word' id='word_1_280' title='bbox 948 4312 1018 4352; x_wconf 87' lang='lat' dir='ltr'><strong>nous</strong></span> <span class='ocrx_word' id='word_1_281' title='bbox 1030 4295 1071 4351; x_wconf 89' lang='lat' dir='ltr'><strong>dit</strong></span> <span class='ocrx_word' id='word_1_282' title='bbox 1083 4293 1161 4368; x_wconf 88' lang='lat' dir='ltr'><strong>point</strong></span> <span class='ocrx_word' id='word_1_283' title='bbox 1180 4291 1262 4366; x_wconf 89' lang='lat' dir='ltr'><strong>qu’on</strong></span> <span class='ocrx_word' id='word_1_284' title='bbox 1280 4289 1319 4348; x_wconf 86' lang='lat' dir='ltr'><strong>ait</strong></span> <span class='ocrx_word' id='word_1_285' title='bbox 1333 4290 1382 4349; x_wconf 85' lang='lat' dir='ltr'><strong>leit</strong></span> 
     </span>
     <span class='ocr_line' id='line_1_32' title="bbox 57 4378 1379 4462; baseline 0 -26"><span class='ocrx_word' id='word_1_286' title='bbox 57 4389 189 4456; x_wconf 85' lang='lat' dir='ltr'><strong>rapporter</strong></span> <span class='ocrx_word' id='word_1_287' title='bbox 203 4391 268 4442; x_wconf 85' lang='lat' dir='ltr'><strong>tous</strong></span> <span class='ocrx_word' id='word_1_288' title='bbox 282 4382 322 4440; x_wconf 89' lang='lat' dir='ltr'><strong>les</strong></span> <span class='ocrx_word' id='word_1_289' title='bbox 341 4389 415 4441; x_wconf 85' lang='lat' dir='ltr'><strong>actes</strong></span> <span class='ocrx_word' id='word_1_290' title='bbox 430 4383 509 4458; x_wconf 87' lang='lat' dir='ltr'><strong>qo’ils</strong></span> <span class='ocrx_word' id='word_1_291' title='bbox 529 4385 638 4444; x_wconf 86' lang='lat' dir='ltr'><strong>avaient</strong></span> <span class='ocrx_word' id='word_1_292' title='bbox 655 4385 804 4462; x_wconf 81' lang='lat' dir='ltr'><strong>labriquas,</strong></span> <span class='ocrx_word' id='word_1_293' title='bbox 820 4391 848 4444; x_wconf 92' lang='lat' dir='ltr'><strong>et</strong></span> <span class='ocrx_word' id='word_1_294' title='bbox 865 4384 929 4458; x_wconf 87' lang='lat' dir='ltr'><strong>qn’il</strong></span> <span class='ocrx_word' id='word_1_295' title='bbox 949 4383 1016 4442; x_wconf 82' lang='lat' dir='ltr'><strong>etoit</strong></span> <span class='ocrx_word' id='word_1_296' title='bbox 1028 4382 1178 4457; x_wconf 89' lang='lat' dir='ltr'><strong>important</strong></span> <span class='ocrx_word' id='word_1_297' title='bbox 1196 4381 1231 4438; x_wconf 89' lang='lat' dir='ltr'><strong>de</strong></span> <span class='ocrx_word' id='word_1_298' title='bbox 1250 4378 1379 4438; x_wconf 77' lang='lat' dir='ltr'><strong>detruire.</strong></span> 
     </span>
     <span class='ocr_line' id='line_1_33' title="bbox 58 4467 1384 4550; baseline 0.002 -26"><span class='ocrx_word' id='word_1_299' title='bbox 58 4467 180 4528; x_wconf 87' lang='lat' dir='ltr'><strong>Combieo</strong></span> <span class='ocrx_word' id='word_1_300' title='bbox 195 4471 231 4529; x_wconf 86' lang='lat' dir='ltr'><strong>de</strong></span> <span class='ocrx_word' id='word_1_301' title='bbox 241 4489 289 4529; x_wconf 87' lang='lat' dir='ltr'><strong>eas</strong></span> <span class='ocrx_word' id='word_1_302' title='bbox 304 4471 478 4544; x_wconf 88' lang='lat' dir='ltr'><strong>semblables,</strong></span> <span class='ocrx_word' id='word_1_303' title='bbox 494 4478 530 4530; x_wconf 83' lang='lat' dir='ltr'><strong>od</strong></span> <span class='ocrx_word' id='word_1_304' title='bbox 543 4480 615 4532; x_wconf 84' lang='lat' dir='ltr'><strong>cette</strong></span> <span class='ocrx_word' id='word_1_305' title='bbox 630 4492 697 4550; x_wconf 84' lang='lat' dir='ltr'><strong>sage</strong></span> <span class='ocrx_word' id='word_1_306' title='bbox 712 4475 869 4550; x_wconf 77' lang='lat' dir='ltr'><strong>precaution</strong></span> <span class='ocrx_word' id='word_1_307' title='bbox 880 4492 897 4532; x_wconf 90' lang='lat' dir='ltr'><strong>a</strong></span> <span class='ocrx_word' id='word_1_308' title='bbox 910 4493 947 4549; x_wconf 92' lang='lat' dir='ltr'><strong>pu</strong></span> <span class='ocrx_word' id='word_1_309' title='bbox 960 4479 1017 4530; x_wconf 69' lang='lat' dir='ltr'><strong>atra</strong></span> <span class='ocrx_word' id='word_1_310' title='bbox 1031 4472 1168 4546; x_wconf 79' lang='lat' dir='ltr'><strong>negligee,</strong></span> <span class='ocrx_word' id='word_1_311' title='bbox 1183 4477 1211 4528; x_wconf 89' lang='lat' dir='ltr'><strong>et</strong></span> <span class='ocrx_word' id='word_1_312' title='bbox 1221 4486 1271 4545; x_wconf 88' lang='lat' dir='ltr'><strong>par</strong></span> <span class='ocrx_word' id='word_1_313' title='bbox 1287 4472 1384 4527; x_wconf 80' lang='lat' dir='ltr'><strong>const·</strong></span> 
     </span>
     <span class='ocr_line' id='line_1_34' title="bbox 57 4561 1383 4640; baseline 0.001 -26"><span class='ocrx_word' id='word_1_314' title='bbox 57 4567 134 4632; x_wconf 88' lang='lat' dir='ltr'><strong>quent</strong></span> <span class='ocrx_word' id='word_1_315' title='bbox 154 4561 280 4619; x_wconf 85' lang='lat' dir='ltr'><strong>combien</strong></span> <span class='ocrx_word' id='word_1_316' title='bbox 303 4563 337 4618; x_wconf 91' lang='lat' dir='ltr'><strong>de</strong></span> <span class='ocrx_word' id='word_1_317' title='bbox 356 4561 421 4619; x_wconf 88' lang='lat' dir='ltr'><strong>faux</strong></span> <span class='ocrx_word' id='word_1_318' title='bbox 435 4569 511 4620; x_wconf 88' lang='lat' dir='ltr'><strong>actes</strong></span> <span class='ocrx_word' id='word_1_319' title='bbox 525 4569 575 4621; x_wconf 91' lang='lat' dir='ltr'><strong>ont</strong></span> <span class='ocrx_word' id='word_1_320' title='bbox 592 4565 630 4621; x_wconf 85' lang='lat' dir='ltr'><strong>dn</strong></span> <span class='ocrx_word' id='word_1_321' title='bbox 644 4581 741 4640; x_wconf 86' lang='lat' dir='ltr'><strong>passer</strong></span> <span class='ocrx_word' id='word_1_322' title='bbox 760 4569 777 4622; x_wconf 77' lang='lat' dir='ltr'><strong>d</strong></span> <span class='ocrx_word' id='word_1_323' title='bbox 795 4565 821 4622; x_wconf 89' lang='lat' dir='ltr'><strong>la</strong></span> <span class='ocrx_word' id='word_1_324' title='bbox 839 4565 984 4639; x_wconf 80' lang='lat' dir='ltr'><strong>posteritel</strong></span> <span class='ocrx_word' id='word_1_325' title='bbox 1009 4563 1046 4622; x_wconf 86' lang='lat' dir='ltr'><strong>Ca</strong></span> <span class='ocrx_word' id='word_1_326' title='bbox 1065 4562 1138 4619; x_wconf 88' lang='lat' dir='ltr'><strong>n’est</strong></span> <span class='ocrx_word' id='word_1_327' title='bbox 1158 4561 1228 4618; x_wconf 87' lang='lat' dir='ltr'><strong>done</strong></span> <span class='ocrx_word' id='word_1_328' title='bbox 1248 4577 1298 4634; x_wconf 89' lang='lat' dir='ltr'><strong>pas</strong></span> <span class='ocrx_word' id='word_1_329' title='bbox 1316 4577 1383 4616; x_wconf 89' lang='lat' dir='ltr'><strong>sans</strong></span> 
     </span>
     <span class='ocr_line' id='line_1_35' title="bbox 55 4647 1383 4734; baseline 0.002 -30"><span class='ocrx_word' id='word_1_330' title='bbox 55 4647 138 4707; x_wconf 90' lang='lat' dir='ltr'><strong>raison</strong></span> <span class='ocrx_word' id='word_1_331' title='bbox 162 4669 217 4726; x_wconf 86' lang='lat' dir='ltr'><strong>que</strong></span> <span class='ocrx_word' id='word_1_332' title='bbox 242 4651 283 4709; x_wconf 87' lang='lat' dir='ltr'><strong>les</strong></span> <span class='ocrx_word' id='word_1_333' title='bbox 309 4651 509 4726; x_wconf 85' lang='lat' dir='ltr'><strong>diplomatistes</strong></span> <span class='ocrx_word' id='word_1_334' title='bbox 529 4659 592 4712; x_wconf 89' lang='lat' dir='ltr'><strong>sont</strong></span> <span class='ocrx_word' id='word_1_335' title='bbox 614 4671 648 4710; x_wconf 90' lang='lat' dir='ltr'><strong>err</strong></span> <span class='ocrx_word' id='word_1_336' title='bbox 663 4655 749 4728; x_wconf 86' lang='lat' dir='ltr'><strong>garde</strong></span> <span class='ocrx_word' id='word_1_337' title='bbox 767 4662 861 4712; x_wconf 83' lang='lat' dir='ltr'><strong>eontra</strong></span> <span class='ocrx_word' id='word_1_338' title='bbox 879 4655 920 4711; x_wconf 88' lang='lat' dir='ltr'><strong>les</strong></span> <span class='ocrx_word' id='word_1_339' title='bbox 941 4653 1050 4711; x_wconf 87' lang='lat' dir='ltr'><strong>chartas</strong></span> <span class='ocrx_word' id='word_1_340' title='bbox 1066 4651 1150 4727; x_wconf 84' lang='lat' dir='ltr'><strong>qu’ou</strong></span> <span class='ocrx_word' id='word_1_341' title='bbox 1174 4651 1232 4734; x_wconf 87' lang='lat' dir='ltr'><strong>leur</strong></span> <span class='ocrx_word' id='word_1_342' title='bbox 1246 4653 1383 4723; x_wconf 80' lang='lat' dir='ltr'><strong>presente,</strong></span> 
     </span>
     <span class='ocr_line' id='line_1_36' title="bbox 55 4737 1383 4819; baseline -0.001 -24"><span class='ocrx_word' id='word_1_343' title='bbox 55 4738 165 4815; x_wconf 87' lang='lat' dir='ltr'><strong>puisque</strong></span> <span class='ocrx_word' id='word_1_344' title='bbox 174 4741 436 4816; x_wconf 74' lang='lat' dir='ltr'><strong>independamment</strong></span> <span class='ocrx_word' id='word_1_345' title='bbox 446 4742 480 4800; x_wconf 88' lang='lat' dir='ltr'><strong>de</strong></span> <span class='ocrx_word' id='word_1_346' title='bbox 490 4743 572 4800; x_wconf 87' lang='lat' dir='ltr'><strong>celles</strong></span> <span class='ocrx_word' id='word_1_347' title='bbox 582 4761 636 4819; x_wconf 88' lang='lat' dir='ltr'><strong>que</strong></span> <span class='ocrx_word' id='word_1_348' title='bbox 646 4744 686 4800; x_wconf 89' lang='lat' dir='ltr'><strong>les</strong></span> <span class='ocrx_word' id='word_1_349' title='bbox 696 4743 845 4802; x_wconf 77' lang='lat' dir='ltr'><strong>saussaires</strong></span> <span class='ocrx_word' id='word_1_350' title='bbox 860 4745 1003 4802; x_wconf 88' lang='lat' dir='ltr'><strong>modames</strong></span> <span class='ocrx_word' id='word_1_351' title='bbox 1018 4741 1179 4800; x_wconf 84' lang='lat' dir='ltr'><strong>continuent</strong></span> <span class='ocrx_word' id='word_1_352' title='bbox 1191 4740 1225 4797; x_wconf 89' lang='lat' dir='ltr'><strong>de</strong></span> <span class='ocrx_word' id='word_1_353' title='bbox 1235 4737 1383 4813; x_wconf 77' lang='lat' dir='ltr'><strong>fabriquer,</strong></span> 
     </span>
     <span class='ocr_line' id='line_1_37' title="bbox 55 4829 1383 4908; baseline 0.001 -24"><span class='ocrx_word' id='word_1_354' title='bbox 55 4843 87 4884; x_wconf 89' lang='lat' dir='ltr'><strong>on</strong></span> <span class='ocrx_word' id='word_1_355' title='bbox 99 4847 116 4886; x_wconf 85' lang='lat' dir='ltr'><strong>a</strong></span> <span class='ocrx_word' id='word_1_356' title='bbox 128 4831 181 4889; x_wconf 89' lang='lat' dir='ltr'><strong>lieu</strong></span> <span class='ocrx_word' id='word_1_357' title='bbox 196 4831 233 4888; x_wconf 91' lang='lat' dir='ltr'><strong>de</strong></span> <span class='ocrx_word' id='word_1_358' title='bbox 248 4849 419 4906; x_wconf 74' lang='lat' dir='ltr'><strong>soupoooner</strong></span> <span class='ocrx_word' id='word_1_359' title='bbox 432 4833 499 4907; x_wconf 88' lang='lat' dir='ltr'><strong>qu&#39;il</strong></span> <span class='ocrx_word' id='word_1_360' title='bbox 514 4831 635 4891; x_wconf 87' lang='lat' dir='ltr'><strong>subsiste</strong></span> <span class='ocrx_word' id='word_1_361' title='bbox 649 4851 688 4890; x_wconf 89' lang='lat' dir='ltr'><strong>un</strong></span> <span class='ocrx_word' id='word_1_362' title='bbox 703 4835 790 4908; x_wconf 81' lang='lat' dir='ltr'><strong>grand</strong></span> <span class='ocrx_word' id='word_1_363' title='bbox 804 4835 917 4892; x_wconf 90' lang='lat' dir='ltr'><strong>nombre</strong></span> <span class='ocrx_word' id='word_1_364' title='bbox 930 4835 965 4890; x_wconf 90' lang='lat' dir='ltr'><strong>da</strong></span> <span class='ocrx_word' id='word_1_365' title='bbox 979 4831 1061 4890; x_wconf 85' lang='lat' dir='ltr'><strong>celles</strong></span> <span class='ocrx_word' id='word_1_366' title='bbox 1076 4850 1130 4908; x_wconf 90' lang='lat' dir='ltr'><strong>que</strong></span> <span class='ocrx_word' id='word_1_367' title='bbox 1145 4832 1218 4889; x_wconf 88' lang='lat' dir='ltr'><strong>leurs</strong></span> <span class='ocrx_word' id='word_1_368' title='bbox 1237 4829 1383 4905; x_wconf 76' lang='lat' dir='ltr'><strong>predeces-</strong></span> 
     </span>
     <span class='ocr_line' id='line_1_38' title="bbox 54 4920 1201 4997; baseline 0.001 -22"><span class='ocrx_word' id='word_1_369' title='bbox 54 4933 126 4977; x_wconf 82' lang='lat' dir='ltr'><strong>aeurs</strong></span> <span class='ocrx_word' id='word_1_370' title='bbox 140 4927 190 4978; x_wconf 90' lang='lat' dir='ltr'><strong>ont</strong></span> <span class='ocrx_word' id='word_1_371' title='bbox 202 4921 324 4996; x_wconf 71' lang='lat' dir='ltr'><strong>longios.</strong></span> <span class='ocrx_word' id='word_1_372' title='bbox 341 4945 355 4974; x_wconf 84' lang='lat' dir='ltr'><strong>o</strong></span> <span class='ocrx_word' id='word_1_373' title='bbox 372 4923 491 4978; x_wconf 83' lang='lat' dir='ltr'><strong>Notices</strong></span> <span class='ocrx_word' id='word_1_374' title='bbox 504 4933 532 4979; x_wconf 85' lang='lat' dir='ltr'><strong>et</strong></span> <span class='ocrx_word' id='word_1_375' title='bbox 547 4927 671 4980; x_wconf 75' lang='lat' dir='ltr'><strong>extruite</strong></span> <span class='ocrx_word' id='word_1_376' title='bbox 686 4927 735 4980; x_wconf 81' lang='lat' dir='ltr'><strong>des</strong></span> <span class='ocrx_word' id='word_1_377' title='bbox 747 4943 815 4982; x_wconf 83' lang='lat' dir='ltr'><strong>mss.</strong></span> <span class='ocrx_word' id='word_1_378' title='bbox 829 4927 871 4981; x_wconf 84' lang='lat' dir='ltr'><strong>du</strong></span> <span class='ocrx_word' id='word_1_379' title='bbox 882 4925 948 4994; x_wconf 83' lang='lat' dir='ltr'><strong>Rei,</strong></span> <span class='ocrx_word' id='word_1_380' title='bbox 962 4928 987 4982; x_wconf 91' lang='lat' dir='ltr'><strong>t.</strong></span> <span class='ocrx_word' id='word_1_381' title='bbox 1007 4923 1029 4992; x_wconf 96' lang='lat' dir='ltr'><strong>l,</strong></span> <span class='ocrx_word' id='word_1_382' title='bbox 1045 4939 1074 4997; x_wconf 91' lang='lat' dir='ltr'><strong>p.</strong></span> <span class='ocrx_word' id='word_1_383' title='bbox 1091 4923 1137 4993; x_wconf 83' lang='lat'><strong>89,</strong></span> <span class='ocrx_word' id='word_1_384' title='bbox 1155 4920 1201 4979; x_wconf 83' lang='lat'><strong>90.</strong></span> 
     </span>
    </p>

    <p class='ocr_par' dir='ltr' id='par_1_6' title="bbox 54 5009 1383 5266">
     <span class='ocr_line' id='line_1_39' title="bbox 87 5009 1383 5088; baseline -0.001 -21"><span class='ocrx_word' id='word_1_385' title='bbox 87 5009 134 5068; x_wconf 89' lang='lat' dir='ltr'><strong>Get</strong></span> <span class='ocrx_word' id='word_1_386' title='bbox 156 5014 319 5070; x_wconf 67' lang='lat' dir='ltr'><strong>dnouement</strong></span> <span class='ocrx_word' id='word_1_387' title='bbox 331 5019 374 5070; x_wconf 88' lang='lat' dir='ltr'><strong>est</strong></span> <span class='ocrx_word' id='word_1_388' title='bbox 387 5017 514 5088; x_wconf 79' lang='lat' dir='ltr'><strong>rapportd</strong></span> <span class='ocrx_word' id='word_1_389' title='bbox 528 5014 598 5070; x_wconf 88' lang='lat' dir='ltr'><strong>dans</strong></span> <span class='ocrx_word' id='word_1_390' title='bbox 613 5012 761 5072; x_wconf 86' lang='lat' dir='ltr'><strong>lolessura.</strong></span> <span class='ocrx_word' id='word_1_391' title='bbox 781 5016 818 5072; x_wconf 91' lang='lat' dir='ltr'><strong>Le</strong></span> <span class='ocrx_word' id='word_1_392' title='bbox 833 5031 897 5071; x_wconf 91' lang='lat' dir='ltr'><strong>nom</strong></span> <span class='ocrx_word' id='word_1_393' title='bbox 911 5013 960 5070; x_wconf 87' lang='lat' dir='ltr'><strong>das</strong></span> <span class='ocrx_word' id='word_1_394' title='bbox 974 5010 1133 5086; x_wconf 82' lang='lat' dir='ltr'><strong>coupables,</strong></span> <span class='ocrx_word' id='word_1_395' title='bbox 1156 5011 1383 5068; x_wconf 87' lang='lat' dir='ltr'><strong>incorrectement</strong></span> 
     </span>
     <span class='ocr_line' id='line_1_40' title="bbox 55 5097 1379 5180; baseline 0.002 -26"><span class='ocrx_word' id='word_1_396' title='bbox 55 5097 140 5158; x_wconf 75' lang='lat' dir='ltr'><strong>donna</strong></span> <span class='ocrx_word' id='word_1_397' title='bbox 150 5101 223 5159; x_wconf 88' lang='lat' dir='ltr'><strong>dans</strong></span> <span class='ocrx_word' id='word_1_398' title='bbox 237 5101 262 5159; x_wconf 90' lang='lat' dir='ltr'><strong>le</strong></span> <span class='ocrx_word' id='word_1_399' title='bbox 275 5107 348 5159; x_wconf 88' lang='lat' dir='ltr'><strong>texte</strong></span> <span class='ocrx_word' id='word_1_400' title='bbox 368 5103 500 5160; x_wconf 83' lang='lat' dir='ltr'><strong>d&#39;Ecoard</strong></span> <span class='ocrx_word' id='word_1_401' title='bbox 514 5102 576 5174; x_wconf 90' lang='lat' dir='ltr'><strong>(col.</strong></span> <span class='ocrx_word' id='word_1_402' title='bbox 596 5103 683 5180; x_wconf 80' lang='grc'>1991),</span> <span class='ocrx_word' id='word_1_403' title='bbox 700 5109 743 5162; x_wconf 88' lang='lat' dir='ltr'><strong>est</strong></span> <span class='ocrx_word' id='word_1_404' title='bbox 756 5103 861 5178; x_wconf 80' lang='lat' dir='ltr'><strong>corrige</strong></span> <span class='ocrx_word' id='word_1_405' title='bbox 875 5103 944 5161; x_wconf 89' lang='lat' dir='ltr'><strong>dans</strong></span> <span class='ocrx_word' id='word_1_406' title='bbox 958 5101 1028 5160; x_wconf 88' lang='lat' dir='ltr'><strong>celui</strong></span> <span class='ocrx_word' id='word_1_407' title='bbox 1048 5101 1082 5158; x_wconf 90' lang='lat' dir='ltr'><strong>de</strong></span> <span class='ocrx_word' id='word_1_408' title='bbox 1096 5101 1208 5174; x_wconf 80' lang='lat' dir='ltr'><strong>Morat,</strong></span> <span class='ocrx_word' id='word_1_409' title='bbox 1224 5101 1292 5157; x_wconf 82' lang='lat' dir='ltr'><strong>lter.</strong></span> <span class='ocrx_word' id='word_1_410' title='bbox 1308 5100 1379 5156; x_wconf 84' lang='lat' dir='ltr'><strong>Ital.</strong></span> 
     </span>
     <span class='ocr_line' id='line_1_41' title="bbox 54 5183 645 5266; baseline 0.01 -25"><span class='ocrx_word' id='word_1_411' title='bbox 54 5187 169 5263; x_wconf 71' lang='lat' dir='ltr'><strong>Script,</strong></span> <span class='ocrx_word' id='word_1_412' title='bbox 184 5195 208 5248; x_wconf 84' lang='lat' dir='ltr'><strong>t.</strong></span> <span class='ocrx_word' id='word_1_413' title='bbox 224 5191 273 5263; x_wconf 92' lang='lat' dir='ltr'><strong>Ill,</strong></span> <span class='ocrx_word' id='word_1_414' title='bbox 289 5209 319 5266; x_wconf 90' lang='lat' dir='ltr'><strong>p.</strong></span> <span class='ocrx_word' id='word_1_415' title='bbox 341 5211 370 5263; x_wconf 88' lang='lat' dir='ltr'><strong>rr,</strong></span> <span class='ocrx_word' id='word_1_416' title='bbox 385 5192 436 5249; x_wconf 88' lang='lat' dir='ltr'><strong>col.</strong></span> <span class='ocrx_word' id='word_1_417' title='bbox 456 5192 538 5250; x_wconf 74' lang='lat'><strong>1229.</strong></span> <span class='ocrx_word' id='word_1_418' title='bbox 638 5183 645 5195; x_wconf 76' lang='grc'><em>“</em></span> 
     </span>
    </p>
   </div>
   <div class='ocr_carea' id='block_1_4' title="bbox 0 0 1716 6034">
    <p class='ocr_par' dir='ltr' id='par_1_7' title="bbox 0 0 1716 6034">
     <span class='ocr_line' id='line_1_42' title="bbox 0 0 1716 6034; baseline 0 3"><span class='ocrx_word' id='word_1_419' title='bbox 0 0 1716 6034; x_wconf 95' lang='lat' dir='ltr'><strong> </strong></span> 
     </span>
    </p>
   </div>
  </div>
 </body>
</html>
