3496 6056
881 513 1023 600 rontrttffi
1040 484 1248 554 noflCHARDI,
1494 487 1584 546 [tauns
1598 488 1656 558 nsi]

494 643 544 693 ¹3³
688 735 694 748 .
815 677 945 766 „orarios
973 647 1026 721 nto
1054 645 1242 739 presentes
1281 643 1319 712 nt
1357 661 1465 735 supro
1493 638 1659 736 hujusmodi

468 759 615 874 „orarios
649 733 857 888 ³¹¹⁰⁵f¹⁰30ffl
887 785 955 854 aeto
975 766 1172 840 conficiatis
1193 789 1304 838 nnurn
1329 769 1365 838 et
1383 764 1494 862 plura,
1516 767 1659 864 pubiicnn

452 877 596 988 ⁵⁰I⁶¹¹¹f¹¹
617 849 1165 1017 ffffleflnnerinstrumenta,
1176 893 1291 965 eteS.
1305 915 1354 980 v.,
1366 891 1660 989 Beatissinepeter.

441 977 753 1146 &publisj'cfficepj
762 1033 861 1110 buttes
871 1023 905 1092 et
919 1015 1266 1114 literesnpostolioes
1276 1039 1386 1113 snper
1399 1015 1662 1114 hisoportnnesi

430 1105 592 1276 ‘¹⁰55le
615 1180 707 1258 dietis
729 1161 782 1233 ss,
806 1151 844 1218 D.
870 1144 908 1214 N.
933 1149 1030 1214 stans
1052 1141 1195 1216 detecto
1219 1141 1335 1239 capite
1359 1165 1482 1216 versus
1505 1143 1544 1216 ed
1565 1145 1665 1225 alten,

437 1347 478 1398 no
489 1225 623 1403 ixqipsis
638 1270 869 1366 assistentibus
883 1267 1015 1340 librum
1023 1273 1183 1360 tenente,
1201 1267 1305 1365 dixit:
1324 1265 1358 1340 Τ
1353 1293 1371 1340 e
1379 1265 1491 1342 Derim
1501 1269 1667 1347 tondemus.

409 1358 597 1521 {laxioribus
617 1395 838 1502 sequentibus
858 1417 972 1490 usque
988 1391 1033 1466 ed
1053 1393 1176 1484 tinem,
1196 1398 1293 1492 Pepe
1312 1393 1484 1467 continuo
1502 1395 1569 1468 sine
1587 1396 1670 1468 nnitn

403 1559 517 1639 stante.
546 1547 619 1622 Quo
639 1527 735 1600 finito
756 1523 879 1592 Rmus.
903 1521 947 1590 D.
973 1518 1165 1592 cardinalis
1194 1518 1364 1594 Senensis
1384 1543 1406 1593 a
1427 1519 1574 1594 dexteris
1596 1525 1671 1617 Pepe

397 1673 553 1758 assistens
575 1652 658 1725 dixit
682 1647 752 1720 elta
775 1667 861 1718 voce
887 1644 924 1716 in
947 1668 1010 1718 suo
1035 1651 1133 1719 stens
1151 1645 1233 1720 loeo
1259 1670 1267 1718 :
1296 1645 1368 1718 Oro
1382 1669 1451 1742 pro
1473 1646 1575 1737 nobis,
1598 1645 1674 1718 boote

389 1778 569 1879 Leopoldm
591 1775 757 1844 cantores
783 1769 1049 1866 responderunt
1080 1796 1089 1844 ε
1125 1771 1176 1844 Ut
1202 1771 1304 1869 dipni
1331 1769 1533 1870 efficiemur
1548 1773 1675 1868 promis-

386 1903 528 1992 sionibus
549 1895 689 1985 Christi,
711 1907 773 1968 etc.
790 1899 880 1968 Tum
900 1900 997 1994 Papa
1016 1903 1114 1970 stans
1133 1903 1172 1970 ut
1192 1897 1303 1995 prius,
1325 1897 1496 1994 episcopo
1514 1896 1677 1969 assistente

386 2051 450 2112 non
466 2019 649 2128 cardinali,
664 2021 795 2096 librum
810 2028 970 2114 tenente,
988 2022 1074 2096 dixit
1093 2050 1099 2095 :
1122 2022 1283 2096 Oremns.
1304 2021 1431 2096 Adesto
1445 2019 1587 2096 Domine
1601 2033 1657 2093 ete.

428 2149 488 2223 His
504 2146 608 2220 dictis
624 2146 807 2243 predictus
827 2147 1017 2222 oerdinnlis
1039 2149 1208 2222 Senensis
1226 2147 1388 2222 aseendit
1407 2147 1452 2221 de
1472 2147 1574 2244 pleno
1589 2170 1682 2244 supe-

383 2273 480 2356 rioris
496 2269 574 2343 solii
591 2275 701 2368 Pepe,
719 2278 755 2346 et
775 2279 872 2346 stans
889 2273 924 2345 in
940 2274 1056 2371 primo
1070 2274 1183 2371 gradu
1202 2273 1246 2348 ad
1262 2273 1447 2349 dexteram
1464 2271 1637 2371 pontificis
1651 2271 1685 2344 ed

381 2421 459 2478 enm
476 2419 611 2486 versus,
631 2397 746 2494 eapite
763 2398 948 2488 inclinato,
971 2399 1058 2473 dixit
1077 2400 1148 2473 nita
1167 2422 1254 2474 vooe
1274 2426 1280 2472 :
1301 2399 1479 2497 Confiteor
1496 2397 1570 2470 Deo
1588 2399 1687 2470 omni-

373 2523 519 2628 potenti,
553 2521 648 2596 boote
671 2522 789 2596 Morio
818 2547 953 2621 semper
980 2525 1123 2622 oirpini,
1160 2525 1256 2598 bento
1286 2523 1455 2597 Michaeli
1482 2521 1688 2620 orctionpei,

381 2650 475 2722 bento
490 2644 649 2719 Jodormi
665 2647 836 2744 Boptiste‚
853 2649 982 2722 sonoris
1002 2651 1163 2747 apostolis
1180 2651 1288 2724 Petro
1309 2661 1343 2723 et
1358 2649 1490 2738 Porcio,
1509 2647 1602 2721 bento
1618 2645 1692 2719 Leo

371 2771 478 2874 poldo
514 2795 594 2844 enm
629 2773 790 2846 omnibns
822 2777 952 2849 sanctis
982 2787 1016 2848 el
1040 2777 1113 2868 tibi,
1151 2777 1274 2866 Peter,
1310 2775 1394 2874 quio
1422 2774 1564 2872 peeoooi
1601 2772 1694 2845 nimis

378 2897 600 2992 capitatione,
627 2898 726 2971 serbo
753 2910 788 2972 ot
806 2924 928 2997 operm·
955 2925 1033 2975 meo
1058 2902 1174 2999 culpo,
1201 2925 1277 2975 meo
1304 2901 1419 2998 ααίρα,
1446 2923 1524 2974 meo
1551 2897 1696 2972 mosimo

376 3021 492 3118 ααίῃα.
508 3023 593 3096 Ideo
603 3026 728 3121 precor
741 3025 875 3099 beotom
891 3027 1049 3100 Moriom
1063 3051 1198 3125 sempor
1209 3027 1392 3126 sirpinem,
1405 3025 1543 3099 beoteem
1553 3021 1699 3096 Micher-

376 3148 442 3220 lom
464 3149 732 3246 orchonpelom‚
761 3150 898 3224 beotnm
919 3151 1118 3227 Johonnem
1139 3153 1348 3251 Baptistom
1376 3163 1514 3224 sonotos
1539 3145 1698 3246 apostolos

377 3271 526 3346 Petrum
540 3288 575 3348 et
585 3277 757 3370 Pneelnm,
775 3279 913 3352 beotiom
925 3277 1154 3377 Leopoldmm,
1170 3305 1288 3354 omnes
1303 3292 1441 3352 sanctos
1455 3289 1491 3352 et
1504 3275 1563 3366 Te,
1582 3275 1698 3360 Potor,

376 3420 476 3470 orere
491 3423 557 3495 pro
577 3423 633 3475 me
648 3403 697 3476 orl
716 3405 897 3478 dominnm
922 3405 1040 3478 Deum
1058 3418 1230 3479 nostrum.
1249 3409 1339 3479 Turn
1355 3409 1450 3503 Papa
1470 3403 1517 3477 ed
1539 3403 1612 3476 hoo
1631 3401 1701 3474 sine

376 3523 621 3618 mitxnstnns,
655 3529 826 3628 episcopo
856 3531 1046 3606 assistente
1071 3555 1151 3605 non
1180 3531 1349 3606 cardinali
1382 3529 1515 3604 librum
1545 3530 1701 3610 lenonie,

376 3647 462 3720 dixit
476 3673 577 3726 moro
594 3653 698 3727 solito
717 3680 725 3728 :
744 3655 914 3729 Precibus
934 3669 970 3728 et
987 3658 1118 3729 meritis
1139 3657 1235 3730 boote
1253 3656 1371 3730 Morio
1386 3679 1522 3751 semper
1543 3649 1699 3750 oirpinis,

377 3772 468 3844 boeti
497 3773 684 3850 Miolmelis
726 3781 938 3878 orrieonpeli,
972 3783 1061 3854 beoti
1090 3781 1266 3855 Jolzonnis
1300 3779 1470 3878 Baptiste,
1506 3789 1699 3852 sanctornm

377 3900 611 3994 apostolorum
630 3904 734 3977 Petri
757 3917 791 3978 et
806 3907 930 3995 Ponti,
953 3907 1043 3980 beoti
1069 3905 1234 4005 Leopoldi
1254 3919 1289 3980 ot
1308 3907 1465 3981 omn'imn
1489 3914 1698 3983 sanctornm,

376 4023 584 4098 misereotnr
615 4031 725 4102 nostri
751 4032 967 4128 omnipotens
990 4032 1096 4122 Dens,
1125 4045 1160 4106 et
1185 4033 1336 4106 dimissis
1364 4031 1526 4106 omnibns
1552 4021 1700 4126 percotis

375 4150 515 4240 nostris,
538 4153 710 4248 perderent
730 4179 787 4228 oos
811 4156 859 4229 od
876 4158 982 4230 oitnm
1006 4170 1174 4232 etornnm.
1197 4158 1236 4250 rt.
1259 4159 1392 4232 Amen.
1421 4151 1700 4252 Indulpenn'om,

376 4274 625 4351 absolutionem
649 4293 684 4353 et
710 4283 947 4356 remissionem
968 4296 1194 4382 peecatorum
1232 4296 1424 4358 vestrorum
1459 4282 1594 4356 tribnat
1614 4271 1703 4348 eoos

375 4401 591 4498 omnipotens
608 4416 641 4478 et
652 4407 847 4479 misericors
862 4407 1052 4481 Dominus.
1069 4409 1108 4500 rt.
1124 4413 1256 4480 Amen.

427 4527 562 4611 Quibus
584 4530 702 4622 dietis,
728 4535 824 4630 Pepe
847 4531 885 4607 in
908 4532 1003 4607 diota
1030 4533 1116 4608 sedo
1146 4531 1319 4622 zandalia,
1348 4527 1473 4605 dicens
1497 4527 1706 4628 psalmum:

378 4649 494 4736 Quom
518 4655 654 4749 dilecto,
682 4669 761 4748 eto,
785 4664 860 4730 tum
882 4657 1053 4754 depositis
1082 4659 1187 4732 mitre
1210 4657 1351 4757 pluviali
1369 4661 1403 4730 et
1430 4655 1536 4744 stole,
1567 4641 1711 4742 aceepit

375 4779 496 4851 omnia
521 4791 732 4876 paramenta
763 4783 984 4880 pontificalia
1013 4783 1084 4856 albi
1115 4783 1260 4874 coloris,
1292 4781 1457 4856 menibus
1483 4779 1582 4878 prins
1605 4769 1709 4853 loris,

373 4900 499 4976 ordine
532 4916 722 5000 consueto,
761 4909 968 4982 cantoribus
1003 4910 1146 4984 interim
1177 4909 1265 4982 nihii
1304 4907 1531 4994 dieentibns;
1563 4907 1601 4976 et
1638 4911 1716 4968 110ss

375 5025 522 5100 inerunt
538 5031 631 5105 dicte
650 5034 767 5106 tertie.

422 5155 590 5253 Receptis
609 5159 829 5256 paramentis
848 5159 1008 5256 pontifex
1028 5159 1214 5236 deseendit
1236 5159 1281 5235 ed
1305 5159 1430 5252 attere,
1458 5157 1543 5232 tecit
1562 5143 1719 5228 conses-
