3496 6056
57 473 123 534 [llars
137 467 203 533 ltus]
370 467 497 524 RERUM
521 465 749 524 URBANARUM
771 465 1035 524 COMMENTARH.
1323 467 1368 523 tlt

55 619 241 696 cardinales
259 620 304 694 ad
322 621 443 695 locum
465 645 582 697 suurn.
603 621 682 696 Alia
705 621 827 696 omnia
850 628 932 696 acta
956 625 1041 694 sunt
1067 641 1168 694 more
1189 619 1308 710 solito,
1334 623 1370 691 at

56 753 148 844 prout
159 770 271 843 supra
285 752 464 820 notantur.
1121 823 1125 832 ,

97 873 205 946 Finito
225 871 455 962 consistorio,
478 881 512 946 at
534 873 694 948 osculato
719 896 784 971 per
805 871 957 947 familias
982 877 1164 946 oratorum
1188 871 1369 969 pontilicis

56 997 147 1096 pede,
169 997 331 1094 pontifex
360 998 467 1071 rediit
495 998 541 1071 ad
556 1021 738 1072 cameram
759 1023 874 1090 suam,
898 999 1030 1074 comite
1051 995 1182 1071 Dalfini
1208 996 1369 1071 fimbrias

55 1123 200 1220 pluuialis
215 1127 312 1221 Papa
328 1121 533 1215 delereuto;
552 1124 755 1199 orationem
769 1122 854 1198 lecit
869 1123 1060 1222 episcopus
1076 1121 1319 1196 Auraiceusis.

96 1249 194 1323 Faria
211 1257 326 1340 sexta,
355 1253 396 1322 18
417 1248 501 1324 dicti
522 1250 656 1324 mensis
681 1249 867 1343 februarii,
891 1250 958 1323 luit
981 1247 1167 1347 publicum
1193 1247 1372 1322 consisto-

55 1377 136 1448 rium
154 1375 189 1447 in
208 1373 329 1471 prima
346 1375 428 1450 aula
452 1377 605 1474 maJore,
631 1375 793 1452 videlicet
814 1375 935 1474 palatii
958 1373 1123 1474 predicti,
1146 1373 1182 1446 in
1205 1395 1275 1470 quo
1297 1377 1373 1448 RR.

54 1499 84 1570 in
102 1497 239 1572 Christo
256 1501 325 1570 PP.
350 1501 425 1570 Dl).
448 1499 605 1572 Thomas
622 1498 846 1573 Monacensis
867 1503 903 1572 et
915 1499 1099 1572 lohannes
1116 1498 1369 1574 Dunelmensis

55 1623 199 1720 episcopi
223 1629 258 1696 et
287 1623 561 1721 turcopellerius
589 1624 770 1698 Rodianus
795 1629 957 1699 oratores
988 1625 1084 1722 regis
1114 1623 1243 1721 Anglia
1267 1647 1371 1722 pres-

55 1749 190 1822 titerunt
220 1747 467 1823 obedientiam
501 1749 648 1824 nomina
687 1750 849 1848 ejusdam
890 1773 956 1848 par
982 1750 1259 1848 predecessores
1287 1773 1371 1824 suos

54 1874 193 1970 prestari
209 1873 353 1948 solitam
369 1877 433 1948 SS.
452 1878 495 1948 ll.
518 1879 547 1948 N
554 1931 578 1966 .,
600 1875 740 1972 prelato
761 1873 931 1973 episcopo
953 1874 1200 1967 Duuelmensi,
1224 1874 1253 1947 si
1274 1882 1372 1949 recta

56 2000 203 2090 memini,
223 2005 381 2074 oratore.
398 1997 455 2070 llii
471 2005 544 2072 tres
560 2004 722 2072 oratores
736 2022 809 2072 non
827 2000 972 2073 luerunt
991 1999 1172 2074 alamiliis
1193 2002 1255 2075 SS.
1267 2003 1309 2073 Ι).
1328 2003 1370 2074 N.

56 2129 85 2197 et
98 2127 313 2197 RRmorum.
332 2125 408 2196 ΠΙ).
431 2122 670 2196 cardinalium
687 2123 830 2220 publice
852 2122 987 2221 recepti
1006 2129 1042 2198 at
1056 2125 1223 2199 associati
1238 2133 1278 2199 ut
1297 2125 1370 2216 alii,

57 2249 213 2346 quiajam
229 2249 293 2322 din
312 2255 395 2322 ante
415 2248 563 2322 luerunt
581 2247 618 2320 in
639 2249 734 2322 Urbe
756 2272 821 2346 pro
843 2249 1005 2346 negociis
1024 2249 1188 2347 ejusdem
1207 2251 1316 2349 regis,
1335 2251 1373 2326 in

57 2399 117 2470 qua
127 2373 247 2450 literas
263 2375 385 2472 regias
400 2379 620 2472 acceperunt
634 2396 699 2472 pro
714 2373 921 2472 hujusmodi
937 2374 1142 2450 obedientia
1161 2376 1371 2474 prestanda.

58 2499 94 2569 Et
111 2498 190 2594 quia
207 2521 273 2573 rex
297 2496 427 2594 Anglia
441 2497 479 2570 iu
499 2497 572 2572 suis
595 2496 708 2570 literis
730 2497 940 2572 nominabat
961 2521 1001 2574 se
1025 2522 1148 2597 ragam
1171 2501 1322 2576 Francia
1339 2507 1375 2576 at

58 2623 182 2720 Anglie,
208 2624 314 2698 finita
333 2623 494 2698 oratione
511 2622 742 2721 prestationis
758 2622 978 2714 obedientie,
1004 2631 1044 2698 ut
1064 2625 1245 2722 prala'rtur
1264 2627 1371 2717 lacta,

58 2753 87 2822 et
99 2750 332 2848 responsione
346 2773 412 2848 per
425 2749 635 2846 pontificem
655 2749 751 2840 data,
774 2750 967 2824 insurrexit
982 2775 1075 2824 unus
1091 2773 1135 2825 ex
1150 2753 1245 2850 regis
1261 2755 1374 2827 Fran-

58 2897 167 2948 corum
202 2877 423 2966 oratoribus,
464 2876 699 2974 protestando
725 2877 845 2974 ipsum
871 2899 996 2975 regam
1025 2877 1153 2975 Anglie
1186 2901 1260 2952 non
1291 2899 1372 2954 esse

59 2999 194 3074 Francia
215 3023 259 3074 ac
283 2999 328 3073 de
345 2999 481 3098 injuriis
504 2999 667 3076 uidelicet
686 3000 733 3074 ad
747 3001 844 3097 quod
859 3007 980 3074 orator
999 3001 1112 3100 ipsius
1135 3003 1230 3100 regis
1246 3003 1374 3100 Auglie

57 3124 197 3218 quedam
223 3148 343 3224 pauca
370 3125 565 3224 replicavit,
595 3125 719 3224 sicque
748 3126 1005 3202 consistorium
1039 3127 1270 3202 terminatum
1299 3134 1367 3220 est,

58 3250 112 3322 SS.
136 3255 177 3324 l).
208 3255 252 3326 Ν.
285 3250 376 3325 nihil
402 3251 447 3326 ad
473 3251 680 3349 hujusmodi
709 3257 892 3327 oratorum
916 3251 1187 3328 altercationem
1218 3275 1369 3350 raspon-

59 3373 165 3450 dente.

100 3502 297 3594 Dominica,
319 3504 436 3602 prima
455 3505 730 3603 quadragesime
760 3509 806 3580 20
830 3506 915 3581 dicti
942 3506 1077 3580 mensis
1101 3505 1285 3596 februarii,
1309 3503 1375 3580 luit

59 3625 154 3700 missa
174 3627 321 3724 publica
339 3629 376 3701 iu
396 3631 535 3727 capella
556 3631 684 3728 majori
708 3631 828 3730 palatii
851 3634 959 3728 Papa,
984 3629 1020 3702 in
1041 3653 1113 3727 qua
1132 3629 1255 3705 omnia
1273 3653 1374 3704 mora

60 3752 149 3826 solito
165 3761 248 3828 sunt
263 3755 464 3833 observata.
485 3760 698 3832 Sermonem
716 3755 801 3832 lecit
821 3762 1034 3854 procurator
1054 3755 1189 3829 ordinis
1210 3755 1376 3854 pradica-

61 3883 182 3953 torum.
299 3917 301 3920 ·

99 4007 283 4083 Dominica
308 4010 480 4100 secunda,
516 4007 788 4106 quadragesime
819 4013 878 4098 27,
909 4007 995 4082 dicti
1028 4007 1163 4081 mensis
1187 4008 1371 4100 februarii,

60 4130 94 4200 u.
119 4133 155 4204 P.
185 4138 229 4207 Ι).
259 4119 444 4208 lohannes
467 4135 657 4233 episcopus
683 4133 893 4208 Bellicensis
925 4139 1047 4208 orator
1069 4133 1170 4208 ducis
1197 4133 1374 4208 sabaudie

59 4254 237 4332 celebravit
260 4261 408 4335 missam
429 4261 610 4359 publicam
632 4259 669 4332 in
687 4257 850 4356 cappella
868 4258 1043 4356 predicta,
1070 4264 1166 4356 Papa
1189 4267 1371 4357 prasente.

60 4379 184 4456 Etcum
199 4392 362 4460 oratores
376 4387 508 4460 ducum
525 4387 701 4460 Sabaudie
718 4391 754 4460 et
773 4385 965 4460 Mediolani
982 4387 1018 4459 in
1033 4409 1180 4460 camara
1194 4385 1374 4483 papagalli

60 4502 178 4582 iterum
194 4533 304 4607 super
317 4511 564 4609 procedentia,
582 4513 654 4586 sive
669 4511 729 4609 qui
745 4509 883 4609 primus
900 4535 1025 4586 eorum
1040 4512 1150 4586 missa
1167 4511 1373 4600 interesset,

61 4635 320 4727 contenderent,
339 4646 482 4711 oratore
502 4637 601 4712 ducis
624 4637 815 4711 Mediolani
840 4644 1024 4712 asserente
1049 4637 1146 4734 quod
1165 4637 1235 4712 hac
1256 4636 1375 4711 domi-

62 4757 131 4831 nica
151 4759 270 4857 ipsum
287 4763 470 4860 tangebat,
492 4769 531 4837 ut
553 4763 727 4838 interesse
750 4763 865 4860 possit
879 4764 983 4860 juxta
1004 4760 1169 4836 ordinem
1193 4761 1238 4836 da
1263 4762 1374 4837 aller-

62 4883 140 4954 natis
153 4885 290 4959 uicibus
304 4886 478 4961 veniendo
490 4912 554 4984 per
568 4891 631 4962 SS.
651 4893 693 4962 u.
713 4893 753 4964 N.
771 4888 906 4979 datum,
926 4895 961 4962 et
976 4887 1054 4962 aliis
1073 4887 1376 4986 respondentibus

63 5007 146 5096 quod
173 5031 236 5084 eos
266 5009 441 5086 interesse
472 5011 616 5089 deceret
642 5038 707 5112 pro
737 5038 781 5090 eo
816 5013 913 5111 quod
944 5012 1136 5111 episcopus
1165 5012 1376 5086 Bellicensis

64 5126 209 5222 ipsorum
228 5146 334 5236 caput
355 5137 568 5232 celebraret,
594 5143 663 5216 SS.
690 5145 733 5214 ll.
758 5145 800 5216 N.
823 5137 1003 5216 mandavit
1025 5137 1123 5236 quod
1144 5144 1273 5220 neutra
1295 5161 1378 5236 pars
