3436 6038
75 503 178 570 {octobre
191 499 257 564 llas]
380 491 759 554 aunual'unssannaun
783 493 1047 554 COMMENTARll.
1324 497 1380 554 alr.

72 650 283 753 quadraginta
307 657 445 750 septem
470 648 671 744 intortieia,
697 652 815 728 adhuc
841 674 969 726 novem
993 655 1032 725 ut
1055 648 1092 723 io
1116 651 1232 726 totum
1256 659 1378 727 essent

72 779 234 877 sexaginta
251 801 325 867 sex,
344 777 442 875 quod
467 775 588 852 statim
602 777 736 852 lactum
755 784 821 853 est.

106 905 242 980 [luobus
256 905 387 978 diebus
399 903 589 978 dominicis
605 905 841 995 intermediis,
858 903 1025 978 videlieet
1041 910 1167 978 octava
1182 909 1219 979 et
1234 901 1375 979 decima

68 1033 171 1130 quinta
189 1031 358 1122 octobris,
387 1051 460 1104 non
488 1029 633 1104 luerunt
661 1030 754 1107 dicte
779 1031 888 1104 misse
908 1053 974 1126 pro
995 1027 1173 1104 defunctis
1193 1029 1230 1102 in
1251 1037 1372 1119 cantu,

68 1157 251 1254 sodalique
281 1156 388 1229 basse
413 1155 527 1246 lecte,
566 1155 644 1230 aliis
667 1163 787 1231 autem
825 1160 964 1253 septem
992 1154 1120 1229 diebus
1151 1153 1375 1261 intermediis

67 1281 235 1358 celebrarit
257 1283 406 1356 missam
425 1284 603 1380 majorem
626 1277 678 1356 ll.
693 1287 734 1356 P.
757 1285 801 1355 b.
818 1282 918 1361 Titus
943 1281 1133 1378 episcopus
1156 1281 1373 1386 Castrensis,

66 1415 178 1507 etpost
194 1407 355 1518 missam,
379 1407 543 1500 absolvit,
564 1407 698 1506 ac[alia
720 1407 816 1482 laeta
840 1413 923 1481 sunt
944 1427 1045 1482 more
1065 1413 1243 1481 consueto
1267 1430 1376 1482 :cera

66 1533 448 1630 eisdemdiebuaparce
464 1533 549 1606 satis
565 1533 771 1632 dispensata
787 1541 857 1608 est.
965 1531 970 1538 '
1278 1531 1283 1538 ’

105 1659 197 1732 Faria
210 1658 329 1749 tertia,
350 1664 394 1732 10
411 1657 547 1732 mensis
563 1659 734 1752 octobris,
752 1667 834 1757 post
849 1656 1052 1757 prandium,
1069 1658 1166 1733 venit
1181 1660 1227 1734 ad
1240 1661 1373 1735 Urbem

65 1791 98 1858 R.
114 1791 148 1860 l‘.
166 1785 414 1885 aepiscopus
433 1785 720 1879 Puteolanensis,
744 1795 866 1862 orator
881 1788 1097 1865 Fordinandi
1119 1789 1214 1888 regis
1231 1791 1374 1886 Neapo-
1450 1869 1455 1880 ¹

63 1911 159 2002 lilani,
179 1913 237 2008 qui
255 1913 302 1988 ab
329 1911 506 2008 aliquibus
531 1912 674 1986 familiis
695 1913 930 1988 cardinalium
951 1915 1227 2013 particularibus
1249 1914 1373 1989 amicis

65 2047 211 2136 receptus
225 2039 291 2114 luit
315 2045 352 2114 et
377 2061 490 2135 usque
517 2039 563 2114 ad
585 2035 735 2114 domum
754 2039 985 2115 habitationis
1008 2065 1086 2134 sue,
1110 2049 1149 2117 ut
1167 2041 1279 2116 moris
1304 2048 1372 2133 est,

65 2161 253 2236 associatus.
1310 2163 1312 2168 ’

104 2289 226 2362 lladem
255 2289 315 2364 die
334 2288 470 2363 novitas
494 2289 590 2363 faeta
615 2295 669 2364 est
698 2287 736 2362 in
758 2287 899 2363 civitate
921 2290 1155 2386 Aquilonensi
1179 2315 1285 2389 quam
1314 2317 1376 2366 rex

67 2415 293 2490 Ferdinandus
326 2417 392 2488 sub
424 2439 490 2490 sua
519 2415 676 2489 dictione
699 2413 883 2507 rehabuit,
913 2439 983 2512 que
1014 2416 1114 2514 prius
1145 2417 1306 2492 Ecclesia
1337 2441 1375 2492 se

67 2540 280 2630 submiserat3
305 2548 342 2615 et
357 2541 567 2615 interlectos
588 2547 642 2613 est
663 2545 706 2614 D.
724 2541 970 2638 Vespasianus
992 2541 1036 2616 de
1055 2541 1240 2640 Gagliollis
1258 2539 1378 2617 arciri-

67 2667 218 2741 diaconus
237 2667 458 2766 Aquilensis,
487 2668 582 2742 sedis
610 2665 807 2765 apostolice
831 2666 1113 2765 protonotarius
1141 2674 1249 2766 caput
1271 2668 1398 2757 unius,

67 2791 172 2886 partis,
202 2817 285 2868 cum
317 2791 478 2890 pluribus
504 2791 720 2888 sequacibus
748 2789 833 2883 suis,
865 2799 971 2888 prout
990 2793 1155 2890 sequenti
1182 2793 1240 2868 die
1263 2797 1377 2868 Rome

68 2921 192 3012 recepte
206 2915 313 2992 litere
328 2917 543 2990 docuerunt.

107 3041 199 3116 Feria
227 3043 349 3132 tertia,
377 3048 417 3116 ll
449 3041 584 3116 mensis
611 3041 782 3134 octobris,
807 3041 929 3116 habite
959 3050 1042 3118 sunt
1072 3044 1195 3118 ultime
1225 3044 1376 3141 exequie

67 3164 146 3240 bone
164 3167 341 3243 memorie
365 3167 555 3242 cardinalis
579 3167 764 3265 Agriensis
788 3193 796 3241 :
819 3171 944 3242 Rmus.
963 3172 1006 3242 D.
1025 3164 1215 3244 cardinalis
1240 3169 1378 3244 Recha·

69 3290 206 3366 ratensis
230 3292 426 3368 celebravit
449 3293 609 3367 missam.
626 3293 867 3368 lnterluerunt
882 3293 1006 3366 RRmi.
1024 3295 1099 3367 bl).
1118 3318 1148 3368 s.
1165 3293 1374 3386 Clementis,

68 3415 103 3490 de
124 3421 330 3512 Comitibus,
358 3419 542 3509 Senensis,
566 3443 595 3492 s.
621 3419 780 3516 Georgii,
802 3419 848 3494 de
871 3418 1035 3511 Sabellis,
1057 3419 1101 3494 de
1125 3419 1312 3508 Columna,
1331 3419 1375 3492 de

69 3543 185 3618 Ursinis
216 3553 252 3621 et
275 3545 453 3621 Ascanius
475 3571 482 3618 :
503 3544 733 3620 absolverunt
759 3552 842 3641 post
871 3545 1020 3620 missam
1055 3568 1139 3619 cum
1168 3543 1375 3618 celebrante

67 3669 126 3740 llll.
146 3674 218 3745 bu.
236 3671 551 3747 vicecancellarius
572 3676 608 3744 et
628 3671 897 3769 andegavensis
923 3669 1096 3769 episcopi,
1123 3695 1153 3743 s.
1181 3669 1376 3744 Clementis

67 3797 95 3866 et
108 3794 146 3869 de
160 3797 357 3872 Comitibus
372 3796 574 3896 presbyteri
591 3797 805 3871 cardinales.
823 3797 902 3870 Alia
917 3797 1038 3871 omnia
1052 3803 1136 3870 sunt
1148 3797 1249 3870 more
1270 3796 1375 3870 solito

67 3917 244 4000 observata.
759 3921 761 3928 ⁴

104 4047 138 4118 l'n
150 4049 286 4146 capella
299 4047 507 4139 Sabellium,
523 4049 715 4146 nonlonge
728 4073 750 4124 a
764 4049 877 4123 choro
890 4048 1128 4123 cardinalium,
1141 4047 1207 4122 luit
1219 4047 1376 4144 reposita

65 4190 134 4244 cera
148 4197 213 4270 que
230 4175 382 4272 singulis
400 4173 526 4250 diebus
541 4175 578 4248 ia
601 4175 756 4250 eeclesia
775 4175 842 4249 luit
865 4175 1067 4249 distributa.

103 4298 196 4374 l‘eria
210 4307 350 4397 quarta,
371 4305 414 4374 18
431 4300 566 4374 mensis
592 4301 763 4392 octobris,
782 4302 818 4374 in
834 4300 972 4398 capella
990 4301 1126 4397 majore
1146 4299 1281 4396 palatii,
1299 4299 1377 4395 qui-

63 4418 131 4494 dam
145 4424 334 4524 episcopus
350 4425 543 4500 celebravit
556 4425 705 4500 missam
719 4427 899 4523 publicam
915 4449 981 4524 pro
995 4425 1114 4498 anima
1128 4426 1224 4498 bone
1237 4447 1375 4499 memo·

64 4543 104 4617 rie
115 4549 281 4625 lobannis
302 4551 440 4625 titulis.
460 4551 592 4626 Sabine
608 4551 811 4651 presbyteri
826 4551 1016 4627 cardinalis
1036 4550 1281 4624 Gerundensis
1295 4549 1375 4624 vul-

64 4671 178 4762 gariter
190 4675 399 4774 nuncupati,
419 4677 618 4753 secundum
641 4677 941 4753 consuetudinem
963 4675 1101 4774 capelle
1117 4683 1254 4767 nostre,
1278 4680 1375 4774 Papa

64 4801 91 4864 et
108 4799 173 4871 llll.
193 4804 269 4876 Db.
292 4802 558 4878 Rechanatensi
578 4811 615 4878 el
635 4803 801 4896 Senensi,
824 4829 854 4878 s.
879 4803 1087 4893 Clementis
1105 4801 1150 4876 de
1175 4802 1372 4876 Comitibus

65 4921 284 5000 cardinalibus
304 4951 347 5002 ao
370 4951 433 5003 sex
449 4929 627 5027 episcopis
653 4933 791 5004 tantum
810 4935 844 5003 et
859 4928 1084 5026 paucissimis
1100 4927 1316 5003 officialibus
1330 4953 1372 5003 ac

64 5046 274 5126 cubiculariis
289 5055 533 5151 presentibus.

103 5175 188 5271 Papa
201 5180 296 5255 venit
316 5179 352 5254 in
370 5203 485 5278 cappa
501 5187 537 5258 et
551 5181 674 5273 mitra3
693 5183 757 5256 sed
771 5187 852 5280 post
868 5183 1029 5273 missam,
1045 5181 1181 5258 sibene
1206 5181 1369 5271 memini,
