3600 6094
106 487 175 537 tdodt
190 485 259 570 uoq
428 483 801 543 RERUM-URBANARUM
821 485 1083 546 COMMENTARII.
1390 491 1424 548 61

106 645 169 738 Ego
195 641 239 714 ad
270 639 405 714 ostium
430 639 547 737 prime
580 639 661 714 aule
686 640 935 715 custodiebam
966 641 1029 732 ita,
1063 643 1158 738 quod
1184 643 1279 718 inter
1307 644 1426 718 aulam

104 767 248 854 tertiam,
265 765 304 838 in
326 789 396 861 qua
415 765 716 863 congregationes
741 765 890 858 fiebant,
914 772 1043 858 etms,
1070 773 1148 842 erat
1168 769 1326 843 secunda
1345 769 1426 843 aula

102 893 221 980 media,
246 897 284 965 et
306 892 393 964 dum
419 915 479 965 me
499 913 628 966 vocare
652 892 832 982 volebant,
857 893 1118 990 campanellam
1143 895 1308 992 pulsabat
1335 919 1427 968 uuus

103 1024 132 1092 ct
148 1017 235 1090 alter
255 1016 508 1108 cardinalium,
538 1017 647 1114 aliqui
671 1017 738 1090 soli
760 1018 798 1090 in
821 1017 959 1094 cellulis
985 1019 1059 1092 suis
1086 1019 1337 1110 comedebant,
1367 1019 1428 1094 alii

103 1165 178 1214 cum
192 1141 271 1214 aliis
287 1165 330 1231 rr,
349 1165 404 1231 rrr,
424 1165 479 1214 rrrr
494 1140 549 1214 vel
565 1141 688 1236 plures
703 1141 823 1215 simul.

144 1271 291 1340 Peracto
320 1266 492 1364 prandio,
524 1265 582 1340 die
611 1266 750 1339 sabbati
777 1265 941 1362 predicta
970 1273 1015 1341 98
1045 1267 1198 1366 augusti,
1223 1270 1316 1343 lacte
1346 1273 1428 1342 sunt

103 1392 230 1466 diverse
260 1392 422 1490 practice
449 1390 497 1492 (l)
534 1397 571 1464 et
596 1393 743 1466 tandem
773 1415 851 1466 xvrr
878 1395 934 1468 vel
963 1395 1072 1486 circa,
1102 1400 1319 1470 RRmorum.
1347 1399 1422 1469 DD.

104 1517 332 1593 cardinalium
347 1523 432 1590 vota
447 1516 601 1591 adducta
615 1516 652 1589 iu
662 1517 822 1590 favorem
831 1519 924 1592 Rmi.
937 1525 979 1594 Ι).
992 1521 1184 1596 cardinalis
1199 1521 1425 1611 Mellitensis,

104 1643 157 1740 qui
171 1642 206 1715 in
219 1646 330 1715 nocte
346 1641 524 1738 sequenti,
541 1647 624 1716 aute
639 1642 767 1716 boram
784 1649 922 1720 sextam
937 1647 1068 1738 noctis,
1082 1647 1217 1745 incepit
1232 1648 1268 1720 in
1284 1671 1429 1721 camera

105 1793 163 1844 sua
176 1767 320 1866 signare
336 1765 615 1864 supplicationes
632 1769 678 1842 ad
691 1769 897 1846 instantiam
913 1774 1150 1871 quorumdam
1170 1749 1425 1864 cardinalium

104 1898 305 1994 genuflexus
323 1925 516 2000 superuno
533 1925 641 2000 genu,
664 1901 943 1998 supplicationes
964 1923 1073 1996 super
1093 1899 1249 1995 quodam
1270 1898 1427 1973 lorcerio

105 2031 178 2098 ante
202 2049 240 2100 se
264 2027 402 2124 positas
427 2027 604 2124 signabat,
630 2025 871 2100 cardinalibus
893 2023 1070 2120 aliquibus
1097 2023 1424 2112 circumstantibus,

105 2150 157 2244 qui
177 2150 382 2247 signaturas
402 2151 610 2249 hujusmodi
632 2152 804 2248 petebant
822 2155 858 2223 et
877 2151 1136 2247 expectabant3
1157 2146 1364 2246 supervenit
1383 2143 1428 2220 ad

105 2273 166 2347 boc
180 2279 303 2350 Rmus.
319 2281 361 2350 Ι).
374 2277 564 2352 cardinalis
581 2277 765 2365 Senensis,
779 2276 839 2373 qui
854 2274 1059 2372 hujusmodi
1072 2275 1193 2348 videns
1209 2271 1426 2348 subridendo

107 2397 183 2474 dixit
204 2425 212 2474 :
237 2431 254 2469 <r
280 2401 412 2488 (luceto
433 2427 474 2476 oo
494 2425 679 2492 arcuerao,
704 2403 738 2476 cl
747 2425 845 2498 popo
865 2423 907 2473 oo
928 2400 1109 2498 separando
1131 2401 1168 2473 in
1185 2396 1423 2498 piooccdionc,

106 2527 275 2600 crucicle
291 2527 552 2617 domandiornq
567 2529 692 2601 sonmo
707 2527 793 2600 riui.
815 2557 832 2594 a

148 2652 335 2726 Dominica
349 2656 395 2726 29
411 2653 549 2750 augusti
564 2652 731 2750 predicti,
749 2653 842 2728 festo
858 2652 1106 2729 decollationis
1129 2675 1157 2724 s.
1177 2653 1232 2723 Jo.
1252 2649 1425 2747 Baptista,

108 2799 235 2850 summo
254 2801 379 2868 mane,
405 2783 528 2852 Rmus.
562 2782 604 2851 Ι).
637 2777 827 2852 cardinalis
857 2805 887 2852 s.
916 2777 1027 2850 Marci
1057 2773 1250 2850 celebravit
1278 2773 1427 2848 missam

106 2902 264 2996 privatam
279 2925 347 3000 pro
362 2902 551 2976 devotione
576 2927 640 2976 sua
660 2901 697 2973 in
716 2925 823 2999 parua
844 2901 1019 3000 cappella,
1036 2907 1142 2998 prout
1157 2901 1265 2974 etiarn
1287 2899 1426 2976 duobus

108 3027 327 3121 sequentibus
343 3027 497 3117 lecerat;
515 3027 646 3101 deinde
662 3026 759 3101 circa
773 3027 902 3100 boram
918 3026 1110 3116 decimam,
1129 3023 1296 3098 omnibus
1312 3023 1427 3096 cardi-

107 3151 231 3226 nalibus
247 3154 284 3226 in
305 3153 467 3252 cappella
485 3177 593 3251 parva
614 3154 788 3250 predicta,
811 3153 847 3224 in
868 3151 940 3224 suis
961 3149 1141 3247 capucciis
1157 3155 1193 3222 et
1213 3147 1368 3221 craculis
1383 3171 1425 3220 ac

107 3275 188 3366 beri,
211 3279 337 3352 ordine
362 3279 480 3376 posito
506 3277 694 3369 stantibus,
725 3278 874 3352 sacrista
901 3281 1026 3350 noster
1055 3273 1248 3348 celebrarit
1278 3270 1426 3344 missam

108 3401 244 3495 Spiritus
259 3404 375 3477 sancti
391 3428 474 3477 curn
490 3404 849 3493 commemoratione,
872 3408 910 3474 ut
931 3399 1024 3491 beri,
1048 3423 1119 3496 qua
1138 3387 1240 3470 finita
1259 3419 1427 3494 prepara-

106 3524 205 3600 rimus
219 3553 365 3626 parram
387 3553 551 3603 mensam
571 3537 608 3605 et
630 3529 787 3604 scabella
808 3553 890 3603 curn
906 3529 981 3602 suis
1001 3525 1212 3614 attinentiis,
1230 3521 1373 3610 utheri,
1390 3527 1427 3594 et

107 3653 256 3726 eamdem
288 3654 487 3750 cappellam
517 3653 690 3728 exivimus
720 3677 865 3745 omnes,
897 3652 1138 3729 cardinalibus
1173 3649 1257 3722 solis
1290 3646 1425 3719 ibidem

107 3773 246 3850 dimissis
266 3785 304 3851 et
328 3779 494 3852 omnibus
513 3780 747 3853 conclavistis
770 3779 808 3852 in
832 3778 995 3876 cappella
1016 3777 1158 3873 majore
1175 3772 1337 3849 reclusis.
1357 3771 1424 3858 Qui

107 3897 235 3974 iuterim
255 3927 316 3976 res
339 3927 421 3978 suas
444 3910 739 4002 composuerunt,
767 3927 928 3977 cameras
959 3902 1224 3976 demandarunt
1254 3905 1290 3972 et
1306 3897 1427 3971 omnia

108 4045 160 4096 sna
175 4027 276 4102 simul
295 4028 424 4126 singuli
446 4029 683 4127 collegerunt,
705 4029 865 4127 exceptis
886 4027 1113 4102 conclavistis
1134 4023 1345 4100 ltlelliteusis
1365 4021 1425 4118 qui

108 4171 274 4228 cameram
313 4153 450 4227 domini
491 4155 544 4228 sui
584 4178 666 4228 cum
704 4153 809 4228 bonis
852 4152 1151 4228 conclavistarum
1188 4149 1421 4246 reliquerunt.

109 4275 298 4354 Cardinales
322 4279 359 4352 iu
390 4278 553 4376 cappella
576 4300 684 4376 parva
705 4279 869 4353 lecerunt
898 4277 1124 4368 scrutinium,
1150 4274 1304 4365 utheri,
1330 4269 1427 4346 nulla

110 4402 213 4477 tumen
236 4404 282 4478 de
310 4403 519 4479 accessione
552 4404 737 4480 mentione
762 4403 869 4478 lacta.
897 4406 1006 4478 Facto
1033 4401 1220 4490 scrutinio,
1245 4404 1426 4495 repertum

110 4529 155 4596 ost
176 4530 312 4602 ltmum.
337 4533 380 4602 Ι).
405 4530 607 4604 lohannem
630 4529 684 4602 tit.
715 4553 744 4602 s
770 4528 901 4604 Cecilic
928 4529 1180 4628 presbyterum
1207 4523 1426 4598 cardinalem

109 4647 330 4728 llelfitensem
343 4654 586 4753 competentia
600 4659 681 4728 rota
699 4653 849 4744 habere,
866 4659 1060 4752 propterea
1075 4652 1171 4724 idern
1191 4649 1236 4724 ab
1258 4647 1424 4722 omnibus

139 4905 161 4962 Ι.
177 4908 226 4967 Ces
238 4910 377 4984 pmtiques
392 4927 446 4984 que
461 4909 603 4968 Burcbard
617 4926 652 4967 ne
675 4909 724 4967 lait
744 4926 798 4984 que
821 4908 993 4965 mentionner
1015 4910 1081 4964 sont
1094 4907 1178 4964 mices
1201 4923 1235 4964 en
1250 4905 1361 4964 lumiere
1377 4921 1425 4980 par

112 4991 230 5056 Intessura
240 4999 323 5073 (dans
333 5000 460 5065 Eccacd„
472 5007 494 5058 1.
514 5001 549 5068 ΙΙ,
563 5000 615 5057 col.
632 5000 714 5073 1997)
727 5007 755 5057 et
769 4997 929 5056 confirmees
949 5014 999 5071 par
1013 4997 1051 5053 les
1071 4997 1207 5071 deptcbes
1217 4997 1267 5054 des
1283 4996 1427 5054 ambassa-

111 5081 187 5144 dcurs.
212 5090 292 5165 (ch.
313 5089 457 5146 Petrucelli
475 5090 546 5148 della
567 5090 686 5158 Gottina,
712 5090 791 5146 Hist.
810 5091 962 5160 diplomat.
986 5090 1033 5144 dec
1050 5089 1213 5146 Conctcves.
1235 5085 1325 5157 Paris,
1343 5085 1422 5147 1861,

112 5173 179 5234 lrol.
190 5179 258 5250 ΙΙΙ-8,
274 5185 294 5236 t.
308 5180 328 5246 l,
344 5197 373 5253 p.
389 5179 443 5236 297
455 5185 482 5236 et
496 5179 647 5247 suivantes,
663 5185 691 5236 et
704 5183 722 5236 a
733 5178 912 5253 l'Appeudice
926 5177 967 5236 les
980 5187 1024 5237 no·
1041 5177 1073 5234 13
1089 5181 1105 5236 d
1123 5178 1182 5252 25.)
