3424 6038
73 475 203 542 [beamus
216 476 285 540 ¹488]
371 473 497 533 RERUM
521 471 750 532 URBANARUM
774 473 1037 534 COMMENTAHH.
1323 477 1377 534 327

69 635 101 705 Ι).
119 627 300 704 cardinalis
321 654 351 704 s.
374 629 570 704 Clementis
588 629 779 705 celebravit
800 628 950 704 missam
974 629 1156 727 publicam
1177 630 1213 704 in
1235 630 1373 728 capella

66 757 181 852 majore
196 754 315 852 palatii
328 755 514 852 apostolici
529 756 622 854 apud
639 780 669 828 s.
689 759 849 845 Petrum,
871 757 970 852 Papa
983 755 1148 845 absente,
1166 755 1374 851 quindecim

65 905 98 954 ex
111 879 244 954 ltllmis.
262 883 338 954 DD.
357 880 596 954 cardinalibus
615 879 856 977 presentibus,
879 881 974 954 Dixit
990 888 1145 976 quatuor
1160 879 1343 954 orationes
1363 907 1370 952 :

62 1005 207 1102 primam,
224 1004 268 1077 de
293 1003 491 1094 dominica;
515 1005 644 1078 deinde
668 1007 758 1080 Deus
776 1006 838 1102 qui
857 1005 900 1078 dc
923 1006 1019 1078 beate
1032 1005 1163 1095 Murio,
1183 1016 1263 1095 etc,
1280 1004 1375 1078 Deus

62 1131 197 1202 omnium
221 1128 384 1226 fidelium
412 1141 448 1202 et
471 1129 630 1204 Ecclesia
655 1141 724 1220 tue,
756 1153 864 1224 quam
890 1129 978 1203 dixit
1002 1137 1130 1204 contra
1153 1129 1371 1208 voluntatem

62 1277 160 1328 meam
175 1255 282 1330 :dixit
293 1260 414 1328 autem
424 1255 523 1351 quod
529 1256 632 1352 juxta
641 1277 781 1328 morem
793 1255 930 1351 capelle
942 1261 1064 1329 nostre
1076 1261 1202 1330 contra
1212 1277 1372 1352 paganos

61 1380 177 1454 diceret
189 1381 346 1470 tertiam,
361 1387 525 1476 quartam
540 1403 605 1478 pro
628 1378 812 1477 pontifice.
838 1380 909 1452 Sed
931 1379 1000 1453 sibi
1019 1379 1069 1453 ita
1088 1378 1208 1452 dicere
1224 1378 1369 1477 placuit.

60 1508 252 1578 Sermonem
265 1505 350 1580 lecit
365 1504 724 1602 procuratorordinis
736 1529 767 1580 s.
785 1504 972 1600 Augustini
987 1503 1232 1578 eremitarum.
1245 1503 1374 1576 Omnia

61 1632 116 1704 alia
129 1631 316 1705 observata
330 1637 410 1703 sunt
426 1654 527 1705 more
544 1639 733 1705 consueto.

98 1757 280 1830 Dominiea
301 1764 430 1854 quarta
457 1756 645 1845 adventus,
683 1761 724 1827 21
760 1755 896 1828 mensis
930 1755 1147 1844 decembris,
1182 1754 1313 1827 festum
1343 1777 1373 1828 s.

59 1881 178 1954 Thome
189 1879 360 1978 apostoli,
377 1886 420 1981 lt.¹
438 1885 479 1954 P.
498 1885 542 1956 D.
558 1881 720 1955 Tiberius
742 1881 1037 1977 archiepiscopus
1052 1879 1259 1976 Sipontiuus
1275 1879 1371 1952 cele-

59 2005 152 2079 bravit
165 2005 315 2082 missam
337 2007 517 2104 publicam
535 2005 726 2103 in'capella
741 2005 904 2103 predicta
929 2005 973 2078 de
990 2004 1172 2078 dominica
1192 2027 1374 2100 eumqua-

58 2139 124 2202 tuor
141 2130 363 2204 orationibus
378 2137 487 2228 prout
507 2130 544 2202 in
569 2129 817 2220 ceremoniali,
841 2134 937 2226 Papa
957 2129 1120 2220 absente,
1147 2137 1183 2202 et
1198 2128 1372 2202 tredecim
1466 2180 1477 2204 .

57 2280 92 2326 ex
116 2255 355 2329 cardinalibus
370 2255 612 2354 presentibus.
632 2258 845 2328 Sermonem
865 2253 951 2329 lecit
977 2254 1089 2329 irater
1109 2253 1245 2328 ordinis
1266 2254 1372 2327 beate

59 2379 153 2454 llarie
177 2381 221 2455 de
249 2385 372 2454 Monte
389 2379 567 2454 Carmelo.
590 2379 670 2453 Alia
685 2379 807 2452 omnia
825 2387 906 2452 sunt
922 2403 1023 2454 more
1042 2379 1148 2453 solito
1165 2379 1370 2453 observata.
1470 2417 1472 2421 ·

96 2505 221 2578 Eadem
241 2505 314 2596 die,
333 2505 369 2578 in
386 2503 543 2578 ecclesia
558 2528 588 2576 s.
613 2503 737 2577 Jacobi
756 2503 944 2601 hospitalis
967 2505 1224 2600 Hispanorum,
1245 2508 1369 2577 Rmus.

62 2633 94 2700 Ι).
110 2630 299 2704 cardinalis
318 2629 587 2726 Andagaveusis
607 2627 651 2702 de
668 2629 838 2702 mandato
855 2632 916 2704 SS.
937 2633 979 2703 Ι).
1002 2634 1044 2704 N.
1067 2654 1173 2728 pape,
1186 2629 1260 2702 vive
1275 2630 1373 2704 vocis

60 2754 187 2828 oraculo
204 2756 273 2828 sibi
289 2755 397 2848 lacto,
416 2755 667 2830 assistentibus
685 2755 752 2829 sibi
774 2755 979 2830 reverendis
1001 2757 1037 2829 in
1053 2757 1195 2830 Christo
1211 2756 1372 2854 patribus

59 2880 120 2950 DD.
136 2881 305 2956 Ardiciuo
321 2881 511 2972 aleriensi,
530 2885 567 2954 et
587 2878 799 2954 Antoniotto
814 2881 979 2954 duriensi
1000 2882 1180 2978 episcopis
1202 2885 1307 2955 Rmo.
1325 2885 1369 2954 Ι).

59 3002 337 3082 vicecancellario
356 3011 538 3105 presente,
564 3006 785 3080 consecravit
808 3009 851 3078 R.
877 3006 913 3078 in
937 3007 1077 3080 Christo
1098 3010 1137 3079 P.
1161 3010 1204 3079 D.
1223 3009 1375 3080 Bernar-

59 3127 166 3202 dinum
190 3133 352 3230 Carvajal
385 3132 596 3229 episcopum
625 3131 893 3206 Astoriceusem
920 3131 1141 3206 serenissimi
1170 3131 1263 3226 regis
1291 3131 1373 3204 llis-

59 3254 147 3346 panie
160 3256 195 3328 in
212 3256 310 3332 Urbe
326 3263 507 3330 oratorem
523 3262 559 3329 et
575 3256 606 3329 ei
624 3279 755 3332 munus
781 3257 1065 3346 consecrationis
1084 3256 1260 3354 impendit
1272 3278 1372 3329 more

59 3377 159 3456 solito.
176 3383 329 3456 Missam
349 3381 435 3456 dixit
449 3381 486 3454 in
498 3389 606 3456 cantu
622 3381 713 3456 de...

99 3509 348 3606 Feriaquarta,
368 3513 414 3582 24
429 3507 647 3596 decembris,
675 3507 795 3604 vigilia
818 3508 1012 3582 nativitatis
1035 3511 1078 3581 D.
1106 3511 1149 3580 N.
1176 3511 1193 3580 J
1200 3563 1207 3581 .
1227 3505 1372 3598 Christi,

60 3633 167 3705 Rmus.
194 3638 238 3708 D.
262 3633 592 3723 vicecancellarius,
621 3641 764 3732 paratus
788 3636 933 3726 amictu,
961 3635 1055 3724 alba,
1082 3633 1240 3730 cingulo,
1267 3657 1375 3708 cruce

60 3759 230 3852 pectorali,
251 3761 354 3852 stola,
375 3759 516 3856 pluviali
538 3759 708 3863 pastorali
728 3785 772 3832 ex
793 3761 916 3858 perlis,
942 3761 1048 3835 mitra
1063 3767 1097 3835 et
1114 3759 1247 3833 annulo
1261 3759 1377 3856 ponti-

60 3878 152 3973 ficali,
170 3885 205 3956 in
219 3885 371 3958 basilica
390 3909 420 3957 s.
439 3884 550 3968 Petri,
574 3887 671 3982 Papa
687 3885 850 3973 absente,
872 3883 1113 3958 cardinalibus
1130 3883 1372 3982 presentibus,

62 4005 132 4081 lecit
144 4009 304 4084 officium
319 4009 564 4107 vespertinum
581 4010 707 4084 ordine
719 4017 909 4084 consueto.

103 4135 256 4210 lunocte
271 4137 449 4232 sequenti,
473 4141 597 4210 Rmus.
624 4139 666 4209 D.
690 4135 882 4210 cardinalis
907 4134 1191 4210 Recbanateusis
1210 4135 1246 4206 in
1262 4157 1378 4232 eappa

65 4280 119 4330 sua
138 4261 365 4351 cardinalari,
392 4262 429 4334 in
453 4261 654 4334 faldistorio
681 4269 855 4336 consueto
879 4263 917 4334 in
941 4283 1054 4335 cornu
1079 4257 1230 4356 epistole
1254 4257 1376 4332 altaris

66 4385 181 4477 posito,
207 4387 348 4484 peregit
376 4385 535 4459 osticium
560 4387 783 4477 matutinale,
811 4393 908 4484 Papa
929 4387 1101 4474 absente,
1123 4384 1266 4460 RRmis.
1297 4387 1373 4458 DD.

68 4508 238 4585 Parmensi
257 4512 483 4610 presbytero,
514 4511 559 4584 de
589 4515 701 4602 Fuxo,
727 4537 756 4585 s.
783 4513 925 4608 Georgii
953 4510 1113 4586 diaconis
1139 4509 1378 4583 cardinalibus

67 4637 291 4726 presentibus.
322 4640 495 4710 Cantores
512 4641 647 4710 stantes
669 4637 704 4709 in
725 4637 836 4710 choro
856 4635 1094 4710 cardinalium
1113 4633 1279 4706 dixerunt
1297 4641 1378 4708 octo

66 4754 225 4836 lectiones
249 4761 379 4858 quibus
405 4740 595 4836 cardinalis
615 4762 900 4836 Recbanateusis
920 4759 1273 4848 benedixit3110nam
1293 4759 1382 4833 dixit

68 4880 133 4977 lpse
148 4887 428 4961 Recbanateusis
447 4887 484 4960 in
502 4887 585 4960 loco
597 4887 699 4983 juxta
715 4909 819 4958 suum
835 4883 1073 4958 faldistorium
1088 4883 1304 4982 predictum,
1322 4883 1380 4958 cui

68 5007 234 5086 benedixit
253 5012 445 5086 cardinalis
466 5013 672 5086 Parmensis
697 5011 732 5084 in
759 5010 841 5085 loco
864 5035 930 5083 suo
957 5010 993 5082 in
1017 5009 1132 5083 banco
1148 5009 1381 5083 cardinalium

72 5141 169 5210 stans.
194 5139 308 5212 Finita
336 5159 431 5210 none
462 5139 632 5225 lectione,
669 5139 765 5212 idem
804 5137 1088 5212 Recbanateusis
1122 5142 1219 5212 stans
1251 5136 1381 5210 eodem
