3508 6034
299 433 351 490 456
714 471 718 476 -
753 430 929 489 JOHANNIS
954 431 1176 502 BURCHARDI,
1467 425 1547 479 [Man
1560 428 1631 488 {ml

299 595 435 674 tamen,
450 585 534 680 quia
548 585 639 658 duos
655 585 863 660 assistentes
883 587 1060 662 debebam
1078 586 1187 661 etiam
1205 607 1365 675 vocasse,
1387 589 1428 656 ut
1446 581 1634 658 venissent

293 710 345 784 'ad
360 710 600 784 assistendum
615 710 771 783 interim.
791 713 950 807 Recepta
962 711 1007 785 ad
1024 711 1188 786 osculum
1203 707 1337 783 familia
1354 707 1531 804 predicta,
1549 730 1634 780 sur-

300 835 391 910 rexit
402 835 562 932 pontifex
578 841 613 908 et
628 835 665 907 in
676 857 822 910 *camere
836 859 1074 910 suareversus
1090 842 1161 922 est;
1180 839 1494 930 quo,peremento
1504 837 1632 918 exuto,
1736 911 1737 916 ,

302 983 429 1032 omnes
444 959 646 1054 cardinales
661 954 861 1056 predictum
876 960 921 1034 de
935 961 1098 1048 Medicis,
1118 983 1162 1033 eo
1184 957 1311 1033 ordine
1331 979 1404 1054 quo
1423 956 1470 1030 de
1491 956 1635 1052 Populo

302 1085 411 1173 venit,
429 1085 474 1158 ad
488 1084 660 1181 palatium
682 1108 788 1158 suum
810 1085 846 1157 in
867 1107 995 1182 campo
1014 1087 1131 1166 Flore,
1154 1085 1191 1157 in
1213 1083 1370 1157 maxime
1388 1081 1510 1179 pluvia
1528 1105 1635 1154 asso·
1736 1151 1737 1156 ,

302 1208 457 1296 cierunt3
475 1209 604 1304 quibus
621 1213 704 1282 ante
728 1209 898 1305 palatium
920 1209 1128 1308 hujusmodi
1148 1209 1186 1282 in
1210 1231 1338 1305 campo
1358 1207 1465 1280 Flore
1487 1228 1555 1303 per
1576 1227 1636 1278 or·
1736 1225 1737 1300 j

301 1333 423 1406 dinem
438 1333 655 1422 constitutis,
673 1333 770 1406 idem
786 1333 991 1422 cardinalis,
1010 1339 1150 1408 retento
1170 1338 1318 1431 propter
1335 1330 1493 1427 pluviam
1513 1329 1552 1404 in
1574 1352 1637 1402 ca·
1736 1333 1737 1338 ’

301 1457 375 1553 pite
404 1457 602 1554 capuccino
633 1481 678 1532 ex
705 1457 856 1531 aliorum
885 1458 1120 1533 cardinalium
1147 1457 1312 1546 consilio,
1344 1456 1495 1552 singulis
1523 1454 1636 1529 etiam
1736 1523 1737 1526 ,

301 1581 540 1678 capuccinum
567 1582 738 1656 suumin
771 1583 887 1680 capite
921 1584 1141 1674 tenentibus,
1170 1605 1216 1657 ex
1243 1605 1346 1654 more
1376 1577 1635 1676 gratissegi13
1736 1633 1737 1688 p

299 1710 376 1778 tum
405 1712 486 1802 post
514 1707 658 1780 illorum
684 1730 881 1797 recessum,
909 1708 1058 1782 domum
1083 1729 1185 1781 suam
1210 1706 1375 1780 intravit..
1397 1705 1536 1780 Placuit
1563 1703 1636 1777 hoc
1736 1689 1737 1762 ἕ

303 1832 366 1903 SS.
392 1833 434 1903 D.
457 1834 500 1903 N.
518 1831 615 1927 quod
630 1833 813 1928 predictus
830 1833 1021 1906 cardinalis
1037 1833 1094 1906 die
1110 1833 1293 1908 dominica
1305 1833 1374 1908 iret
1395 1833 1442 1908 ad
1456 1831 1637 1929 capellam
1736 1855 1737 1918 ξ

300 1955 371 2030 sive
392 1955 585 2030 eeclesiam
606 1957 710 2030 beate
735 1958 846 2031 Marie
872 1957 916 2032 de
932 1958 1108 2048 Minerva,
1134 1957 1195 2031 ubi
1218 1959 1358 2056 capella
1378 1963 1519 2032 tantum
1537 1965 1632 2047 erat,

300 2080 384 2156 licet
404 2081 639 2156 sanctitatem
663 2105 765 2156 suam
790 2107 832 2156 ac
849 2087 1002 2156 RRmos.
1019 2087 1095 2158 DD.
1117 2083 1319 2156 cardinales
1338 2105 1413 2156 non
1429 2081 1637 2156 visitaverit
1736 2129 1737 2170 3

351 2206 540 2280 Dominica
568 2207 674 2280 tertia
700 2207 989 2305 quadragesime,
1022 2212 1067 2283 25
1096 2207 1183 2282 dicti
1210 2205 1346 2282 mensis
1375 2207 1510 2296 martii,
1540 2207 1637 2282 festo
1736 2239 1737 2278 ;

301 2329 406 2404 beate
417 2331 528 2405 Merie
541 2332 689 2428 virginis
699 2333 1012 2423 AnnunciationiS,
1025 2334 1088 2406 SS.
1104 2336 1147 2406 D.
1159 2336 1202 2406 N.
1215 2333 1362 2406 indutus
1373 2331 1522 2420 amictu,
1537 2329 1635 2418 alba,

301 2453 459 2549 cingulo,
475 2455 674 2551 capuccino
686 2455 768 2528 albo
783 2464 819 2530 et
830 2457 921 2530 stola
931 2479 976 2531 ex
987 2449 1096 2554 perlis
1112 2457 1282 2553 desuper,
1295 2456 1515 2553 precedente
1526 2479 1636 2528 eruce

303 2585 339 2650 et
357 2576 613 2665 cardinalibus,
638 2580 733 2652 venit
753 2579 799 2652 ed
819 2581 1009 2656 ecclesiam
1030 2581 1135 2656 beate
1156 2581 1267 2655 Merie
1292 2603 1402 2677 supra
1421 2579 1633 2666 Mineruam,

303 2703 535 2777 ubiinterfuit
550 2705 660 2778 misse
676 2705 818 2802 publice
842 2727 949 2802 quem
975 2704 1169 2779 celebravit
1187 2709 1229 2777 R.
1254 2707 1294 2776 P.
1318 2706 1361 2776 l).
1383 2701 1472 2776 Cibo
1491 2701 1636 2798 episco-

301 2852 368 2924 pus
383 2828 621 2902 Viterbiensis
646 2830 690 2903 de
711 2829 893 2904 dominica
911 2852 992 2911 cum
1015 2835 1169 2924 quotuor
1190 2829 1269 2904 aliis
1288 2829 1513 2904 orationibus
1532 2853 1634 2904 more

302 2952 407 3025 solito
430 2953 566 3048 absque
597 2953 717 3050 aliqua
740 2953 1087 3028 commemoratione
1112 2954 1157 3028 de
1186 2955 1293 3044 festo,
1321 2961 1357 3029 et
1380 2953 1522 3028 fuerunt
1548 2955 1634 3028 dicti

302 3077 462 3175 episcopi
478 3079 648 3174 primitie.
675 3080 790 3154 Finita
810 3081 934 3170 missa,
959 3085 1055 3176 Papo
1074 3080 1173 3154 dedit
1192 3079 1484 3154 benedictionem
1505 3088 1542 3154 et
1561 3103 1633 3154 non

301 3200 446 3274 fuerunt
461 3203 644 3298 publicate
660 3205 884 3301 indulgentie
900 3205 984 3302 quia
999 3210 1083 3278 sunt
1097 3205 1258 3302 plenarie
1274 3204 1310 3278 in
1321 3211 1427 3302 porta
1437 3205 1630 3302 publicate,

301 3325 473 3422 pontifice
489 3327 540 3401 sic
554 3328 712 3402 volente.
729 3331 971 3402 Accesserant
988 3328 1119 3404 deinde
1139 3329 1340 3402 confratres
1356 3330 1632 3404 confratemita-

301 3451 346 3522 tis
360 3451 585 3526 Annunciate
606 3475 690 3526 cum
711 3453 816 3526 bacili
835 3453 881 3526 ad
897 3453 1120 3550 pontificem,
1136 3459 1172 3526 et
1195 3454 1360 3550 pontifex
1374 3457 1418 3526 ll.
1442 3453 1631 3528 Guillelmo

301 3575 615 3648 Cibocubiculerio
625 3599 690 3648 suo
700 3577 1450 3672 pecuniasobtulit,centumduoatos;tum
1460 3578 1628 3653 Senensis

302 3725 426 3791 unum,
445 3710 480 3776 et
496 3703 714 3775 camerarius
731 3703 872 3790 decem,
891 3702 950 3776 alii
967 3702 1167 3776 cardinales
1183 3705 1291 3798 prout
1303 3702 1505 3792 voluerunt,
1522 3705 1629 3778 Asca-

302 3827 383 3899 nius
399 3831 537 3923 septem
552 3832 587 3899 et
601 3827 759 3901 Medices
772 3827 899 3902 decem
912 3853 919 3917 ;
933 3835 1167 3900 accesserunt
1178 3825 1308 3900 deinde
1318 3827 1502 3900 sexdecim
1513 3826 1627 3925 puelle
1736 3903 1737 3906 ,

301 3951 501 4026 meritande
521 3973 604 4024 cum
620 3952 804 4026 sexdecim
821 3953 1009 4041 matronis,
1034 3962 1069 4027 et
1085 3952 1234 4048 singulis
1253 3951 1417 4048 pontifex
1436 3952 1534 4026 dedit
1547 3951 1627 4024 bur·
1736 3971 1737 4050 t

301 4099 378 4150 sam
401 4100 483 4150 cum
506 4077 657 4172 pecunie
677 4101 778 4153 more
804 4077 908 4151 solito
926 4101 968 4152 ex
985 4077 1109 4166 becili;
1128 4083 1163 4150 et
1179 4076 1311 4174 puella,
1334 4055 1485 4172 recepta
1507 4077 1623 4163 bursa,

301 4201 428 4298 prima,
447 4201 577 4276 deinde
592 4211 760 4276 matrona
774 4203 924 4294 ducens,
942 4202 1074 4298 pedem
1090 4207 1185 4299 Pape
1206 4210 1289 4275 sunt
1309 4201 1537 4290 deosculete;
1552 4207 1622 4274 tum

300 4325 472 4423 pontifex,
491 4326 639 4400 dimisso
661 4327 804 4424 pluviali
821 4333 856 4402 et
871 4327 991 4416 mitra,
1018 4335 1166 4424 recepto
1186 4325 1385 4424 capuccino
1405 4333 1443 4399 et
1460 4325 1560 4414 stola,
1581 4325 1623 4398 ad

300 4451 472 4550 palatium
488 4476 532 4527 eo
546 4453 670 4526 ordine
684 4459 791 4550 prout
805 4461 964 4543 venerat,
980 4453 1171 4526 licentiatis
1185 4457 1268 4549 post
1284 4457 1434 4547 pontem
1450 4475 1481 4523 s.
1502 4449 1621 4546 Angeli

300 4577 539 4651 cardinalibus
556 4602 565 4650 :
580 4578 712 4652 chorus
728 4579 885 4652 Minerve
901 4584 1046 4676 paratus
1067 4577 1133 4651 fuit
1148 4583 1187 4648 ut
1201 4576 1288 4649 alias
1308 4598 1374 4672 pro
1394 4577 1490 4672 Papa
1503 4581 1535 4647 et
1546 4597 1621 4646 car-

300 4701 476 4775 dinalibus
492 4709 631 4776 tantum
654 4727 698 4776 ex
723 4702 988 4776 assistentibus.
1018 4702 1210 4800 Presbyter
1233 4699 1406 4774 assistens
1426 4699 1517 4774 sedit
1534 4697 1620 4770 inter

300 4824 389 4898 elios
418 4827 631 4916 cardinales,
664 4849 702 4900 se
729 4826 859 4900 deinde
888 4827 1122 4900 incensando.
1148 4829 1234 4899 Post
1265 4825 1507 4914 offertorium,
1533 4826 1619 4917 Papa

300 4951 376 5044 ipse
392 4956 489 5023 stans
504 4952 540 5024 in
555 4951 663 5048 plano
679 4951 758 5024 solii
775 4951 811 5024 in
827 4975 870 5024 eo
885 4950 967 5025 loco
982 4952 1018 5023 in
1039 4973 1109 5046 quo
1131 4949 1259 5025 sedere
1279 4950 1478 5038 consuevit,
1501 4948 1615 5020 incen-

298 5081 396 5150 setus
412 5081 480 5165 est,
498 5076 627 5150 deinde
643 5076 714 5150 duo
735 5075 793 5149 alii
809 5075 1034 5166 assistenteS,
1053 5080 1130 5149 tum
1153 5075 1211 5149 alii
1232 5073 1435 5149 cardinales
1453 5090 1615 5150 moroso-
