3508 6034
72 497 217 568 {Novembre
232 491 300 564 star]
390 489 517 546 RERUM
541 487 767 548 URBANARUM
791 487 1052 546 COMMENTAllll.
1332 497 1385 552 427

69 671 196 722 marum
219 669 317 720 xxxu
341 645 438 744 (quia
461 644 609 719 exclusa
623 664 747 716 earum
769 638 1012 738 grossitudine
1030 642 1247 741 mensurari)
1269 645 1382 720 ultum

68 773 255 870 palmorum
285 769 459 844 tredecim
487 768 675 865 usquead
710 767 830 842 trabes
864 769 1122 842 transversales
1158 777 1194 842 et
1222 769 1292 844 hec
1316 771 1383 844 luit

67 904 264 994 competens
278 895 464 994 proportio
482 919 490 967 :
509 894 573 968 sed
589 900 725 970 tectum
741 892 809 966 luit
824 891 981 988 desuper
994 893 1097 968 valde
1113 894 1260 968 bassum
1276 901 1313 970 et
1328 897 1384 968 in·
1488 953 1491 962 .

68 1022 268 1120 dispositum
299 1021 383 1116 quia
407 1021 513 1118 juxta
527 1019 754 1094 altitudinem
769 1043 777 1108 3
802 1017 962 1114 quinque
977 1017 1033 1091 vel
1049 1043 1113 1092 sex
1128 1019 1332 1116 palmorum
1348 1027 1384 1094 et

66 1148 159 1242 longe
174 1145 304 1218 melius
319 1145 447 1218 luisset
461 1143 588 1218 decem
607 1143 663 1216 rel
685 1140 891 1216 duodecim.
910 1144 1068 1215 Fuerunt
1088 1143 1206 1238 posita
1224 1167 1386 1216 scamma

66 1273 95 1344 in
109 1270 217 1344 tribus
233 1269 405 1344 lateribus
421 1269 519 1342 circa
537 1275 695 1342 castrum
710 1291 777 1364 pro
797 1265 962 1355 lunestiS,
981 1273 1016 1340 et
1032 1291 1157 1340 versus
1178 1275 1320 1364 portam
1347 1269 1382 1341 in

66 1403 296 1470 transversum
326 1393 621 1491 quadruplicatis.
648 1395 763 1490 Supra
787 1392 974 1467 columnas
1003 1393 1040 1466 in
1064 1393 1136 1468 fine
1166 1394 1382 1492 presbyterii

65 1521 126 1593 sire
145 1519 246 1592 chori
266 1519 333 1593 luit
358 1524 600 1593 transversata
619 1539 691 1591 una
712 1517 832 1591 trabes
847 1524 884 1592 et
905 1517 1021 1614 posite
1042 1516 1200 1613 desuper
1222 1525 1384 1614 capsette

63 1667 178 1718 norem
193 1667 262 1742 pro
278 1643 482 1733 intorticiis,
499 1642 612 1740 peciis
633 1641 837 1716 tabularum
858 1643 983 1718 subtus
1003 1643 1130 1740 positis
1149 1667 1195 1716 ne
1216 1666 1301 1717 cera
1315 1643 1384 1716 dil-

64 1771 165 1845 lluens
179 1771 339 1869 prelatos
355 1770 483 1842 subtus
498 1766 695 1841 existentes
709 1765 933 1842 molestaret.
951 1769 1068 1864 Supra
1091 1774 1233 1866 portam
1248 1767 1383 1866 princi-

63 1895 140 1990 palis
161 1895 330 1970 introitus
358 1893 404 1968 ad
425 1893 618 1968 eeclesiam
639 1893 756 1990 posite
782 1891 926 1966 luerunt
948 1891 1098 1966 totidem
1121 1899 1282 1989 capsette
1305 1901 1384 1968 eta

62 2019 209 2116 quolibet
223 2020 337 2094 latere
352 2018 478 2116 viginti
493 2019 664 2114 quinque.
690 2017 763 2090 Sub
785 2025 903 2090 castro
926 2017 1060 2090 doloris
1082 2017 1200 2115 posita
1220 2017 1287 2092 luit
1307 2019 1382 2092 lec-

63 2145 122 2217 tica
135 2145 245 2243 longa
259 2145 461 2242 palmorum
476 2141 666 2230 tredecim,
683 2141 783 2238 larga
798 2164 926 2216 novem
943 2149 979 2216 et
994 2142 1066 2216 alta
1080 2141 1252 2239 quinque,
1265 2150 1301 2216 et
1317 2143 1382 2219 luit

62 2277 166 2344 castro
188 2270 480 2368 proportionata;
499 2266 564 2342 sed
585 2266 732 2364 pallium
754 2265 910 2364 desuper
930 2266 1101 2364 positum,
1118 2266 1204 2341 licet
1219 2273 1315 2342 esset
1337 2291 1382 2342 ex

61 2393 159 2488 peciis
175 2393 335 2490 quinque
351 2393 491 2467 brucati
506 2394 619 2483 aurei,
639 2393 725 2468 setis
740 2399 880 2467 tantum
900 2417 1049 2490 parvum
1064 2400 1141 2467 erat
1156 2395 1240 2490 quia
1255 2394 1381 2470 alate-

62 2517 146 2592 ribus
168 2526 205 2592 et
228 2518 274 2592 ad
295 2518 421 2616 pedeS,
440 2520 541 2615 quasi
564 2518 654 2592 duos
676 2518 828 2616 palmoS,
846 2518 905 2590 vix
924 2525 1058 2592 terram
1074 2519 1257 2616 tangebat.
1275 2525 1382 2594 Juxta

62 2649 205 2716 rastnrm
221 2644 331 2741 positi
345 2643 490 2718 luerunt
503 2643 589 2717 hinc
604 2649 640 2717 et
655 2643 739 2716 inde
755 2642 919 2716 cavaletti
934 2643 1008 2738 pro
1020 2643 1210 2718 intorticiis
1225 2644 1380 2740 quadra-

61 2767 160 2862 ginta,
177 2767 347 2844 videlicet
360 2769 486 2866 viginti
501 2793 567 2866 pro
583 2769 743 2866 quolibet
761 2769 874 2843 latere
895 2767 966 2842 tele
982 2791 1065 2840 cum
1081 2768 1275 2865 armisque
1292 2793 1381 2842 con-

61 2893 148 2988 tigua
162 2902 279 2984 erant,
298 2895 348 2968 ita
369 2893 466 2991 quod
487 2893 646 2990 quelibet
662 2893 797 2968 charde
814 2893 1061 2990 dependentes
1077 2893 1218 2966 duobus
1233 2895 1380 2992 capellis

60 3015 273 3092 deservirent
292 3017 464 3114 depictis;
483 3018 731 3092 circumcirca
751 3042 817 3117 per
837 3017 1028 3092 ecclesiam
1051 3019 1161 3092 etiam
1182 3041 1247 3114 per
1266 3020 1381 3093 tribu-

58 3165 131 3214 nam
145 3143 247 3218 chori
264 3142 498 3216 cardinalium
515 3149 550 3216 et
567 3144 692 3218 subtus
708 3142 847 3216 trabem
864 3141 1139 3216 transversalem
1155 3166 1264 3239 super
1277 3167 1381 3240 pres-

59 3265 240 3362 byterium,
259 3268 439 3366 duplicate
468 3266 637 3342 videlicet
658 3292 784 3342 versus
806 3267 998 3342 ecclesiam
1015 3290 1087 3340 una
1108 3273 1144 3341 et
1165 3267 1379 3342 alioversus

58 3391 196 3466 chorum
213 3393 450 3467 cardinalium
470 3400 507 3467 et
525 3393 662 3466 circum
683 3393 779 3466 circa
797 3391 909 3466 altare
928 3391 1045 3489 majus
1066 3415 1174 3488 supra
1193 3391 1379 3465 columnas

57 3515 140 3588 illius
154 3541 197 3590 ac
213 3519 310 3593 intus
326 3518 462 3592 circum
478 3518 574 3591 circa
593 3517 768 3614 capellam
789 3516 956 3590 columne
977 3515 1107 3590 Christi
1127 3541 1285 3614 appense
1300 3519 1380 3592 lue-

57 3650 140 3717 runt.
170 3647 350 3718 Numerus
377 3668 462 3718 vero
488 3665 671 3716 armorum
695 3642 732 3715 in
753 3642 834 3716 telis
861 3639 1086 3736 depictorum
1115 3647 1191 3714 erat
1212 3641 1381 3716 videlicet

56 3765 182 3840 circum
198 3769 297 3842 circa
310 3793 376 3866 per
395 3745 588 3843 ecclesiam
611 3790 693 3840 cum
716 3765 860 3840 tribuna
881 3765 982 3840 chori
1005 3765 1162 3841 ducenta
1182 3769 1381 3867 nonaginta

56 3898 211 3982 quatuor,
230 3915 384 3988 quorum
405 3891 588 3968 sexdecim
609 3897 712 3964 erant
732 3889 874 3987 depicta
894 3891 931 3962 in
951 3890 1023 3965 tela
1042 3915 1070 3964 s.
1094 3891 1199 3982 Galli,
1217 3892 1381 3968 alia'om-

57 4012 107 4084 nia
121 4015 157 4086 in
177 4015 250 4089 tela
267 4038 411 4112 grossa;
430 4015 496 4088 sub
516 4015 617 4090 trabe
632 4014 861 4090 transversali
877 4039 985 4113 supra
998 4017 1264 4114 presbyterium
1280 4041 1382 4091 arma

56 4139 280 4237 quinquagita
312 4140 394 4230 tria,
423 4139 685 4214 circumcirca
719 4163 829 4237 supra
856 4148 1014 4214 castrum
1048 4141 1182 4214 doloris
1214 4141 1251 4214 in
1284 4148 1381 4218 terra

55 4285 170 4356 grossa
193 4287 295 4340 arma
316 4267 556 4363 septuaginta,
584 4289 691 4364 supra
716 4265 902 4339 columnas
926 4265 1047 4339 altaris
1069 4266 1216 4363 majoris
1243 4267 1379 4342 circum

54 4386 141 4464 circa
159 4389 327 4464 demedia
350 4391 422 4465 tela
436 4417 465 4464 s.
493 4391 583 4465 Galli
605 4413 706 4464 arma
726 4390 873 4488 triginta
899 4414 976 4479 sex,
1001 4391 1095 4464 intra
1118 4390 1294 4488 capellam
1321 4413 1380 4464 co-

53 4508 165 4588 lumne
191 4515 323 4589 Christi
346 4515 391 4590 de
409 4514 530 4590 media
559 4513 632 4589 tela
656 4539 686 4587 s.
716 4513 807 4587 ualli
835 4537 937 4588 arma
962 4515 1198 4612 quadraginta
1222 4517 1313 4607 duo;
1341 4518 1377 4590 in

53 4636 175 4712 chartis
197 4663 299 4714 arma
318 4639 461 4738 depicta
480 4641 588 4714 affixa
606 4639 751 4713 luerunt
766 4661 832 4736 per
852 4641 1044 4716 ecclesiam
1065 4647 1101 4715 ct
1122 4648 1224 4714 extra
1244 4641 1377 4738 ubique

52 4783 107 4855 per
127 4787 249 4838 muros
276 4773 313 4840 et
338 4789 403 4863 per
424 4765 562 4864 plateas
583 4787 735 4837 numero
759 4771 922 4838 trecenta
939 4771 1046 4860 prout
1066 4764 1224 4861 pictores
1244 4765 1379 4840 retule-

51 4895 135 4977 runt,
160 4890 245 4985 quia
265 4889 327 4963 illa
347 4913 421 4964 non
441 4891 629 4966 numeravi
651 4888 787 4962 sedulia
806 4896 946 4964 tantum
967 4889 1047 4963 telis
1063 4889 1218 4986 depicta.
1242 4893 1380 4964 Funes-

52 5015 157 5086 torum
179 5014 325 5091 fuerunt
345 5040 498 5091 numero
518 5017 663 5090 circiter
682 5021 828 5088 centum
851 5014 1051 5111 sexaginta,
1069 5037 1221 5110 quorum
1241 5013 1379 5111 primus

50 5133 108 5210 luit
121 5139 267 5236 quidam
282 5141 393 5217 abbas
408 5141 588 5242 generalis
604 5145 831 5238 nuncupatus
847 5139 1020 5239 magister
1034 5138 1177 5230 domus,
1195 5147 1277 5240 post
1292 5164 1376 5216 eum
