3496 6056
57 469 203 537 {spamam
218 466 287 532 ros]
365 461 492 522 RERUM
514 459 743 522 URBANARUM
767 459 1033 524 COMMENTARII.
1319 467 1371 526 tot

96 621 233 698 Interim
250 625 375 696 Rmus.
399 616 574 692 Dominus
590 617 781 692 cardinalis
805 617 1047 708 Novaniensis,
1075 616 1244 716 subprior
1265 643 1370 717 pres-

55 751 246 847 byterorum
285 743 532 832 cardinalium,
571 742 653 817 loco
690 742 880 818 cardinalis
920 743 1200 818 Mediolanensis
1237 744 1367 844 prioris

55 873 245 949 eorumdem
261 870 556 970 presbyterorum
572 868 631 965 qui
647 868 812 942 infirmus
832 875 922 960 erat,
946 869 1022 945 siue
1043 869 1170 960 serula,
1193 869 1366 948 ordinetis

54 1022 157 1094 coram
171 963 356 1096 pontifice,
374 994 522 1068 indicto
538 993 735 1068 faldistorio
751 1019 836 1069 cum
851 995 958 1070 mitra
973 995 1135 1084 sedente,
1154 1001 1190 1070 et
1205 997 1367 1074 cardina-

52 1127 130 1198 libus
148 1124 231 1196 binc
251 1128 288 1196 et
308 1121 391 1195 inde
411 1119 501 1194 citra
520 1120 638 1219 ipsum
659 1143 743 1194 cum
762 1121 879 1195 mitris
902 1122 1091 1211 stantibus,
1119 1122 1363 1214 subdiaconis,

53 1247 265 1336 auditoribus,
290 1245 496 1320 secretariis
522 1250 557 1318 et
581 1245 761 1318 advocatis
781 1268 825 1320 eo
849 1246 974 1320 ordine
995 1253 1101 1344 prout
1125 1247 1223 1344 prior
1242 1247 1365 1322 diaco-

53 1396 163 1446 norum
174 1372 210 1444 in
225 1371 420 1444 basilicas.
440 1371 535 1442 Petri
552 1369 702 1459 lecerat,
727 1370 775 1446 ita
796 1370 893 1468 quod
911 1371 1006 1444 inter
1022 1371 1234 1469 pontificem
1250 1378 1287 1446 et
1302 1396 1366 1446 eos

54 1506 134 1572 esset
157 1497 309 1596 spatium
338 1495 482 1570 circiter
516 1495 623 1569 trium
657 1520 866 1590 cannarum,
904 1504 1001 1572 stans
1031 1497 1108 1570 sine
1138 1497 1244 1572 mitra
1271 1499 1367 1574 inter

53 1623 171 1720 primos
197 1622 450 1712 subdiaconos,
488 1644 570 1694 cum
606 1621 683 1694 aliis
721 1623 907 1720 predictis,
944 1623 1157 1722 discopertis
1187 1623 1363 1720 capitibus

53 1748 219 1836 stantibus,
250 1747 298 1822 ad
326 1746 535 1845 pontificem
571 1771 707 1836 versus,
738 1747 824 1820 lecit
855 1747 1000 1821 laudem
1034 1748 1106 1824 alta
1139 1772 1227 1824 voce
1262 1750 1363 1847 quasi

52 1873 184 1969 legendo
206 1873 333 1948 dicens
360 1898 368 1946 :
395 1872 545 1946 Exaudi
571 1871 720 1960 Christe,
745 1873 814 1946 illis
838 1873 1138 1970 respondentibus
1167 1899 1175 1950 :
1206 1875 1361 1950 Domino

52 2011 149 2072 notho
164 1999 367 2074 innocentio
382 2010 462 2089 etc,
481 2005 533 2072 tot
549 1999 683 2073 vicibus
704 2005 739 2073 et
759 2021 803 2072 eo
819 2000 958 2091 ordino,
978 2025 1020 2075 ac
1039 2003 1083 2076 de
1101 2004 1208 2077 verbo
1224 2003 1269 2078 ad
1284 2027 1363 2078 rer-

53 2125 135 2214 bum,
155 2149 239 2200 noce
264 2132 301 2200 et
326 2132 410 2198 tono
439 2130 544 2224 prout
572 2104 672 2224 prior
700 2125 936 2201 diaconorum
964 2129 1187 2228 supradictus
1209 2129 1246 2203 in
1269 2130 1364 2206 dicta

54 2251 179 2326 basilico
193 2277 220 2328 s.
237 2253 337 2327 Petri
350 2253 499 2328 lecerat.

94 2379 260 2455 laudibus
291 2379 417 2470 finitis,
449 2383 545 2478 Papa
571 2379 699 2454 ductus
726 2385 781 2454 est
810 2377 856 2453 ad
883 2387 1026 2477 portam
1057 2381 1218 2480 cappello
1249 2385 1363 2458 sancti

56 2505 188 2579 Silvestri
201 2507 307 2603 juxta
325 2528 433 2602 quam
453 2506 568 2604 posite
590 2511 673 2578 sunt
692 2505 761 2578 due
784 2505 889 2578 sedes
908 2505 1102 2603 porphiree
1123 2507 1219 2582 nude
1241 2508 1301 2608 (l),
1318 2511 1364 2586 ad

55 2654 182 2726 quarum
193 2632 350 2729 primam
365 2632 532 2706 adextris
547 2637 650 2730 porte
670 2631 838 2728 positam,
859 2634 956 2729 Papa
970 2631 1076 2722 sedit,
1093 2633 1194 2730 quasi
1205 2636 1359 2732 jaceret3

54 2779 109 2850 quo
123 2756 168 2830 sic
187 2759 351 2848 sedente,
373 2759 472 2856 prior
494 2758 745 2831 Lateranensis
764 2756 948 2855 predictus
973 2756 1071 2831 dedit
1092 2761 1188 2856 Papa
1209 2759 1362 2834 ferulam

53 2881 81 2954 in
93 2907 189 2958 manu
204 2885 240 2957 in
261 2885 406 2983 signum
426 2883 614 2982 regiminis
633 2890 669 2957 et
687 2882 936 2975 correctionis,
955 2890 991 2958 et
1003 2883 1123 2958 claves
1136 2883 1247 2982 ipsius
1262 2885 1359 2960 basi-

53 3007 107 3079 lice
121 3015 151 3083 et
164 3009 415 3084 Lateranensis
430 3009 565 3107 palatii,
584 3009 621 3082 in
641 3009 943 3106 significationem
962 3008 1151 3107 potestatis
1172 3009 1361 3087 claudendi

53 3139 81 3204 et
93 3135 277 3230 aperiendi,
296 3135 430 3233 ligandi
447 3140 483 3210 et
498 3135 670 3208 solvendi.

90 3261 251 3354 Pontifex,
273 3259 445 3358 receptis,
462 3267 637 3358 utsupra,
657 3261 773 3336 ferula
792 3268 828 3335 et
847 3261 1018 3352 clavibus,
1042 3262 1196 3338 surrexit
1210 3263 1255 3337 de
1273 3265 1358 3340 sede

52 3384 200 3478 predicta,
218 3393 254 3461 et
266 3387 424 3461 accessit
441 3386 488 3459 ad
505 3388 612 3460 aliam
632 3411 653 3461 a
675 3387 828 3461 sinistris
848 3387 943 3462 dicte
963 3397 1066 3486 porte
1089 3389 1243 3488 positam
1260 3387 1305 3489 (2)
1323 3389 1358 3462 in

53 3529 109 3603 qua
121 3510 274 3588 similiter
294 3513 386 3586 sedit
403 3513 506 3609 quasi
521 3515 678 3611 jaceret;
701 3513 824 3610 sicque
845 3513 990 3606 sedem,
1012 3516 1163 3588 ferulam
1185 3521 1222 3590 et
1239 3516 1355 3590 claves

52 3635 142 3728 priori
158 3640 318 3736 predicto
338 3638 507 3726 restituit,
532 3641 592 3738 qui
611 3640 710 3738 prior
729 3639 858 3714 deinde
881 3640 1058 3738 pontifici,
1080 3639 1198 3716 adhuc
1218 3649 1258 3718 ut
1274 3667 1357 3741 pro-

52 3757 145 3836 lertur
157 3765 306 3857 sedenti,
330 3790 438 3864 supra
452 3765 633 3864 planetam
656 3766 765 3840 cinxit
783 3789 911 3841 zonam
931 3767 976 3842 de
993 3768 1109 3844 serico
1130 3770 1257 3863 rubeo,
1273 3795 1357 3846 cum

52 3883 140 3963 bursa
154 3913 332 3990 purpurea
354 3892 404 3966 illi
427 3892 668 3990 appendente,
698 3891 735 3964 in
760 3917 832 3989 qna
850 3900 953 3968 erant
971 3919 1025 3968 xn
1041 3893 1180 3992 lapides
1207 3898 1355 3995 pretiosi

52 4014 158 4089 modici
180 4019 324 4110 valoris,
350 4041 433 4092 cum
457 4042 508 4091 xn
535 4017 660 4115 sigillis
685 4023 721 4092 et
747 4041 872 4092 musco
904 4019 963 4119 (3),
994 4019 1080 4096 licat
1106 4022 1245 4121 antiqui
1273 4025 1356 4100 libri

49 4207 133 4267 oneiel
147 4231 161 4270 a
173 4217 230 4290 1l2,
242 4217 293 4272 che
307 4221 404 4290 pesato
416 4231 497 4288 sopra
506 4219 616 4288 quattro
638 4213 752 4271 solenne
776 4213 804 4270 di
823 4211 926 4271 marmo
947 4213 1054 4284 bienno,
1070 4232 1117 4272 era
1131 4215 1268 4276 abiamota
1278 4237 1356 4275 men-

47 4303 222 4376 oratorian,
238 4306 370 4363 omisura
384 4305 411 4361 di
426 4305 525 4372 Crista,
541 4305 656 4361 enncbe
672 4305 771 4362 adesso
786 4304 809 4361 si
824 4321 957 4362 conserva
970 4304 1014 4361 nel
1025 4306 1145 4363 elaustro
1156 4305 1352 4366 Laterananse.

50 4385 191 4451 Fatucrscus
204 4394 381 4454 Cnucsuarsar
397 4395 473 4469 (our.
487 4395 551 4465 cite,
566 4413 594 4466 p.
609 4395 664 4465 50].

79 4483 98 4536 l.
116 4506 129 4534 u
143 4484 246 4544 Electus
261 4487 289 4543 in
309 4487 364 4543 illis
379 4486 487 4543 duabus
512 4483 625 4541 sedibus
646 4482 685 4540 sic
710 4482 804 4539 sedero
826 4483 915 4552 debet,
939 4499 971 4539 ao
994 4483 1017 4540 si
1044 4483 1168 4542 videatur
1191 4485 1262 4542 inter
1284 4486 1355 4544 duos

51 4566 143 4629 lectulos
153 4575 251 4648 jacere,
267 4577 295 4633 id
315 4583 358 4633 est
377 4581 406 4632 ut
420 4575 565 4632 accumbat
587 4575 657 4630 inter
682 4571 817 4647 Principis
842 4575 1034 4648 Apostolorum
1062 4573 1211 4648 primatum
1231 4576 1313 4645 Petri,
1329 4588 1356 4634 et

51 4653 112 4714 Pauli
124 4663 234 4723 doctoris
250 4666 372 4740 gentium
387 4666 607 4740 predicationem.
622 4687 637 4716 a
649 4665 726 4721 Ordo
738 4666 895 4728 Romanos,
909 4673 986 4720 auct.
998 4663 1109 4720 Caurro.
1121 4663 1263 4730 Mabillon‚
1275 4665 1355 4723 Mus.

50 4745 114 4818 loa,
129 4759 147 4808 t.
163 4754 196 4823 ll,
210 4775 239 4830 p.
254 4758 317 4814 212.
340 4756 395 4812 Sur
408 4756 447 4839 les
461 4757 534 4812 deux
549 4756 658 4812 chaises
672 4755 707 4812 de
722 4756 860 4831 porphyra
875 4755 909 4810 de
922 4753 948 4810 la
965 4754 1085 4828 chapelle
1105 4755 1138 4811 de
1154 4754 1353 4830 S.-Sylvestre,

52 4849 100 4908 toy.
112 4839 260 4916 Ouuphrius
275 4843 424 4902 Panvinins
434 4864 442 4900 ε
452 4846 496 4901 De
507 4849 665 4917 precipuis
680 4847 763 4901 Urbis
774 4847 868 4902 boma
877 4845 1130 4916 sanctioribusque
1143 4847 1271 4902 basilicis
1284 4865 1356 4920 quaa

53 4937 138 4995 teptem
149 4935 277 4990 ecclesias
291 4935 372 5004 υιιῑρο
387 4945 492 4992 nocant
505 4937 586 4993 tiber.
600 4968 635 4981 -
650 4935 754 5007 Romae,
772 4935 852 5005 1570,
868 4953 896 5008 p.
915 4935 975 4991 185.

77 5017 100 5073 2.
116 5020 239 5083 Positum.
256 5057 290 5070 ω-
305 5027 424 5100 Manque
440 5027 510 5083 dans
522 5024 642 5097 Riooldi,
663 5044 691 5100 p.
706 5029 752 5084 75.

77 5105 99 5161 3.
117 5131 130 5160 u
142 5111 169 5168 ln
183 5131 249 5172 zona
270 5123 379 5174 notatur
397 5116 563 5174 continentia
578 5115 723 5186 castilatis,
739 5117 767 5172 in
789 5115 873 5174 borsa
894 5118 1119 5194 gazophilacium,
1141 5137 1196 5195 quo
1215 5137 1353 5196 pauperes

53 5189 134 5255 Christi
146 5203 294 5264 nutriantur
302 5212 330 5264 et
342 5205 432 5264 sidae.
446 5207 478 5263 ln
492 5205 636 5264 duodecim
650 5205 759 5280 sigillis,
777 5225 814 5265 xu
829 5209 1014 5282 apostolorum
1029 5215 1151 5284 potestas
1166 5209 1329 5284 designatur
1344 5227 1352 5269 ε
