3422 6034
83 506 230 571 [sociasse
245 507 318 569 ras]
409 505 536 563 aenou
559 505 786 562 oasausauu
811 479 1073 562 couusursnu.
1351 490 1415 566 su'

77 662 184 735 locum
210 659 249 734 in
277 659 394 758 capite
422 659 529 735 banci
555 657 846 734 caudatariorum
881 659 1135 758 episcoporum
1165 641 1402 735 cardinalium

79 785 284 860 cancellario
299 785 394 884 regis
412 785 572 876 Polonie‚
585 786 660 861 viro
677 784 937 875 ecclesiastico,
956 784 1016 881 qui
1030 784 1109 859 heri
1121 809 1203 860 sero
1214 809 1260 860 ex
1274 786 1402 862 Hiero-

79 911 213 1010 solymis
228 915 384 986 Romam
398 911 493 986 venit
512 913 738 1010 peregrinus.

120 1041 155 1110 ln
171 1037 303 1111 eadem
318 1037 440 1130 missa,
469 1039 734 1113 contenderunt
753 1061 819 1137 pro
834 1037 916 1111 loco
938 1042 1101 1111 oratores
1124 1035 1346 1112 marchionis
1367 1044 1404 1112 et

79 1162 213 1237 dominii
230 1164 430 1237 Senensis:
456 1188 565 1260 quam
593 1164 879 1253 contentionem,
901 1170 1097 1260 antequam
1112 1165 1177 1238 SS.
1205 1167 1248 1236 D.
1278 1167 1402 1236 nostro

81 1289 331 1386 significarem,
345 1289 451 1364 ambo
467 1289 534 1387 ipsi
550 1313 616 1388 pro
633 1297 727 1365 etate
742 1289 819 1364 vice
836 1288 1004 1364 tollentes
1020 1289 1196 1387 capellam
1223 1288 1400 1364 exierunt.

82 1419 287 1490 Sermonem
301 1414 387 1488 lecit
401 1419 443 1488 R.
461 1419 501 1488 P.
520 1418 563 1488 D.
583 1415 823 1516 Hieronymus
840 1415 976 1490 electus
994 1416 1189 1492 Suanensis
1208 1414 1352 1514 pluviali
1368 1421 1402 1488 et

79 1541 172 1614 mitra
189 1540 356 1637 simplice
369 1547 517 1638 paratus
537 1541 597 1638 qui
612 1541 744 1640 pedem
760 1545 856 1640 Pape
869 1548 952 1616 aute
970 1542 1216 1639 receptionem
1233 1540 1403 1616 henedic-

80 1666 172 1742 tionis
188 1667 373 1741 osculatus
385 1673 452 1756 est,
465 1691 539 1740 nou
553 1690 662 1764 genu,
681 1667 764 1764 quia
776 1668 938 1741 nondum
952 1674 1198 1742 consecratus
1211 1667 1404 1742 Ordiuave·

81 1815 146 1865 ram
160 1793 258 1890 quod
275 1791 355 1867 sina
372 1793 478 1866 mitra
491 1817 699 1868 sermonem
725 1795 876 1886 laceret,
904 1818 1097 1893 superque
1114 1801 1235 1870 tamen
1251 1791 1402 1867 consilio

82 1920 291 1993 RRmorum.
321 1917 592 1994 vicecomeren'i
619 1925 654 1993 et
680 1919 905 2018 Neapolitani
928 1919 1165 1994 cardinalium
1191 1944 1277 1994 usus
1300 1942 1401 2008 sum3

82 2043 195 2140 quibus
220 2045 339 2119 risum
361 2051 416 2119 est
438 2046 536 2143 quod
549 2053 742 2144 postquam
759 2047 863 2121 electi
878 2047 915 2119 in
936 2045 1090 2144 publicis
1107 2045 1402 2145 processionibus

82 2167 118 2241 de
131 2169 275 2267 speciali
286 2173 383 2268 Pape
398 2167 556 2263 licentia,
567 2170 729 2268 prelatus
741 2170 972 2269 electusipsis
985 2171 1035 2244 uti
1048 2171 1178 2246 debeat
1191 2198 1199 2260 ;
1215 2177 1252 2244 et
1263 2169 1315 2244 sic
1329 2169 1402 2244 lac·

83 2300 147 2366 tum
160 2301 213 2369 est
233 2321 240 2368 :
260 2296 300 2368 in
315 2295 384 2371 hac
398 2297 523 2389 missa,
542 2297 664 2372 omnia
678 2297 778 2372 luere
789 2320 891 2371 more
905 2302 1082 2372 consueto
1098 2297 1297 2371 observata.
1317 2300 1403 2370 Post

83 2419 149 2516 ojus
163 2420 274 2496 finem
296 2447 318 2495 a
339 2420 511 2520 pontifice
537 2421 582 2495 ad
606 2443 788 2496 cameram
810 2419 986 2518 papagalli
1011 2444 1175 2496 reversus
1196 2418 1400 2518 intelligere

84 2545 164 2620 solui
179 2547 302 2645 inquo
317 2548 529 2623 habituhoc
544 2571 694 2645 vespere
717 2570 825 2646 ogere
843 2545 951 2621 vellet
965 2545 1002 2619 in
1015 2547 1173 2645 publico,
1192 2553 1229 2620 et
1242 2545 1402 2620 decrevit

86 2669 115 2743 in
128 2695 236 2772 cappa
250 2675 297 2748 de
316 2674 469 2749 scarleto
495 2675 611 2750 solita.

126 2799 290 2874 Remausi
308 2801 353 2875 de
367 2801 514 2900 speciali
539 2803 709 2875 mandato
732 2799 912 2898 pontilicis
930 2799 966 2872 in
987 2797 1137 2896 prandio
1158 2820 1240 2872 cum
1258 2795 1332 2872 suis
1347 2819 1403 2872 se·

86 2924 180 2997 erotis
193 2927 424 3002 cubiculariis
440 2925 522 3003 etin
534 2926 684 3024 prandio
701 2950 767 3000 suo
782 2950 804 3000 a
818 2923 993 3024 principio
1011 2923 1180 2998 adfinem
1204 2921 1337 3014 adstiti,
1355 2922 1401 2996 ad

88 3045 294 3150 interrogata
310 3053 514 3128 Sanctitatis
530 3077 593 3127 sue
612 3051 848 3150 respondens.

129 3177 255 3252 Eadem
269 3177 342 3270 die,
361 3179 458 3254 circa
471 3178 601 3252 horam
615 3203 688 3272 xxi,
702 3181 766 3252 SS.
786 3181 829 3250 D.
843 3181 885 3251 N.
899 3181 1042 3275 paratus
1058 3173 1204 3266 amictu,
1218 3174 1311 3267 alba,
1327 3172 1401 3248 cin-

91 3301 172 3397 gulo,
185 3305 276 3379 stola
289 3305 450 3380 violocea
461 3312 496 3380 et
510 3329 624 3405 cappa
639 3304 683 3378 de
698 3303 863 3392 scarleto,
881 3301 1099 3399 precedente
1117 3325 1224 3376 cruce
1237 3307 1273 3374 et
1289 3298 1402 3374 cardi-

90 3427 211 3502 nalibus
232 3431 552 3528 subsequentibus,
568 3429 667 3504 venit
681 3428 728 3503 ad
742 3427 917 3525 capellam
933 3427 1110 3524 majorem
1125 3425 1325 3523 predictam
1340 3423 1401 3498 ubi

87 3547 229 3630 interluit
238 3556 400 3654 vesperis
409 3561 444 3631 et
458 3555 640 3630 matutinis
651 3577 718 3654 pro
729 3551 907 3627 defunctis
919 3577 983 3625 suo
997 3553 1122 3627 ordine
1134 3549 1237 3626 dictis
1248 3578 1256 3640 ;
1268 3555 1304 3624 et
1316 3549 1403 3623 dixit

88 3673 182 3750 Pater
194 3694 312 3756 noster
327 3687 362 3755 et
375 3681 443 3756 alia
459 3705 501 3755 ac
515 3681 716 3756 orationem
732 3706 832 3757 more
847 3683 965 3757 solito.
978 3677 1117 3753 Avisari
1136 3685 1303 3751 cantores
1320 3681 1402 3750 aute

88 3798 339 3882 inchoationem
353 3831 587 3905 vesperorum
603 3807 699 3904 quod
714 3808 764 3880 illi
778 3831 852 3882 non
876 3805 1049 3904 incipiant
1072 3800 1316 3876 invitatorium
1333 3800 1402 3874 nisi

88 3946 141 4019 per
156 3933 362 4027 pontificem
383 3933 495 4006 Pater
512 3945 629 4007 noster
651 3937 790 4008 secrete
813 3933 907 4007 dicto
930 3939 967 4007 et
990 3954 1056 4030 por
1077 3951 1140 4003 eos
1154 3952 1243 4002 ame
1258 3927 1302 4000 de
1319 3925 1405 4000 inci-

91 4050 203 4144 pieudo
223 4057 326 4156 signo
344 4064 513 4156 recepto;
536 4059 634 4156 quod
649 4066 771 4134 tamen
790 4057 928 4132 illinon
950 4057 1185 4132 observarunt
1206 4079 1214 4129 :
1234 4051 1298 4128 sed
1317 4075 1405 4149 pon·

91 4175 171 4254 tilica
193 4183 478 4284 Requiesceatiro
489 4209 577 4284 poce
591 4209 657 4283 pro
673 4183 831 4283 vesperis
853 4183 948 4257 dicto
973 4183 1136 4274 sedente,
1159 4175 1404 4253 invitatorium

92 4303 251 4393 prelatum
265 4309 481 4409 inceperunt
497 4317 533 4387 et
545 4312 813 4386 continuarunt.
827 4315 925 4407 Papa
938 4307 976 4382 iu
990 4305 1174 4384 versiculis
1188 4312 1224 4380 et
1241 4301 1403 4378 oratione

92 4434 159 4518 post
168 4431 372 4510 Benedictus
383 4438 420 4510 iu
436 4439 576 4513 duobus
589 4437 719 4513 erravit
733 4435 817 4534 quia
827 4436 908 4510 looo
917 4435 1157 4532 Requiescaot
1169 4432 1206 4505 in
1215 4453 1305 4529 pace
1319 4433 1402 4500 ante

94 4555 274 4636 Orationem
298 4562 412 4637 dixit:
438 4563 612 4662 Requiem
632 4576 790 4638 eternam
811 4557 856 4636 do
871 4562 919 4634 eis
934 4559 1100 4650 Domioe3
1124 4563 1159 4631 et
1180 4557 1217 4630 in
1234 4555 1306 4628 line
1323 4576 1403 4626 ora·

94 4677 183 4757 tionis
198 4688 303 4765 dixit:
325 4691 397 4778 Qui
414 4691 498 4764 eicis
514 4703 703 4790 strepitos,
720 4689 876 4788 Spiritus
900 4685 1014 4762 sancti
1027 4687 1140 4777 Deua,
1160 4691 1230 4759 ete.
1260 4679 1405 4756 omissis

93 4805 190 4880 verbis
204 4835 282 4887 cum
297 4815 486 4914 Deopatre
504 4841 512 4889 :
531 4817 600 4890 alio
616 4817 738 4891 omnia
754 4839 855 4889 more
870 4813 976 4888 solito
993 4817 1076 4885 sunt
1091 4811 1294 4885 observata.
1305 4805 1404 4880 Fim-

94 4924 172 5006 brias
196 4962 303 5039 cappe
333 4941 516 5042 pontificis
538 4941 645 5017 simul
666 4941 837 5017 collectas
858 4947 933 5013 tam
953 4937 999 5011 ad
1023 4935 1200 5035 capellam
1226 4932 1404 5008 veniendo

95 5075 186 5147 quam
206 5063 286 5142 inde
307 5067 353 5141 ad
375 5091 559 5143 cameram
574 5067 753 5168 papagalli
777 5064 960 5142 redeundo
976 5061 1126 5161 portavit
1141 5065 1183 5136 R.
1199 5063 1243 5134 D.
1262 5057 1405 5134 archis*

97 5180 242 5291 piscopos
260 5199 479 5275 Arelatensis
495 5195 632 5297 primus
651 5193 823 5268 assistens
846 5189 940 5266 iuter
959 5193 1159 5286 presentes.
