3422 6034
312 519 366 574 aad
766 507 941 565 JOHANNIS
966 505 1188 575 BURCHAHDl,
1480 509 1615 578 [luintltt]

313 667 551 770 patrocinium
567 665 734 742 ecclesie.
755 664 932 740 Diaconos
948 670 984 740 et
1000 662 1242 738 subdiaconus
1261 685 1304 736 ac
1323 667 1490 736 cantores
1502 664 1620 762 capelle

312 801 436 871 nostre
452 792 701 866 ministrarunt
716 798 752 866 et
767 797 957 865 cantarunt
970 789 1143 865 officium.

361 919 466 994 Feria
498 924 636 1014 quarta,
679 922 719 990 ll
757 915 893 990 mensis
920 915 1025 1013 junii,
1062 915 1180 1012 vigilia
1211 913 1444 988 sacratissimi
1481 917 1621 1012 corporis

315 1043 457 1134 Christi,
473 1044 618 1119 luerunt
637 1065 784 1140 vespere
800 1041 947 1140 papales
967 1041 1004 1113 iu
1028 1035 1167 1138 capella
1188 1043 1325 1139 majore
1348 1041 1524 1139 predicta,
1542 1045 1621 1138 Papa

312 1171 476 1244 absente.
504 1167 670 1242 Officium
689 1168 772 1242 lecit
792 1172 916 1252 Rmus.
946 1171 989 1240 D.
1019 1166 1209 1241 cardinalis
1236 1191 1265 1240 s.
1297 1167 1487 1241 Anastasie
1515 1167 1621 1240 ordine

314 1301 503 1371 consueto.
522 1298 611 1368 Cum
625 1293 807 1368 diceretur
827 1293 864 1366 in
879 1292 1016 1392 hymno
1031 1315 1153 1366 versus
1172 1291 1325 1366 Tantum
1340 1315 1425 1391 erpo
1445 1315 1623 1366 comumac-

314 1433 400 1510 mm,
418 1423 461 1494 D.
474 1420 656 1494 Thumeus
671 1419 808 1517 capelle
822 1425 944 1492 nostre
960 1419 1157 1490 Rmum.D.
1175 1416 1394 1492 cardinalem
1411 1441 1441 1490 s.
1452 1417 1624 1492 Anastasia

313 1552 411 1623 stans
431 1545 630 1642 geuullexit
654 1551 691 1619 et
712 1544 797 1620 iecit
817 1543 927 1619 etiam
948 1541 1169 1617 cardinalem
1186 1542 1432 1640 genuflectere
1456 1566 1499 1616 ac
1518 1566 1571 1615 me
1589 1541 1627 1615 ad

313 1695 399 1747 eum
412 1671 563 1745 vocavit.
581 1674 657 1769 Ego
673 1670 938 1744 inadvertenter
951 1669 997 1743 ad
1011 1691 1096 1743 eum
1117 1668 1160 1742 ivi
1179 1674 1214 1742 et
1227 1667 1421 1766 genuflexi,
1444 1691 1516 1743 uon
1529 1665 1629 1743 consi-

210 1775 214 1784 ’
315 1797 445 1872 derans
461 1819 623 1872 errorem
642 1819 746 1870 suum
762 1821 770 1887 3
796 1795 873 1886 sed,
890 1795 1036 1892 cognito
1051 1817 1119 1892 per
1139 1817 1198 1868 me
1215 1816 1339 1868 errore
1356 1793 1495 1867 surrexi
1516 1801 1550 1867 et
1569 1793 1628 1866 leci

315 1921 396 1996 illos
412 1945 573 2020 surgere,
591 1945 658 1998 nec
675 1921 764 1997 alius
781 1920 977 2020 genuflexit
998 1946 1005 1992 :
1024 1920 1069 1994 ab
1084 1919 1251 1994 omnibus
1268 1925 1388 1994 tamen
1403 1943 1507 1994 error
1522 1924 1631 1993 noster

316 2053 461 2124 notatus
480 2048 557 2122 luit.

364 2170 1628 2271 lnomnibus,utplurimum,ecclesiisadversumillumlitgenutlexio,

317 2307 353 2376 et
371 2300 478 2392 bene,
496 2323 578 2374 cum
593 2299 630 2372 in
653 2299 722 2372 illis
747 2321 855 2395 super
870 2298 979 2372 altare
997 2273 1263 2373 sacramentum
1285 2299 1443 2394 positum
1467 2305 1534 2387 est,
1548 2295 1631 2392 quod

316 2431 507 2524 propterea
526 2425 563 2498 in
584 2423 722 2522 capella
749 2429 872 2497 nostra
896 2423 1097 2497 obmittitur
1119 2421 1201 2518 quia
1219 2431 1486 2498 sacramentum
1508 2425 1543 2496 iu
1563 2447 1631 2496 ves-

316 2551 412 2650 peris
426 2550 463 2624 in
483 2573 527 2626 ea
542 2573 652 2647 super
664 2549 766 2624 altari
781 2548 865 2647 poni
889 2571 961 2622 nou
982 2547 1163 2622 convenit.
1181 2547 1343 2623 lutimavi
1359 2553 1399 2623 R.
1417 2553 1454 2624 S.
1472 2549 1631 2647 episcopo

316 2675 487 2774 Agatensi
516 2674 647 2750 vicario
671 2674 818 2750 basilice
840 2699 870 2747 s.
898 2673 994 2748 Petri
1014 2673 1111 2770 quod
1140 2671 1236 2748 clero
1261 2672 1409 2749 basilice
1428 2675 1587 2774 predicto
1604 2681 1633 2748 et

316 2799 500 2876 canonicis
515 2801 702 2876 mandaret
722 2825 768 2874 ne
793 2799 851 2873 die
872 2799 1029 2872 crastina
1046 2797 1081 2870 iu
1102 2805 1226 2872 nostra
1246 2801 1482 2895 processione
1502 2801 1633 2876 incede

316 2933 409 3019 rent,
427 2926 492 3001 sed
506 2949 590 3000 cum
605 2925 702 3000 clero
719 2925 824 3000 Urbis
840 2925 893 3000 vel
913 2933 994 3024 post
1014 2925 1128 3013 illum,
1146 2930 1209 2998 aut
1229 2947 1303 2996 non
1319 2923 1497 2999 venirent.
1512 2925 1632 3001 Simili·

314 3058 369 3126 ter
384 3057 419 3126 ct
433 3052 505 3127 hoc
519 3075 625 3126 mane
642 3051 770 3125 avisari
787 3055 829 3123 D.
850 3050 1073 3150 Raynaldum
1087 3049 1270 3122 notarium
1287 3046 1406 3123 vicarii
1426 3051 1531 3126 Urbis
1546 3049 1632 3148 quod

315 3177 501 3254 ordinaret
521 3177 618 3253 clero
644 3175 749 3250 Urbis
772 3201 872 3252 suam
887 3179 1158 3274 processionem
1179 3181 1356 3280 inciperet
1376 3181 1468 3254 hora
1488 3203 1545 3252 vvvr
1561 3201 1631 3250 cras

315 3325 421 3378 mune
433 3311 469 3378 et
484 3303 674 3402 perficeret
690 3309 884 3400 antequam
900 3308 1023 3376 nostra
1037 3303 1276 3402 inciperetur:
1290 3303 1447 3402 quodsic
1465 3303 1629 3378 iacturum

313 3429 414 3505 dixit.
437 3429 520 3505 Feci
544 3431 653 3504 etiam
679 3429 836 3504 intimari
855 3453 921 3528 per
938 3453 1103 3504 cursores
1126 3429 1339 3505 officialibus
1365 3452 1515 3503 romane
1542 3423 1630 3502 curie

313 3553 410 3651 quod
424 3553 515 3628 hora
528 3578 564 3628 vx
575 3554 744 3628 adessent
756 3552 813 3630 die
829 3553 986 3628 crastino
1002 3554 1038 3627 in
1052 3555 1184 3653 palatio
1199 3555 1397 3654 apostolico
1411 3579 1477 3653 per
1490 3552 1630 3628 scheda·
1703 3539 1704 3548 ¹

312 3677 386 3754 lam
402 3703 508 3776 quam
525 3679 698 3777 magistro
714 3703 903 3754 cursorum
917 3679 1000 3754 dedi
1018 3680 1227 3779 hujusmodi
1247 3681 1383 3757 tenoris
1405 3709 1412 3754 :

363 3807 416 3880 De
431 3805 600 3880 mandato
627 3807 691 3880 SS.
720 3809 762 3878 l).
783 3805 897 3880 nostri
921 3829 1013 3904 pape
1037 3806 1224 3882 intimetur
1244 3806 1484 3904 infrascriptis
1507 3807 1628 3882 oldaia·

311 3929 405 4005 libus
418 3935 595 4026 quatenus
611 3953 738 4005 omnes
752 3936 787 4004 et
801 3929 931 4026 singuli
948 3930 1006 4006 die
1021 3931 1177 4006 crastina
1192 3932 1391 4007 festivitatis
1408 3928 1626 4008 sacratissimi

312 4053 475 4152 corporis
490 4057 533 4127 D.
549 4056 590 4128 N.
604 4057 635 4127 J.
653 4054 798 4148 Christi,
813 4035 904 4129 hora
918 4079 1015 4131 nona
1025 4057 1121 4155 apud
1137 4083 1166 4131 1.
1182 4062 1328 4133 Petrum
1342 4057 1379 4131 in
1393 4059 1527 4156 palatio
1541 4079 1627 4156 apos

312 4176 421 4251 tolico
441 4176 535 4254 intra
550 4177 703 4275 primam
717 4183 862 4276 'portam
884 4179 921 4254 in
947 4179 1047 4255 curia
1070 4179 1205 4256 ibidem
1226 4182 1357 4280 singuli
1383 4207 1467 4258 cum
1492 4181 1625 4280 singulis

309 4301 498 4378 intorticiis
527 4303 690 4378 honestis
723 4309 912 4402 presentes
932 4327 1013 4380 esse
1038 4304 1194 4380 debeant
1217 4312 1253 4382 et
1278 4308 1408 4382 exinde
1435 4306 1625 4406 processio·

309 4427 442 4502 naliter
456 4451 500 4503 eo
517 4427 642 4503 ordine
664 4431 863 4526 procedere
892 4437 997 4526 prout
1020 4434 1143 4506 Rmus.
1170 4436 1213 4506 l).
1241 4433 1558 4509 vicecancellarius
1575 4434 1624 4505 aut

310 4553 389 4650 ejus
412 4552 708 4629 vicecomerarius
735 4554 932 4646 mandabit,
960 4555 1027 4630 sub
1051 4579 1147 4654 pena
1160 4557 1311 4633 arbitrio
1335 4561 1399 4633 SS.
1420 4561 1461 4632 l).
1482 4561 1525 4632 N.
1545 4575 1622 4654 pape

309 4677 529 4777 imponenda
546 4703 554 4752 :

358 4803 536 4900 Magistris
560 4805 746 4904 utriusque
767 4806 923 4904 registri,
1031 4840 1034 4846 ·

355 4928 534 5024 ltlagistris
550 4931 701 5028 plumbi,

358 5050 609 5148 Bullatoribus,

358 5175 618 5256 Collectoribus
640 5182 791 5279 plumbi,
