3496 6056
52 503 194 568 [Novembre
210 503 281 568 1185]
376 501 502 558 RERUM
526 501 753 562 decantabat
778 503 1040 564 commendauit.
1318 513 1370 570 155

48 656 226 730 cardinalis
258 656 511 753 Neapolitanus
541 657 734 731 celebravit
763 658 910 732 missam
926 657 1140 757 {solemnem
1172 663 1208 734 in
1239 665 1367 739 eadem

47 781 184 880 capella,
202 785 304 880 Papa
317 787 500 879 presente.
518 784 597 856 Non
617 783 684 856 tuit
704 807 837 868 sermo,
863 784 947 881 quia
961 785 1020 857 ille
1041 786 1097 858 cni
1119 811 1240 862 sermo
1262 789 1365 863 datus

47 914 125 994 erat,
141 907 298 980 nonfuit
312 907 349 980 in
365 907 473 981 Urbe.
493 909 620 980 Omnia
635 907 704 981 alia
719 909 905 984 observata
920 917 1004 983 sunt
1019 935 1120 985 more
1138 913 1256 988 solite.

88 1036 219 1109 Eadem
241 1035 313 1122 die,
335 1033 426 1106 hora
442 1056 688 1130 vesperarum,
716 1039 813 1131 Papa
831 1041 977 1133 paratus
999 1035 1144 1129 amictu,
1168 1039 1262 1131 alba,
1291 1042 1367 1114 cin-

45 1162 132 1258 gulo,
157 1159 252 1234 stola
271 1159 428 1232 violacea
449 1163 485 1230 et
504 1181 618 1256 cappa
640 1161 685 1234 de
704 1161 871 1250 scarleto,
892 1167 1033 1235 retento
1054 1161 1170 1235 bireto
1192 1165 1300 1239 etiam
1322 1169 1366 1240 de

43 1287 186 1360 scarleto
209 1309 281 1382 quo
303 1284 340 1357 in
363 1305 507 1357 camera
528 1285 579 1356 nti
602 1285 725 1358 solitus
751 1292 819 1376 est,
836 1309 944 1360 cruce
964 1292 1001 1359 et
1025 1287 1264 1362 cardinalibus
1283 1317 1368 1390 per-

43 1412 270 1508 sequentibus
293 1417 329 1482 et
352 1408 642 1506 precedentibus,
675 1415 710 1482 et
734 1411 974 1484 cardinalibus
1001 1413 1045 1486 de
1076 1414 1226 1488 Sabellis
1258 1423 1293 1491 et
1322 1420 1366 1491 de

44 1537 209 1610 Columna
233 1534 485 1610 assistentibus
511 1541 592 1631 post
619 1559 745 1608 omnes
765 1537 853 1610 alios
879 1536 1080 1611 cardinales
1101 1539 1364 1637 incedentibus

43 1661 112 1735 sine
129 1661 238 1736 mitra
251 1659 350 1734 venit
365 1661 411 1733 ad
427 1660 602 1756 capellam
617 1661 831 1758 predictam,
851 1668 893 1736 R.
913 1669 955 1738 D.
976 1667 1147 1767 episcopo
1163 1669 1366 1744 Tlreauensi

43 1789 238 1877 assistente,
256 1785 417 1859 fimbrias
433 1809 545 1883 cappe
567 1789 662 1882 Papa
683 1785 787 1858 simul
804 1787 1070 1887 collectaspost
1086 1799 1364 1888 comportante,

45 1913 108 2002 ubi,
133 1909 277 1985 omissis
306 1909 465 2006 vesperis
492 1908 574 1982 testi
605 1933 626 1982 a
654 1910 863 1984 cantoribus
891 1913 986 1987 dicte
1017 1924 1099 1989 sunt
1125 1940 1273 2014 vespere
1301 1943 1366 2016 pro

44 2037 232 2126 defunctis,
264 2040 300 2108 et
328 2034 424 2107 dicto
448 2057 456 2107 :
481 2035 705 2132 requiescant
727 2036 765 2107 in
788 2061 892 2132 poce,
924 2038 1001 2112 sine
1025 2065 1138 2137 pausa
1163 2043 1295 2138 aliqua,
1322 2045 1367 2117 ab

44 2163 169 2237 eisdem
196 2163 340 2259 incepto
370 2161 545 2235 matutine
576 2167 611 2234 et
638 2161 683 2234 ad
711 2161 821 2236 finem
852 2165 1080 2240 continuate:
1100 2171 1196 2264 Papa
1231 2174 1301 2242 tam
1328 2170 1365 2241 in

45 2289 193 2384 vesperis
217 2312 325 2384 quam
348 2289 384 2358 in
407 2287 591 2360 matutinis
614 2286 702 2360 dixit
724 2289 951 2374 orationem:
975 2290 1152 2365 Fidelium
1172 2293 1271 2366 Deus
1296 2319 1367 2367 om-

47 2416 147 2505 nium,
171 2427 253 2502 etc,
271 2413 337 2487 sed
355 2412 475 2486 omnia
502 2411 572 2486 alia
593 2435 695 2486 more
716 2413 821 2487 solito
844 2421 927 2487 sunt
946 2416 1146 2489 observata.
1173 2418 1244 2492 Sed
1264 2442 1367 2516 supe-

46 2539 108 2612 rius
143 2540 266 2637 plures
301 2561 441 2612 errores
479 2537 664 2611 commissi
701 2544 782 2611 snut
811 2565 819 2612 :
850 2541 1006 2636 primus,
1041 2543 1231 2616 cardinalis
1263 2546 1365 2640 sequi

47 2664 190 2738 debebat
207 2668 340 2762 Papam
354 2670 390 2737 et
405 2686 477 2735 non
495 2663 710 2760 precedere;
734 2667 927 2756 secundae,
947 2667 1018 2740 duo
1035 2668 1177 2742 diaconi
1197 2669 1365 2744 assistere

46 2789 139 2879 soliti,
156 2789 339 2864 debebant
353 2790 405 2863 ire
421 2793 503 2886 post
522 2788 666 2861 ultimos
682 2789 913 2887 presbyteros
930 2790 1146 2883 cardinales,
1169 2793 1252 2889 quia
1268 2797 1364 2891 Pape

44 2913 173 2988 mitram
187 2939 259 2988 non
270 2915 417 2988 babenti
433 2938 506 2987 non
523 2913 563 2987 lit
574 2913 795 3000 assistentia3
815 2915 956 3006 tertius,
971 2917 1069 3011 quod
1084 2917 1178 2990 inter
1191 2943 1362 3015 vesperas

45 3047 75 3114 et
88 3041 298 3117 matutinum
313 3040 468 3115 debebat
483 3041 579 3112 bona
599 3063 712 3136 pausa
736 3039 814 3112 lieri
829 3045 865 3111 et
879 3063 945 3135 per
957 3040 1228 3115 inchoationem
1243 3049 1362 3116 matu·

46 3166 185 3242 tinorum
205 3193 270 3266 per
292 3174 426 3266 Papam
448 3171 602 3240 stantem
624 3165 722 3264 prius
744 3169 856 3240 Pater
876 3167 1007 3240 Noster
1026 3174 1166 3240 secrete
1187 3168 1271 3261 dici,
1291 3193 1359 3266 que

45 3295 164 3387 omnia,
190 3319 256 3393 per
278 3317 453 3385 errorem,
481 3299 518 3366 ut
539 3293 771 3390 premittitur,
799 3292 1034 3381 transierunt;
1064 3292 1175 3366 altare
1200 3294 1358 3369 habebat

46 3419 177 3514 pallium
192 3420 335 3519 nigrum
351 3425 387 3494 et
403 3419 508 3494 sedes
520 3423 616 3516 Pape
630 3418 845 3492 violaceum.

86 3543 181 3618 Feria
195 3551 337 3641 quarta,
356 3551 376 3618 2
392 3544 527 3619 mensis
543 3544 761 3634 novembris,
778 3545 1074 3618 commemoratio
1090 3547 1252 3619 omnium
1268 3547 1359 3619 lide·

45 3664 119 3739 lium
138 3669 405 3760 detunctorum,
429 3671 492 3744 SS.
517 3674 559 3742 D.
579 3673 621 3742 N.
640 3674 786 3766 paratus
808 3668 954 3758 amictu,
978 3667 1071 3757 alba,
1091 3667 1250 3765 cingulo,
1270 3671 1362 3745 stola

47 3787 198 3882 violacea,
223 3792 366 3890 pluviali
391 3770 511 3865 rubeo
525 3791 677 3887 simplici
697 3797 732 3864 et
752 3791 858 3864 mitra
878 3791 1057 3888 simplico,
1082 3793 1210 3866 melius
1230 3795 1360 3870 luisset
1384 3800 1388 3808 '

46 3935 80 3984 er
98 3915 326 3991 damaschino
349 3917 503 4014 simplici
525 3916 713 4011 expertis,
736 3915 833 3988 venit
854 3916 899 3988 ad
921 3916 1097 4012 capellam
1115 3921 1359 4016 supradictam

46 4037 95 4108 ubi
109 4041 211 4115 misse
228 4043 372 4139 publice
387 4041 547 4115 interluit
563 4065 671 4136 quam
687 4045 812 4114 Rmus
832 4045 878 4114 D.
895 4041 1085 4116 cardinalis
1103 4045 1357 4120 Ulixbonensis

46 4162 217 4238 celebravit
237 4167 274 4238 in
294 4166 513 4264 paramentis
534 4164 646 4262 nigris
669 4150 783 4238 :dixit
803 4190 910 4239 unam
936 4169 1137 4243 orationem
1156 4175 1295 4244 tantum
1317 4172 1362 4245 ad

46 4309 136 4380 quam
158 4293 409 4367 sanctissimus
433 4297 530 4390 Papa
555 4291 766 4386 genuflexus
794 4293 1005 4385 faldistorio,
1033 4318 1074 4368 ac
1099 4295 1157 4368 alii
1180 4321 1307 4372 omnes
1325 4299 1361 4372 in

45 4409 118 4486 locis
137 4419 207 4492 suis
233 4419 519 4515 genuflexernnt.
547 4416 663 4490 Finita
689 4416 812 4506 missa,
840 4418 1042 4510 celebrans,
1070 4421 1227 4495 dimissis
1253 4424 1355 4518 juxta

46 4535 137 4614 altare
158 4545 392 4641 paramentis,
415 4549 564 4642 accepta
590 4567 717 4640 cappa,
740 4542 801 4615 ivit
821 4543 865 4616 ad
884 4543 1007 4616 locum
1028 4569 1132 4628 suum
1152 4546 1246 4622 iuter
1268 4548 1357 4622 alios

46 4666 236 4760 1111111111,
256 4669 465 4744 cantoribus
489 4669 635 4743 interim
656 4669 927 4766 responsorium
946 4697 952 4742 :
969 4669 1099 4744 Libero
1116 4695 1171 4744 me
1187 4673 1356 4763 Domina·

47 4785 237 4871 dicentibus.
262 4802 338 4885 Quo
360 4797 461 4871 finito
480 4821 564 4870 cum
582 4797 676 4871 libro
699 4799 796 4893 Papa
819 4795 969 4870 absolvit
990 4821 1092 4870 more
1113 4797 1231 4890 solito,
1247 4810 1355 4897 prout

48 4911 74 4984 in
86 4923 306 4997 ceremoniali
320 4923 525 4996 ordinatum
540 4929 609 4997 est.

84 5044 175 5120 leria
189 5049 361 5139 secunda,
381 5055 400 5122 7
417 5049 553 5148 mensis
574 5049 792 5138 novembriS,
817 5048 939 5122 habite
960 5053 1043 5120 sunt
1068 5047 1218 5144 exequie
1236 5073 1354 5146 quon·

50 5164 113 5241 lan
134 5173 262 5246 Urbani
285 5175 329 5248 dc
360 5173 477 5248 Flisco
505 5174 665 5272 episcopi
695 5174 961 5264 Foroliviensis,
997 5173 1034 5246 in
1064 5173 1220 5248 ecclesia
1249 5175 1352 5248 beate
