3464 6042
113 458 233 528 [11111189]
423 453 550 514 RERUM
574 451 800 510 URBANARUM
825 450 1087 508 COMMENTARll.
1364 454 1417 510 353

108 614 196 709 juxta
209 609 413 698 Minervam,
426 615 496 682 etc.
521 611 632 682 Facta
647 605 807 680 oratione
822 611 904 680 ante
918 607 1043 697 altare,
1061 605 1210 680 dimisso
1224 607 1414 704 capucino,

109 735 230 834 accepit
252 733 416 832 pluviale,
446 734 532 808 lecit
556 732 839 823 contessionem,
864 732 1018 807 accessit
1041 732 1086 806 ad
1106 732 1250 824 solium,
1275 735 1416 833 accepit

106 861 286 938 cardinales
315 862 360 934 ad
394 859 647 949 reverentiam,
678 864 714 932 01
749 858 819 932 0110
839 881 940 932 more
972 857 1077 932 solito
1107 863 1190 932 sunt
1215 860 1413 935 observata

107 985 232 1060 Missam
256 983 450 1060 celebrarit
474 989 516 1058 n.
542 989 581 1058 P.
610 989 653 1057 b.
674 984 916 1083 Hieronymus
932 983 1121 1081 episcopus
1148 983 1312 1060 Cbiensis
1336 985 1410 1084 (l):

105 1112 179 1185 dixit
197 1133 302 1184 unam
323 1109 526 1185 orationem
550 1115 690 1184 tautum
713 1115 750 1184 01
767 1109 1008 1206 prelationem
1024 1109 1068 1182 de
1088 1110 1273 1206 apostolis,
1289 1119 1326 1186 et
1340 1134 1413 1186 non

105 1235 295 1312 tuitscrmo.
321 1235 451 1310 Prolati
473 1257 601 1308 omnes
622 1232 885 1330 archiepiscopi
906 1239 942 1306 et
964 1231 1138 1329 episcopi,
1162 1234 1410 1330 protonotarii,

105 1359 310 1452 subdiaconi,
338 1359 534 1452 auditores,
559 1357 679 1433 clerici
704 1357 1349 1455 001110100100011111101011001001
1377 1359 1414 1432 in

103 1485 209 1584 cappis
229 1493 264 1560 01
282 1485 341 1560 alii
369 1475 415 1558 111
423 1481 558 1558 'habitu
587 1491 762 1558 consueto
788 1507 859 1580 quo
883 1483 1034 1580 quisque
1063 1481 1100 1556 in
1124 1483 1263 1580 capella
1285 1483 1410 1558 utitur.

103 1610 288 1686 cardinales
311 1609 471 1708 episcopi
492 1608 746 1708 etpresbyteri
771 1609 946 1684 sedebant
967 1609 1004 1682 in
1026 1609 1194 1682 scammis
1213 1609 1412 1684 muralibus

101 1739 137 1810 ad
155 1737 311 1812 dextram
332 1737 411 1812 solii
431 1741 541 1834 Papa,
559 1736 655 1832 qaod
675 1736 720 1810 ad
739 1734 920 1809 sinistram
937 1733 1038 1807 chori
1062 1733 1226 1836 intrantis
1247 1741 1411 1831 paratum

99 1871 178 1954 erat,
191 1865 283 1938 inter
295 1886 386 1961 quos
401 1863 533 1938 mansit
559 1862 659 1960 prior
681 1861 973 1961 presbyterorum
999 1859 1059 1956 qui
1080 1858 1210 1934 deinde
1226 1859 1272 1934 ad
1286 1861 1412 1934 minis·

100 1991 247 2062 trandum
273 1995 423 2064 uocatus
444 1986 622 2062 ueniebat.
649 1985 798 2061 Diaconi
822 1991 943 2060 autem
963 1984 1137 2060 sedebant
1159 1986 1203 2058 ad
1230 1985 1410 2062 sinistram

101 2116 255 2212 Papesub
271 2115 415 2189 tribuno
433 2113 554 2188 altaris
571 2113 608 2186 in
634 2112 772 2188 eisdem
796 2111 941 2186 sedibus
962 2109 1160 2184 muralibus
1179 2118 1275 2184 retro
1302 2111 1411 2186 assis-

98 2245 198 2314 tentes
213 2263 326 2338 prope
340 2239 497 2338 prelatos
510 2237 570 2335 qui
584 2239 759 2314 sedebant
783 2237 818 2310 in
842 2235 1012 2310 scammis
1036 2234 1151 2310 bassis
1170 2235 1216 2308 ad
1229 2235 1410 2312 sinistram

99 2365 192 2460 Papa,
208 2364 243 2438 in
265 2365 374 2464 plano
398 2364 535 2463 capelle
563 2364 609 2438 ad
635 2361 802 2438 dextram
827 2360 991 2435 intrantis
1016 2359 1166 2435 chorum
1191 2361 1406 2458 predictam.

98 2488 377 2564 intransversum
402 2489 508 2585 positi
535 2495 638 2564 erant
654 2487 759 2562 banci
780 2485 890 2584 lignei
911 2507 977 2582 pro
1001 2484 1161 2582 prelatis,
1191 2485 1226 2558 in
1253 2510 1408 2582 quorum

96 2612 196 2707 primo
225 2613 393 2690 videlicet
416 2614 598 2689 anteriora
636 2613 807 2688 sederunt
830 2609 1067 2709 protonotarii
1087 2609 1295 2706 :digniores
1323 2635 1408 2688 1010

95 2737 204 2833 prelati
216 2738 381 2814 uidelicet
407 2748 570 2814 oratores
595 2747 632 2814 et
652 2738 711 2812 alii
736 2737 905 2812 sederunt
926 2735 962 2808 in
978 2733 1105 2808 ultimo
1122 2736 1251 2812 murali
1269 2735 1405 2830 banco;

97 2861 210 2938 deinde
226 2865 284 2938 alii
302 2871 384 2940 ante
401 2889 465 2940 000
480 2871 587 2964 prout
599 2865 636 2940 in
652 2865 792 2964 capella
806 2870 943 2938 nostra.
961 2859 1190 2952 subdiaconi,
1206 2861 1403 2954 auditores,

95 2985 200 3064 clerici
230 3015 391 3082 camere,
426 2991 602 3092 acolythi,
640 2989 850 3066 cubicularii
877 2993 977 3062 extra
1006 2965 1420 3084 0011101010011110011-Ι

95 3117 212 3188 ratores
246 3116 420 3192 sederunt
451 3117 614 3192 interra
652 3116 747 3189 inter
778 3115 907 3188 solium
939 3116 1034 3207 Pape
1069 3117 1105 3184 01
1134 3111 1267 3186 bancos
1290 3113 1407 3209 prela-

95 3239 207 3331 torum,
237 3241 351 3318 lacies
387 3245 483 3340 Papo
510 3248 690 3318 vertentes
720 3265 728 3314 ε
758 3246 920 3316 oratores
944 3260 1029 3312 vero
1055 3235 1137 3312 laici
1166 3236 1339 3312 sederunt
1367 3237 1403 3310 in

92 3359 192 3439 banco
216 3367 347 3442 murali
369 3369 472 3465 juxta
495 3367 627 3442 ostium
652 3367 698 3442 ad
727 3368 889 3440 dextram
921 3365 1086 3440 intrantis
1113 3385 1268 3462 quorum
1294 3363 1404 3438 100100

91 3493 250 3566 uertentes
266 3493 385 3584 altari,
414 3499 522 3591 caput
544 3499 621 3570 erat
636 3494 740 3591 juxta
760 3492 905 3565 ostium.
931 3491 1138 3566 Cardinales
1160 3495 1334 3564 venerant
1359 3487 1406 3564 ad

90 3611 246 3691 circulum
262 3639 331 3692 suo
354 3627 533 3717 ternpore.
555 3617 723 3694 Scutileri
748 3621 844 3714 Papa
864 3639 938 3690 uon
961 3616 1163 3692 habuerunt
1186 3613 1321 3703 locum,
1340 3612 1405 3687 sed

88 3740 246 3816 steterunt
267 3749 371 3818 extra
394 3742 559 3818 chorum.
577 3745 615 3814 ln
639 3741 712 3816 fine
738 3740 863 3830 misse,
883 3743 979 3836 Papa
1000 3739 1099 3814 dedit
1113 3737 1403 3814 benedictionem

89 3866 117 3934 et
130 3863 362 3966 indulgentias
385 3867 564 3965 plenarias
581 3891 671 3964 quas
700 3865 890 3964 publicavit
912 3865 1121 3952 celebrans3
1147 3863 1405 3938 (1011106000-

88 3985 246 4066 11100010
275 3992 409 4067 creavit
436 3992 473 4065 in
503 3992 668 4083 militem,
702 3974 842 4093 Sixtum
872 3992 966 4068 Rmi.
999 3995 1042 4066 D.
1073 3989 1264 4066 cardinalis
1290 3988 1402 4064 sancti

90 4109 170 4186 Petri
185 4117 228 4189 ad
243 4115 399 4192 Vincula
420 4139 465 4190 ex
492 4139 616 4192 sorore
641 4139 707 4192 sua
732 4127 918 4215 nepotem,
943 4118 1001 4192 cui
1025 4117 1060 4189 in
1088 4117 1160 4190 line
1180 4114 1343 4189 habitum
1369 4139 1398 4186 s.

90 4234 244 4313 lobannis
270 4240 587 4339 llierosolymitani
612 4240 800 4342 imposui13
835 4241 978 4332 deinde,
1011 4241 1167 4316 dimissis
1188 4247 1270 4316 ante
1291 4241 1402 4315 altare

90 4359 192 4456 mitra,
223 4365 368 4464 pluviali
393 4372 429 4442 01
455 4365 560 4458 01010,
592 4374 742 4466 accepto
770 4367 967 4464 capuccinn
988 4373 1024 4442 et
1048 4365 1119 4440 alia
1144 4365 1253 4456 stola,
1278 4373 1402 4463 porta-

91 4489 137 4556 tus
150 4491 259 4564 estad
278 4491 450 4589 palatium
472 4481 665 4566 cardinalis
689 4491 840 4588 predicti
859 4491 962 4589 juxta
979 4491 1164 4566 basilicam
1184 4489 1398 4589 predictam,

90 4608 137 4681 ubi
151 4611 231 4688 lecit
243 4615 433 4712 prandium
448 4623 484 4690 et
499 4616 620 4714 plures
633 4617 833 4692 cardinales
849 4639 933 4690 cum
950 4640 1006 4692 eo.

130 4737 259 4814 Eodem
275 4740 346 4832 die,
362 4741 459 4816 circa
473 4741 604 4818 horam
621 4765 680 4834 xx,
702 4741 895 4839 episcopus
910 4741 971 4838 qui
987 4740 1095 4814 hodie
1115 4741 1325 4829 celebravit,
1344 4763 1404 4814 os-

94 4861 193 4936 tendit
206 4865 372 4962 reliquias
386 4866 582 4944 inbasilica
595 4869 759 4967 predicta
777 4869 988 4959 existentes,
1007 4872 1104 4965 Papa
1118 4875 1153 4942 et
1168 4869 1407 4944 cardinalibus

90 4979 120 5053 in
144 4991 304 5086 opposito
334 4967 554 5092 organorum
582 4995 735 5070 ecclesie
761 4995 818 5069 ubi
840 5001 1005 5070 cantores
1027 4995 1098 5070 hoc
1121 5017 1228 5072 mane
1248 4994 1405 5070 0111010111

120 5137 141 5190 l.
160 5139 242 5197 liade
257 5141 332 5200 Chio.

216 5275 242 5313 τ.
263 5277 281 5314 1.
1227 5264 1262 5322 ’23
