3424 6038
90 458 308 524 [Novembrelttt]
402 455 528 513 RERUM
551 453 779 526 UHBANAHUM
803 453 1066 514 COMMENTARH.
1348 457 1403 512 275

89 617 169 700 ruul,
193 611 263 684 duo
289 610 435 684 diaconi
461 617 613 685 tantum
632 611 735 686 Prior
757 634 841 685 vero
857 611 1154 710 presbyterorum
1172 608 1405 684 cardinalium

88 743 216 810 vocatus
238 735 285 808 ad
315 736 590 810 ministrandam
613 737 813 822 naviculam
838 759 903 834 pro
923 734 1156 834 impositione
1182 735 1319 808 incensi
1339 758 1406 832 pro

86 859 319 934 incensatione
348 860 555 952 oblationis,
590 867 672 960 post
709 860 934 935 offertorium
964 859 1180 934 ministravit
1206 859 1406 934 naviculam

85 985 253 1084 pontifici;
270 993 347 1059 tum
364 986 469 1060 rediit
484 986 529 1059 ad
547 986 669 1060 locum
685 1009 791 1060 suum
810 987 903 1061 inter
917 985 1006 1060 alios
1025 991 1074 1074 et,
1092 985 1280 1058 incensato
1300 985 1403 1058 altari

86 1117 115 1183 et
127 1110 341 1200 celebrante,
360 1111 493 1185 iterum
508 1119 655 1187 vocatus
670 1111 869 1187 incensavit
882 1111 1094 1210 pontificem
1106 1115 1143 1184 et
1156 1133 1199 1184 eo
1214 1109 1400 1186 incensato

85 1236 121 1308 ad
138 1235 257 1310 locum
282 1260 388 1310 suum
408 1236 503 1311 inter
522 1236 611 1310 alios
634 1236 834 1310 cardinales
860 1235 976 1310 rediit.
1003 1239 1128 1310 Rmus.
1155 1239 1198 1310 D.
1227 1238 1401 1336 Georgius

83 1361 258 1435 cardinalis
286 1361 538 1436 Ulixbonensis
563 1361 756 1437 celebravit
785 1361 947 1435 missam.
983 1360 1168 1435 Diaconus
1190 1363 1235 1436 ad
1250 1387 1401 1461 evange·

82 1486 158 1559 lium
186 1487 289 1586 petiit
316 1485 608 1562 benedictionem
636 1512 656 1561 a
684 1485 855 1585 pontifice
891 1493 928 1561 et
952 1485 1106 1560 obtinuit
1141 1511 1206 1584 per
1236 1513 1399 1564 errorem

82 1637 205 1703 meum,
232 1637 342 1708 quam
366 1637 439 1686 non
468 1611 623 1687 debebat
647 1621 784 1712 petere.
812 1611 937 1686 Nullus
962 1619 1085 1687 tamen
1114 1611 1211 1686 hunc
1238 1635 1399 1687 errorem

80 1739 215 1813 notavit.
235 1741 297 1812 SS.
315 1742 358 1811 D.
378 1741 420 1814 N.
438 1745 521 1834 post
536 1737 698 1830 missam,
724 1739 761 1812 in
783 1762 898 1836 cappa
916 1739 1090 1837 predicta,
1109 1739 1194 1814 lecit
1209 1737 1401 1812 absolutio·

84 1887 158 1938 nem
175 1867 397 1937 consuetam.
416 1862 636 1937 assistentes
648 1863 707 1959 qui
717 1863 797 1937 beri
812 1887 893 1939 sero
906 1871 987 1963 post
996 1865 1156 1963 vesperis
1167 1864 1399 1939 etmatntinis

78 1989 108 2061 in
121 1989 296 2064 mantellis
312 1996 349 2062 et
369 1987 527 2086 capuciis
547 1994 586 2061 ut
607 2013 716 2088 supra
735 1997 921 2081 venerant,
942 1991 1173 2088 impudenter
1196 1991 1266 2064 hoc
1290 2014 1397 2063 mane

77 2113 160 2188 latue
182 2115 365 2188 redierunt
385 2113 423 2186 in
449 2112 589 2187 eisdem
608 2114 738 2188 eodem
758 2115 881 2206 modo,
899 2117 1062 2212 ejusdem
1082 2114 1279 2190 lileriensis
1296 2138 1399 2187 vene-

78 2239 186 2312 rabilis
201 2238 311 2338 patris
321 2236 500 2336 jussione,
512 2237 571 2333 qui
582 2237 791 2335 pontificem
805 2239 840 2312 iu
856 2239 1028 2313 mantello
1041 2245 1076 2313 et
1087 2239 1237 2337 c'apucio
1253 2238 1396 2312 inverso

78 2365 291 2460 gradientem
307 2387 346 2438 se
362 2385 546 2460 nunquam
558 2362 688 2438 vidisse
703 2364 790 2438 dixit
805 2370 840 2438 et
856 2389 877 2438 a
891 2365 944 2438 Pii
960 2388 1052 2463 pape
1069 2365 1219 2439 secundi
1234 2371 1396 2462 tempore

77 2491 237 2565 curialem
253 2489 543 2565 ceremoniarum
564 2488 671 2586 longe
694 2489 800 2564 nobis
819 2491 1028 2588 peritiorem
1051 2490 1264 2588 magistrum
1285 2490 1392 2563 lore:

79 2616 228 2691 fimbrias
245 2640 373 2690 omnes
394 2639 507 2714 cappe
533 2615 720 2689 Pontificis
744 2641 766 2690 a
791 2623 888 2692 retro
909 2615 1016 2690 simul
1038 2616 1207 2691 collectas
1229 2616 1396 2692 intrando

77 2742 241 2840 capellam
258 2750 296 2816 et
310 2742 496 2816 redeundo
516 2767 559 2817 ex
582 2745 709 2818 eadem
731 2741 885 2841 portavit
905 2741 1200 2840 archiepiscopus
1218 2741 1397 2814 Florenti·

75 2892 144 2960 nus,
170 2869 311 2968 primus
335 2867 521 2960 assistens,
547 2875 790 2958 monstruose,
815 2871 990 2965 utsupra,
1007 2865 1166 2940 indutus.
1186 2865 1397 2941 Omniaalia

76 3001 236 3084 actasunt
251 2994 376 3069 ordine
389 3001 577 3069 consueto.
703 3057 708 3071 .

118 3121 283 3211 Sabbato,
304 3125 347 3194 10
364 3120 500 3196 mensis
510 3119 728 3210 novembris,
741 3119 807 3193 luit
819 3120 913 3194 lacta
928 3117 1164 3216 proclamatio
1172 3118 1315 3216 publica
1330 3141 1396 3216 per

77 3243 195 3318 Urbem
220 3245 319 3342 quod
339 3244 512 3343 deinceps
532 3245 648 3343 grossi
670 3245 851 3320 llorentini
870 3245 1011 3343 pondus
1033 3267 1106 3318 non
1127 3243 1305 3318 habentes
1320 3265 1396 3314 non

75 3371 284 3467 recipiantur
320 3369 376 3444 vel
405 3371 680 3468 expandantur;
709 3369 850 3468 pondus
880 3375 1003 3444 autem
1034 3367 1209 3443 habentes
1240 3375 1394 3465 quatuor

76 3501 258 3590 quatrenos
275 3517 358 3569 cum
373 3493 522 3569 dimidio
539 3504 575 3570 et
590 3518 663 3569 non
679 3495 795 3592 magis
809 3494 952 3568 valeant
968 3518 976 3582 ;
996 3499 1031 3569 et
1046 3494 1149 3590 plura
1163 3495 1245 3568 alia.

118 3621 215 3694 Feria
230 3619 335 3694 tertia
356 3619 490 3694 mensis
513 3619 731 3710 novembris,
758 3620 849 3693 hora
868 3645 948 3694 xxu
963 3621 1018 3694 vel
1035 3621 1144 3714 circa,
1162 3645 1229 3719 per
1252 3627 1394 3720 portam

76 3745 227 3819 l'iridarii
244 3745 387 3818 intravit
402 3745 536 3818 Urbem
555 3745 768 3842 lllagdalena
789 3743 864 3818 filia
884 3747 1065 3820 Laurentii
1082 3747 1127 3820 de
1142 3747 1294 3821 Medicis
1309 3747 1394 3822 civis

75 3871 270 3960 Florentini,
287 3894 356 3967 que
373 3871 462 3944 alias
477 3877 590 3968 nupta
605 3877 659 3945 est
675 3869 869 3946 Francisco
884 3871 971 3947 Cibo
990 3876 1053 3948 SS.
1074 3877 1117 3946 l).
1136 3876 1178 3946 N.
1194 3897 1285 3970 pape
1303 3871 1391 3962 lilio,

75 3997 182 4093 nepoti
197 4002 405 4094 nuncupato
422 3995 484 4096 (l),
502 4019 585 4070 cum
598 4004 713 4072 matre
728 4023 794 4072 sua
809 4005 845 4073 et
858 3996 981 4072 multis
997 3997 1208 4070 mulieribus
1232 4002 1268 4070 et
1287 3995 1395 4068 lami-

74 4117 221 4215 liaribus,
240 4145 311 4219 que
326 4129 428 4196 extra
442 4129 584 4220 portam
600 4123 843 4220 permodicus
859 4147 987 4222 passus
1003 4129 1151 4220 recepta
1161 4123 1227 4196 suit
1239 4145 1306 4220 per
1319 4128 1393 4194 tres

77 4265 128 4317 seu
150 4252 303 4343 quatuor
328 4247 487 4344 prelatos
516 4247 639 4344 palatii
667 4253 703 4321 et
724 4247 862 4344 aliquos
893 4271 937 4322 ex
966 4247 1180 4339 oratoribus,
1215 4245 1393 4320 associata

77 4391 172 4467 usque
199 4375 246 4448 ad
267 4375 417 4447 domum
449 4373 578 4471 prelati
615 4373 797 4448 Francisci
822 4375 858 4447 in
886 4379 1005 4473 Burgo
1037 4401 1066 4450 s.
1093 4373 1190 4448 Petri
1219 4369 1388 4470 positam,

76 4515 167 4588 quam
182 4499 270 4572 alias
285 4497 497 4572 inhabitavit
515 4501 557 4570 Ι).
576 4497 752 4572 Antonius
768 4497 813 4574 de
830 4500 1009 4574 Forolivio
1030 4521 1174 4573 camere
1193 4494 1391 4594 apostolice

76 4617 227 4714 clericus,
253 4623 325 4696 hoc
351 4623 477 4696 ordine
508 4647 515 4695 :
547 4623 703 4720 primum
729 4623 932 4720 equitarunt
953 4621 1088 4695 familie
1116 4621 1337 4718 prelatorum
1356 4623 1393 4692 et

77 4754 245 4822 oratorum
280 4747 537 4845 predictorum,
572 4749 702 4824 deinde
733 4749 866 4823 familia
894 4721 1040 4847 sponse.
1067 4751 1157 4822 Tum
1179 4745 1393 4820 Franciscus

80 4870 153 4945 Cibo
177 4899 341 4972 sponsus,
368 4875 509 4948 medius
535 4873 630 4948 inter
660 4879 806 4949 Petrum
840 4875 1020 4949 Laurentii
1047 4874 1195 4972 tratrem
1218 4895 1349 4970 sponse
1374 4893 1395 4944 a

110 5059 135 5116 l.
152 5059 203 5119 Par
216 5063 298 5138 tgard
310 5080 378 5138 pour
391 5063 416 5119 le
427 5059 590 5121 saint-Pare.
603 5062 644 5120 On
661 5066 772 5120 connalt
785 5059 890 5137 l’adage
906 5079 913 5119 :
930 5063 1005 5118 Filii
1020 5064 1258 5134 presbyterorum
1278 5071 1394 5134 nepotes

82 5160 221 5210 vocantur.
241 5153 312 5227 Vov.
328 5151 437 5220 Marini,
452 5152 501 5208 Ga·
515 5153 661 5208 archiatri
672 5153 830 5226 Pontificio,
843 5159 863 5210 t.
878 5152 901 5222 l,
917 5171 945 5227 p.
961 5155 1026 5210 221.
