3508 6034
95 479 178 550 ihr-rit
193 479 263 550 1492]
428 477 554 534 RERUM
579 477 807 537 URBANARUM
832 481 1095 540 condensatur.
1374 489 1428 544 467

142 633 343 708 Cardinalis
357 633 642 734 Rechanatensis
653 631 780 707 obtulit
793 640 930 708 tantum
940 635 1029 710 duos
1038 659 1185 733 grossos
1199 637 1422 730 llorentinos,

91 736 283 862 ‹tardiiralis
299 764 337 854 et
349 760 526 835 Ascanius
543 759 693 835 ducatos
707 761 881 860 quinque,
898 762 1049 836 Medicis
1067 767 1152 852 tres,
1171 763 1229 836 alii
1246 789 1359 838 unum
1369 767 1425 840 vel

91 883 323 978 alphonsum.
343 883 573 958 Offertorium
595 887 759 962 ascendit
780 887 831 960 ad·
840 887 989 964 ducatos
1020 888 1055 960 in
1079 911 1165 962 auro
1189 887 1336 986 triginta
1357 915 1423 964 no-

91 1031 186 1096 vem,
212 1009 407 1105 alphonsos
424 1017 497 1096 tres
524 1017 560 1084 et
572 1011 608 1083 in
624 1019 773 1086 moneta
788 1013 832 1086 ad
848 1013 1013 1086 carlenos
1029 1013 1226 1112 nonaginta
1241 1014 1297 1088 vel
1310 1013 1418 1090 circa.

139 1133 277 1206 Eadem
291 1134 348 1207 die
370 1135 465 1208 circa
484 1136 613 1210 horam
635 1162 709 1228 xxi,
732 1138 875 1246 incapte
898 1139 1042 1211 luerunt
1065 1140 1237 1212 matutine
1254 1141 1423 1214 tenebra-

91 1283 168 1332 rum
185 1260 223 1334 in
246 1261 384 1359 capella
406 1261 579 1359 predicta,
608 1267 705 1361 Papa
729 1265 891 1360 absente.
920 1269 1030 1336 Rmus
1052 1267 1097 1336 D.
1124 1263 1314 1337 cardinalis
1342 1267 1424 1336 l'ar-

89 1387 229 1460 mensis
245 1387 303 1460 die
319 1389 476 1461 crastina
490 1389 737 1464 celebraturus
757 1391 846 1464 dixit
861 1367 1073 1497 orationem.

138 1513 299 1588 Sabbato
309 1517 350 1584 tt
365 1513 500 1610 aprilis,
515 1518 638 1588 Rmus.
651 1520 694 1590 D.
711 1516 902 1610 cardinalis
914 1515 1134 1608 Parmensis,¹
1149 1521 1246 1616 Papa
1256 1517 1418 1606 ahsente,

88 1639 285 1716 celebravit
307 1639 468 1712 officium
489 1639 525 1712 in
546 1641 684 1736 capella
705 1619 900 1738 sepedicta,
926 1644 962 1715 in
983 1643 1193 1740 quaomnia
1214 1665 1316 1718 more
1333 1667 1422 1718 con-

88 1775 196 1840 sueto
218 1772 302 1839 sunt
327 1765 525 1839 observata.
554 1767 741 1854 Cantores,
767 1766 876 1840 finitis
905 1768 1104 1864 prophetiis
1125 1775 1161 1842 et
1183 1769 1418 1858 orationibus,

88 1895 166 1968 sine
180 1917 298 1982 mora,
316 1916 389 1968 non
406 1900 640 1990 expectantes
657 1892 753 1988 quod
768 1891 955 1966 celebrans
976 1892 1158 1990 planetam
1174 1893 1373 1992 deponeret
1386 1901 1422 1968 et

86 2020 133 2093 ad
150 2020 350 2094 scabellum
372 2019 522 2108 veniret,
545 2019 760 2116 inceperunt
777 1997 938 2108 litanias;
961 2020 1059 2115 quod
1080 2020 1201 2094 lacere
1221 2045 1293 2094 non
1309 2020 1422 2095 dehe-

85 2145 273 2234 hant,‚sed
288 2169 416 2219 omnes
431 2153 637 2242 expectare.

137 2271 329 2346 Dominica
350 2271 487 2346 Pascha
510 2269 788 2346 resurrectionis
806 2269 991 2342 salvatoris
1013 2269 1127 2342 nostri
1141 2275 1172 2342 J.
1191 2269 1336 2360 Christi,
1356 2274 1418 2346 SS.

88 2398 130 2468 ll.
145 2398 189 2468 N.
203 2400 350 2492 paratus
365 2417 467 2468 more
481 2395 587 2466 solito
603 2391 825 2490 paramentis
841 2398 876 2465 et
891 2393 982 2466 tiara
994 2393 1064 2466 sive
1075 2418 1201 2490 regno,
1220 2395 1286 2468 sub
1298 2395 1421 2470 balda-

87 2519 213 2609 chino,
238 2521 375 2615 absque
399 2520 646 2616 processione,
670 2525 792 2592 tamen
812 2520 906 2591 venit
931 2519 976 2592 ad
993 2521 1176 2595 basilicam
1193 2547 1222 2595 s.
1250 2523 1346 2597 Petri
1361 2524 1419 2597 ubi

90 2649 216 2718 Rmus.
237 2646 280 2718 D.
300 2643 616 2719 vicecancellarius
637 2645 830 2719 celebravit
850 2647 998 2720 missam
1022 2647 1249 2723 solemnem:
1269 2649 1420 2724 creden-

87 2769 180 2843 tiarii
197 2777 415 2865 paraverunt
432 2795 543 2842 unum
557 2794 621 2867 par
636 2770 805 2844 bacilium
822 2777 857 2843 et
873 2771 963 2844 duas
979 2772 1166 2869 mappulas
1181 2774 1420 2870 prolatandis

88 2901 125 2968 et
148 2895 334 2992 tergendis
355 2895 522 2969 manibus
550 2899 645 2992 Pape
680 2902 715 2970 et
738 2895 844 2968 aliam
870 2897 1075 2994 mappulam
1094 2921 1160 2994 pro
1180 2898 1353 2994 partitore
1378 2922 1419 2970 ac

86 3029 245 3094 lerneam
261 3045 326 3118 pro
339 3021 526 3096 credentia
540 3029 574 3094 et
590 3021 740 3094 sacrista
756 3020 906 3094 calicem
923 3021 1170 3120 crystallinum
1190 3045 1272 3096 cum
1292 3022 1419 3096 hostiis

85 3171 152 3244 pro
177 3146 434 3221 communione
454 3146 591 3245 populi,
613 3146 820 3244 mappulam
843 3146 1032 3243 pulchram
1056 3169 1121 3243 pro
1143 3145 1364 3220 subdiacono
1385 3151 1420 3219 et

86 3273 196 3349 aliam
212 3272 380 3348 subtilem
399 3295 465 3370 pro
486 3272 624 3370 gremio
646 3275 739 3367 Pape
761 3272 796 3343 in
817 3272 1073 3346 communione
1091 3270 1254 3370 predicta
1271 3295 1441 3369 mappu-.

85 3401 158 3474 lam
184 3422 268 3474 cum
293 3421 400 3494 parra
425 3403 540 3471 tazzea
563 3419 629 3493 pro
654 3396 836 3472 ablutione
865 3395 1058 3494 digitorum
1081 3401 1191 3494 Pape.
1221 3400 1291 3470 Pro
1318 3419 1419 3470 com-

86 3526 275 3614 munione,
298 3523 394 3600 dioto
420 3522 474 3596 Et
498 3522 599 3596 bomo
618 3524 738 3622 sactus
758 3533 820 3612 est,
846 3521 1020 3596 diaconus
1038 3521 1174 3620 capelle
1194 3521 1348 3620 portavit
1375 3521 1419 3594 ad

87 3653 199 3727 altare
219 3649 370 3724 calicem
388 3647 635 3747 crystallinum
660 3670 743 3722 oum
767 3647 895 3722 hostiis
920 3672 985 3746 pro
1012 3646 1269 3722 communione
1296 3645 1420 3746 populi

88 3786 120 3852 el
136 3780 298 3873 desuper
311 3774 513 3873 corporalia
529 3774 563 3846 in
580 3773 761 3848 oblatione
781 3773 915 3848 hostie.
934 3777 1010 3871 Ego
1026 3772 1308 3850 commemoravi
1323 3773 1420 3847 cele·

88 3904 206 3978 branti
224 3901 362 3978 hostias
382 3900 419 3973 in
441 3899 554 3974 calice
575 3923 641 3996 pro
663 3899 797 3998 populo
819 3905 963 3998 paratas
987 3899 1152 3975 similiter
1166 3900 1202 3972 in
1227 3921 1421 3974 eonsecra-

89 4032 200 4122 tione,
222 4029 282 4126 qui
297 4027 389 4103 calix
402 4025 603 4100 hostiarum
622 4025 762 4098 locatus
778 4024 841 4097 luit
856 4032 937 4121 post
954 4025 1063 4100 alium
1080 4025 1244 4116 calicem,
1263 4030 1302 4096 ut
1316 4023 1416 4098 alias.

87 4149 1419 4248 Celebrans,lactaoommunione,purificationeetablutione‚lavitmanus

87 4281 122 4356 in
149 4305 262 4356 cornu
289 4277 453 4378 epistole,
473 4278 550 4351 sine
575 4277 682 4352 mitra
710 4281 823 4366 stans,
840 4277 987 4351 renibus
1004 4275 1135 4374 populo
1156 4280 1192 4348 et
1212 4273 1303 4348 sacia
1325 4276 1419 4370 Papo

86 4408 199 4482 versis
218 4433 226 4480 :
244 4407 374 4504 quihus
389 4403 472 4478 lotis
487 4404 651 4478 escendit
671 4403 717 4476 ad
735 4403 846 4476 altare
868 4404 905 4476 in
923 4401 1051 4476 eodem
1073 4424 1187 4474 cornu
1208 4404 1417 4496 expectans,

88 4533 181 4608 lacie
196 4533 298 4606 altari
313 4554 430 4606 versa.
447 4533 539 4604 Tum
550 4528 869 4626 diaconuscapelle
884 4535 980 4601 stans
994 4533 1077 4600 ante
1090 4525 1254 4598 intimum
1268 4523 1418 4620 gradum

88 4655 181 4746 solii,
196 4661 232 4730 et
248 4655 476 4746 semiversus,
495 4654 584 4727 dixit
599 4654 791 4751 Confiteor,
809 4659 848 4726 ut
859 4653 960 4744 alias,
980 4659 1016 4724 ot
1037 4655 1133 4747 Papa
1145 4673 1190 4723 ex
1204 4647 1296 4721 libro
1311 4669 1418 4743 quem

88 4781 186 4876 prior
201 4780 445 4854 assistentium
463 4779 622 4869 tenebat,
641 4801 749 4852 cruce
769 4801 833 4850 sua
850 4777 886 4850 in
909 4777 1013 4850 solito
1029 4776 1110 4850 loco
1130 4772 1280 4846 dimissa
1294 4776 1330 4844 et
1347 4793 1420 4842 non

87 4909 288 5002 apportata,
314 4905 400 4979 dixit
421 4905 648 4994 Misereator,
673 4915 752 4994 eto,
778 4910 814 4976 et
835 4902 1107 4998 indulgentiam,
1131 4911 1211 4986 etc,
1234 4905 1270 4970 et
1285 4901 1421 4993 preter-

86 5029 205 5104 missis
217 5029 335 5104 verbis
347 5031 676 5120 etbenedictionem,
689 5041 770 5119 etc„
786 5027 877 5101 nihil
890 5026 1059 5116 dicendo,
1074 5023 1209 5122 populo
1219 5019 1416 5096 benedixit.

87 5158 176 5230 Tum
196 5157 303 5248 sedit,
322 5163 472 5255 accepta
488 5157 608 5245 mitra,
630 5162 666 5230 et
680 5155 764 5229 larit
786 5177 914 5227 manus
938 5151 1063 5227 ordine
1085 5149 1204 5238 solito,
1231 5146 1420 5246 capitaneo
