3508 6034
112 483 265 549 [Decembre
283 481 353 544 lt92]
446 479 572 538 RERUM
596 479 824 538 URBANARUM
848 481 1110 543 COMMENTARH.
1389 495 1444 550 439

108 637 278 711 inclusive
292 643 438 735 paratus
454 643 543 726 erat,
561 635 598 709 in
611 659 682 734 qua
695 636 782 710 dixit
797 638 998 713 orationem
1014 647 1049 714 et
1060 642 1167 732 male,
1186 644 1271 740 quia
1286 646 1441 722 debebat

103 765 183 838 loco
199 763 343 860 planete
356 759 507 859 pluviale
522 785 588 858 pro
604 762 765 836 oratione
781 787 846 860 per
859 786 942 838 eum
954 765 1107 840 dicenda
1121 769 1329 866 hujusmodi
1343 796 1441 846 rece-

103 888 213 987 pisse.
233 888 361 962 Omnia
376 888 445 962 alia
460 911 560 962 more
577 888 682 961 solito
703 895 787 962 sunt
803 889 1004 982 observata,
1023 895 1064 964 D.
1083 893 1222 968 Aldello
1240 897 1339 972 socio
1355 922 1439 973 meo

104 1014 297 1103 referente,
316 1013 376 1110 qui
396 1011 570 1086 interfuit.
590 1013 795 1088 Secundam
814 1014 961 1088 missam
982 1017 1173 1092 celebravit
1193 1019 1302 1094 abbas
1324 1047 1352 1096 s.
1373 1026 1439 1097 Se-

102 1139 256 1214 bastiani
273 1138 434 1212 sacrista.

150 1262 355 1351 Dominica,
381 1267 426 1336 25
454 1263 540 1336 dicti
565 1264 701 1336 mensis
729 1264 946 1356 decembris,
981 1270 1044 1340 SS.
1073 1273 1115 1341 D.
1149 1273 1191 1342 N.
1217 1278 1363 1366 paratus
1391 1298 1435 1347 ev

101 1411 202 1461 more
228 1387 347 1476 solito,
374 1387 419 1461 de
440 1411 585 1462 camera
612 1389 791 1486 papagalli
815 1393 1146 1486 processionaliter,
1176 1417 1330 1492 regnum
1360 1399 1433 1472 sive

104 1516 233 1588 tiaram
271 1514 337 1588 sub
374 1514 590 1588 baldachino
621 1514 760 1589 habeus
793 1516 830 1589 iu
867 1518 1002 1614 capite,
1042 1520 1139 1593 veuit
1166 1520 1212 1592 ad
1246 1521 1434 1598 basilicam

99 1639 359 1738 supradictam,
384 1641 532 1714 missam
555 1641 757 1714 solemnem
783 1641 1044 1716 celebraturus.
1069 1645 1231 1717 Primum
1262 1646 1431 1722 baculum

100 1765 306 1839 baldachiui
328 1765 482 1862 portavit
503 1765 724 1861 lantgravius
754 1765 894 1853 Hessie,
926 1766 1023 1838 allud
1053 1767 1124 1839 dux
1144 1771 1248 1860 Sere,
1278 1771 1349 1845 alia
1370 1773 1429 1847 alii

97 1911 200 1962 more
216 1887 337 1962 solito.

139 2019 267 2087 Rmus.
286 2018 329 2087 l).
348 2013 541 2087 cardinalis
556 2013 755 2088 Aleriensis
769 2015 815 2088 ad
829 2016 1017 2094 basilicam
1027 2021 1232 2117 predictam
1248 2025 1428 2098 veniendo

95 2140 184 2214 dixit
200 2139 291 2212 mibi
308 2137 390 2211 duci
408 2141 496 2212 Sore
513 2139 683 2236 injuriam
706 2143 784 2217 fieri
805 2167 871 2240 pro
893 2169 937 2218 eo
959 2149 1056 2244 quod
1070 2148 1292 2244 lantgravius
1307 2149 1425 2245 ipsum

94 2264 326 2362 precederet,
353 2288 435 2337 cum
467 2263 539 2338 dux
565 2265 709 2362 dignior
733 2275 829 2342 esset
858 2269 1078 2367 lantgravio;
1107 2272 1278 2369 respondi
1308 2273 1427 2368 ipsum

93 2392 227 2466 ducem
255 2390 437 2464 titularem
467 2414 547 2464 esse
571 2399 607 2464 et
638 2393 740 2489 quasi
767 2394 804 2466 in
830 2395 947 2490 patria
971 2421 1049 2486 sua,
1077 2398 1318 2494 lantgravium
1340 2421 1426 2470 vero

92 2517 297 2614 principem
327 2515 523 2605 forensem,
552 2523 587 2590 et
610 2517 706 2614 quod
736 2520 798 2592 SS.
832 2523 875 2592 l).
907 2524 946 2596 N.
971 2519 1029 2597 'ita
1057 2524 1136 2597 fieri
1166 2522 1422 2596 mandavisset.

91 2641 293 2739 Replicavit
309 2640 502 2714 cardinalis
519 2643 755 2716 Sanctitatem
772 2667 874 2716 suam
891 2669 999 2742 super
1014 2645 1085 2719 hoc
1108 2648 1200 2721 forte
1222 2671 1295 2719 nou
1316 2647 1425 2719 fuisse

89 2767 183 2840 bene
201 2765 436 2840 informatam
452 2773 487 2841 et
503 2769 601 2864 quod
622 2792 745 2842 meum
766 2777 863 2843 esset
882 2770 1045 2844 officium
1067 2773 1304 2846 sanctitatem
1321 2795 1424 2846 suam

90 2893 125 2964 in
143 2891 358 2988 hujusmodi
382 2891 576 2990 diligenter
597 2895 807 2984 informare,
834 2895 965 2970 deinde
986 2897 1116 2991 exequi
1133 2919 1202 2992 que
1219 2895 1421 2970 mandaret.

86 3018 253 3090 Primam
282 3041 412 3113 aquam
441 3017 542 3092 dedit
563 3029 685 3094 orator
707 3019 808 3092 ducis
837 3020 1045 3109 Mediolani,
1078 3020 1274 3092 secundam
1302 3027 1425 3093 orator

85 3143 342 3233 venetiarum,
360 3143 505 3218 tertiam
523 3144 608 3218 dare
626 3143 750 3218 debuit
767 3145 979 3217 Franciscus
996 3144 1084 3218 Cibo
1101 3143 1195 3216 tilius
1213 3147 1307 3240 Pape
1324 3147 1420 3240 quia,

90 3273 132 3342 l).
152 3266 298 3340 Aldello
321 3268 419 3340 socio
441 3291 525 3342 meo
548 3269 599 3341 sic
621 3269 802 3366 placente,
832 3269 878 3342 ad
899 3270 970 3342 hoc
986 3293 1053 3365 per
1074 3293 1141 3341 nos
1164 3269 1281 3342 fuerat
1303 3270 1422 3341 norni-

86 3401 211 3485 uatus,
229 3393 294 3468 sed
308 3395 386 3492 ipse
408 3397 621 3468 Franciscus
642 3396 838 3484 recusavit;
862 3395 914 3467 sic
935 3395 1013 3491 ejus
1032 3393 1113 3466 loco
1139 3392 1237 3466 dedit
1257 3393 1420 3466 marchio

85 3518 245 3606 Fiualis;
272 3527 437 3616 quartam
459 3519 558 3594 dedit
588 3521 807 3617 lantgravius
829 3519 955 3592 Hessie
977 3516 1217 3615 supradictus.
1242 3517 1421 3593 Vicecan-

83 3644 257 3717 cellarius
276 3645 342 3718 fuit
362 3646 555 3734 assisteus3
575 3647 747 3720 Senensis
774 3647 863 3719 dixit
890 3643 1139 3740 evangelium3
1158 3644 1253 3716 lilius
1276 3644 1419 3718 comitis

82 3768 245 3843 Pitiliaui
273 3769 516 3844 subdiaconus
545 3771 755 3868 epistolam;
780 3771 839 3867 qui
862 3771 972 3844 etiem
999 3767 1171 3864 imposuit
1195 3768 1418 3842 chirotecam

81 3893 119 3966 in
141 3893 291 3966 sinistra
311 3918 420 3970 manu
442 3896 637 3994 pontificis,
660 3919 743 3968 cum
765 3902 977 3992 paramenta
998 3897 1192 3992 acciperet.
1221 3896 1418 3993 Episcopus
1470 3959 1472 3962 .

81 4015 282 4090 Perusinus
308 4022 524 4094 secretarius
549 4025 644 4117 Pape
666 4020 754 4094 dixit
782 4021 1009 4118 evangelium
1031 4045 1179 4118 grecum
1202 4028 1237 4095 et
1258 4024 1301 4094 b.
1325 4026 1418 4094 Lau-

82 4142 226 4215 rentius
242 4143 587 4244 etiamvsecretarius
603 4146 692 4220 divit
709 4146 899 4243 epistolam
916 4170 1077 4243 grecam.

130 4267 253 4340 Finita
280 4269 404 4360 misse,
445 4274 542 4368 Papa
578 4272 677 4345 dedit
712 4271 1005 4345 benedictionem
1041 4277 1235 4367 autequam
1278 4270 1416 4345 diceret

83 4395 250 4485 Placeat,
280 4397 579 4472 vicecancellario
609 4400 660 4472 sic
690 4397 880 4472 ordinante
910 4403 946 4470 et
972 4396 1081 4486 male,
1111 4395 1171 4492 qui
1193 4389 1415 4470 voluntatem

83 4541 209 4594 meam
238 4528 274 4596 et
298 4545 449 4596 romane
474 4524 636 4598 Ecclesia
660 4525 852 4600 observare
876 4525 1008 4614 noluit;
1032 4532 1154 4598 tamen
1175 4523 1258 4613 vici,
1283 4546 1348 4619 pro
1372 4547 1416 4596 eo

83 4645 184 4743 quod
213 4645 250 4718 in
279 4644 372 4719 libro
395 4648 545 4738 missali,
568 4673 634 4745 per
657 4649 796 4724 obitum
826 4649 1007 4746 quondam
1033 4649 1226 4722 cardinalis
1247 4647 1417 4744 Andaga-

82 4770 206 4844 vensis
236 4771 373 4866 capelle
396 4780 519 4846 nostre
541 4799 607 4872 per
640 4776 776 4850 dictum
797 4780 840 4850 b.
859 4780 901 4850 N.
926 4777 1073 4859 donate,
1093 4800 1138 4848 ex
1154 4799 1224 4871 quo
1248 4773 1414 4848 Pontifex

83 4895 236 4968 missam
253 4893 405 4986 dixerat,
426 4899 477 4972 sic
492 4902 611 4997 reperi
620 4909 846 4976 annotatum.
860 4907 952 4978 Data
966 4901 1222 4976 benedictione
1240 4907 1276 4974 et
1291 4899 1413 4972 indul-

83 5018 220 5116 gentiis
241 5019 414 5114 plenariis
436 5049 502 5122 per
524 5029 668 5100 Rmum.
696 5033 738 5102 D.
763 5028 985 5102 cardinalem
1009 5033 1209 5102 Senensem
1234 5026 1414 5124 (vicecan-

86 5151 238 5224 cellario
268 5151 305 5224 id
335 5153 453 5226 facere
480 5152 639 5248 nolente)
671 5153 875 5250 publicatis
907 5155 1155 5228 sanctissimus
1185 5157 1227 5226 D.
1253 5155 1295 5228 N.
1327 5159 1413 5225 tuuc
