3436 6038
294 508 345 566 raa
395 481 397 484 ’
732 507 907 566 ronanus
932 506 1153 566 suasuram.
1462 503 1614 570 [uanum

295 661 455 736 osticium
471 669 507 737 et
522 665 768 740 continuatum
788 669 892 762 prout
907 665 944 738 in
963 661 1208 738 ceremoniali.
1229 661 1410 736 Diaconus
1433 667 1469 734 et
1484 659 1615 735 subdia-

295 812 408 861 conus
438 789 574 886 capelle
599 790 712 863 induti
736 791 880 864 luerunt
908 789 1062 887 planetis
1082 787 1194 884 nigris
1222 794 1304 860 ante
1333 791 1461 884 pectus
1483 785 1613 883 plicatis

295 937 396 987 more
418 913 540 987 solito.
571 917 783 988 Sermonem
804 914 888 988 lecit
905 917 946 986 D.
965 913 1139 986 Antonius
1160 912 1280 986 Lolius
1303 911 1348 984 de
1370 936 1401 984 s.
1427 914 1611 1000 Germano,

296 1039 501 1135 capellanus
526 1039 620 1112 Rmi.
644 1043 686 1114 D.
709 1040 780 1114 mei
800 1039 990 1113 cardinalis
1011 1038 1196 1128 Senensis,
1221 1037 1332 1110 horno
1347 1061 1432 1110 vere
1453 1038 1567 1110 bonus
1583 1045 1614 1108 et

295 1165 480 1238 doctusac
502 1165 641 1262 prelato
660 1169 764 1239 Rm0.
790 1169 833 1238 D.
861 1164 1033 1238 cardinali
1059 1163 1210 1269 Senensi
1237 1162 1431 1259 plurimum
1456 1162 1612 1243 dilectus,

296 1288 357 1386 qui
369 1289 498 1362 deinde
515 1289 572 1362 die
587 1289 671 1364 lune
694 1295 740 1362 tl
760 1289 895 1364 mensis
912 1288 1033 1386 aprilis
1049 1287 1250 1362 infirmatus
1266 1295 1323 1362 est
1337 1294 1419 1386 post
1435 1287 1614 1385 prandium

297 1422 337 1485 et
352 1413 410 1486 die
434 1413 602 1486 mercurii
624 1417 669 1485 26
690 1413 853 1511 ejusdem
875 1413 1025 1502 mensis
1048 1417 1174 1504 Rome,
1194 1413 1232 1486 in
1254 1411 1362 1486 domo
1387 1411 1517 1509 prelati
1533 1413 1614 1484 Rmi.

297 1542 339 1612 D.
370 1537 574 1626 cardinalis,
603 1539 693 1611 hora
722 1537 895 1634 vigesima
926 1537 982 1610 vel
1011 1537 1109 1611 circa
1135 1561 1180 1611 ex
1209 1544 1311 1635 peste
1341 1537 1531 1611 defunctus
1556 1543 1615 1626 est,

297 1662 462 1759 spiritum
478 1663 632 1736 reddidit
648 1663 808 1738 Creatori
825 1661 1055 1760 cujusanima
1066 1663 1270 1758 requiescat
1286 1664 1321 1735 in
1337 1685 1439 1760 pace.
1457 1663 1617 1758 Sepultus

296 1787 362 1860 luit
377 1787 506 1861 eodem
527 1810 608 1861 sero
634 1789 670 1860 in
696 1788 851 1862 ecclesia
875 1813 904 1860 s.
930 1788 1131 1861 Sebastiaui
1153 1811 1266 1886 prope
1288 1789 1436 1862 domurn
1462 1789 1556 1861 Rmi.
1579 1793 1616 1860 D.

297 1913 487 1985 cardinalis
500 1913 641 2010 prelati.
661 1917 787 1986 Frater
799 1915 862 1986 SS.
884 1917 926 1987 D.
945 1917 989 1988 N.
1006 1913 1167 1988 interluit
1176 1913 1311 1988 officio.
1325 1919 1394 1988 Per
1410 1913 1618 1986 oblivionem

296 2061 370 2110 non
385 2037 468 2112 dedi
480 2038 546 2111 sibi
559 2038 680 2112 locum
695 2037 732 2110 in
750 2038 960 2112 adoratione
982 2038 1100 2111 crucis
1120 2045 1202 2137 post
1224 2040 1442 2128 cardinales,
1466 2039 1532 2112 sed
1547 2045 1620 2137 post

298 2186 425 2237 omnes
446 2163 636 2260 episcopos
656 2163 717 2260 qui
736 2163 772 2235 in
789 2163 927 2260 capella
942 2163 1097 2238 luerunt.
1113 2167 1210 2238 lnter
1229 2165 1320 2238 duos
1338 2171 1503 2238 oratores
1516 2163 1620 2236 laicos

298 2289 331 2364 ei
342 2290 464 2364 locum
479 2289 575 2362 dedi.
593 2289 768 2362 Dominus
782 2287 1049 2385 protonotarius
1065 2289 1110 2361 de
1127 2287 1244 2384 Nigris
1260 2287 1320 2382 qui
1336 2293 1391 2361 est
1406 2285 1622 2384 gubernator

298 2411 405 2487 Urbis‘
427 2419 508 2512 post
530 2438 656 2486 omnes
678 2414 868 2510 episcopos
891 2419 972 2486 aute
989 2413 1118 2487 lratem
1134 2417 1244 2510 Pape,
1261 2437 1334 2487 una
1352 2436 1435 2487 cum
1452 2419 1622 2509 protono-

299 2541 390 2612 tario
406 2539 451 2612 de
466 2541 679 2612 Sermoueta
699 2541 902 2628 assistente,
926 2541 1059 2635 Papam
1079 2537 1250 2611 adoravit.
1272 2540 1381 2611 Facta
1399 2537 1618 2624 adoratione,

300 2665 363 2735 SS.
380 2665 423 2735 D.
443 2665 489 2734 N.
504 2662 821 2759 processionaliter
833 2665 891 2736 ivit
908 2665 950 2738 ad
966 2687 1110 2760 parvam
1122 2663 1297 2760 capellam
1307 2688 1372 2760 pro
1384 2669 1619 2754 sacramento,

299 2795 336 2860 et
360 2793 485 2861 Rmus.
516 2792 557 2862 D.
587 2789 904 2863 vicecancellarius
933 2789 1135 2880 celebrans,
1167 2789 1334 2861 omnibus
1363 2789 1621 2886 pontificalibus

298 2913 517 3008 paramentis
541 2912 697 3003 indutus,
723 2915 870 2988 dimissa
894 2914 1001 2987 mitra
1018 2935 1125 3009 quam
1145 2937 1217 2986 non
1238 2913 1408 3010 portavit,
1430 2913 1527 2986 solus
1548 2919 1622 3009 post

298 3020 425 3111 omues
441 3038 640 3111 cardinales
657 3044 789 3114 etanta
816 3043 950 3137 Papam
973 3037 1181 3111 immediate
1205 3038 1283 3128 ivit;
1302 3044 1384 3135 post
1406 3061 1488 3112 eum
1510 3045 1623 3112 tamen

297 3161 440 3236 luerunt
456 3163 597 3235 diaconi
614 3164 814 3238 cardinales
831 3167 926 3261 Pape
940 3163 1309 3253 assistentes,‘ethinc
1322 3168 1359 3236 et
1372 3163 1455 3236 iude
1467 3161 1623 3235 fimbrias
1709 3187 1710 3192 ¹

298 3287 459 3384 pluvialis
475 3292 571 3385 Pape
587 3290 742 3364 elevatas
758 3297 955 3388 portantes.

350 3415 390 3484 ln
413 3431 523 3510 parva
544 3415 695 3512 capella,
718 3419 760 3488 D.
784 3415 1114 3504 vicecancellarius,
1133 3413 1322 3510 adjuvante
1340 3411 1459 3508 ipsum
1480 3411 1624 3485 sacrista

299 3536 436 3634 capelle
452 3538 524 3611 sive
551 3539 685 3635 palatii,
710 3540 849 3636 aperuit
871 3563 1019 3638 capsam
1042 3537 1278 3627 sacramenti;
1302 3539 1400 3633 Papa
1424 3535 1623 3610 incensavit

300 3663 525 3760 genuflexus,
557 3663 687 3738 deinde
714 3664 1031 3739 vicecancellarius
1059 3663 1212 3738 extraxit
1231 3661 1383 3736 calicem
1405 3685 1490 3734 cum
1512 3685 1624 3734 sacra·

300 3793 422 3860 mento
438 3789 481 3860 de
498 3811 606 3885 capsa
625 3795 661 3863 et
680 3779 745 3888 per
766 3790 966 3882 sacristam,
994 3789 1246 3887 adjuvantibus
1259 3786 1422 3861 diaconis
1438 3785 1624 3860 cardinali-

301 3913 382 4004 bus,
400 3913 567 4010 imposita
586 3914 652 3988 luit
672 3915 815 3988 tobalea
830 3915 968 3990 sericea
984 3918 1079 4014 Pape
1099 3915 1195 3989 circa
1211 3913 1343 3988 collum
1359 3919 1396 3985 et
1410 3911 1624 3988 vicecancel-

299 4039 411 4112 larius
426 4039 524 4113 dedit
540 4045 808 4114 sacramentum
825 4043 888 4114 SS.
913 4045 955 4114 D.
978 4045 1021 4114 N.
1040 4041 1100 4138 qui
1121 4041 1207 4114 illud
1226 4040 1379 4138 portavit
1399 4039 1445 4113 ad
1460 4063 1622 4137 magnam

252 4161 261 4178 '
301 4163 491 4261 capeDam,
512 4164 661 4262 prelatis
688 4164 938 4238 assistentibus
960 4165 1214 4239 baldachinum
1233 4164 1459 4262 portantibus
1491 4172 1527 4239 et
1548 4187 1623 4240 cau·

300 4289 459 4363 toribus:
481 4287 618 4363 Vecillo
633 4291 742 4388 repta,
761 4301 842 4381 etc,
861 4291 1102 4366 cantantibus.

347 4417 492 4488 Portata
515 4414 660 4487 luerunt
680 4414 761 4488 heri
784 4420 820 4488 et
839 4414 948 4490 hodie
969 4414 1129 4510 qualibet
1153 4415 1231 4490 vice
1253 4420 1336 4490 ante
1362 4421 1620 4491 sacramentum

298 4539 481 4612 sexdecim
498 4538 680 4613 intorticia
694 4539 787 4631 alba,
801 4540 991 4615 duodecim
1003 4563 1127 4614 coram
1138 4547 1174 4615 et
1188 4546 1343 4638 quatuor
1359 4541 1619 4639 magnaquibus

295 4661 330 4735 iu
352 4662 490 4759 capella
508 4687 641 4760 magna
665 4687 731 4761 pro
754 4664 952 4740 elevatione
973 4667 1190 4742 sacramenti
1211 4666 1358 4740 utimur.
1389 4667 1528 4742 Deinde
1554 4665 1618 4739 duo

295 4787 512 4861 caudelabra
544 4811 627 4862 cum
656 4790 892 4864 luminaribus
920 4791 958 4864 iu
986 4791 1140 4889 capelle⁴
1157 4815 1306 4888 magna;
1339 4771 1498 4888 ipsemet
1526 4789 1621 4891 posui

226 4977 228 4981 .
295 4919 561 4986 sacramentum
572 4938 680 5012 super
694 4915 819 5006 altare,
837 4916 1027 5014 adjuvante
1037 4917 1156 5014 ipsum
1169 4916 1481 5008 vicecancellario,
1498 4915 1618 4991 deinde

295 5037 373 5133 ipse
390 5041 498 5134 Papa,
520 5037 687 5136 imposito
706 5041 854 5115 incenso
875 5042 912 5114 iu
928 5042 1126 5133 thuribulo,
1144 5043 1361 5140 genuflexus
1377 5043 1573 5118 incensavit
1587 5046 1619 5112 et

294 5166 444 5258 accepta
472 5162 578 5236 mitra
606 5165 769 5239 ascendit
796 5165 842 5238 ad
863 5165 993 5240 solium
1023 5173 1058 5242 et
1086 5167 1339 5242 continuatum
1371 5167 1438 5240 luit
1467 5165 1618 5240 otsrcium
