3422 6034
286 433 339 490 stt
746 424 921 484 lOHrlNNlS
946 423 1168 496 ssUttcttaRot,
1377 426 1537 490 [Novembre
1551 429 1613 494 1181]

286 581 346 680 qui
361 581 419 656 die
436 580 590 656 anteacti
605 577 811 656 novembris
827 579 911 654 anni
926 578 1090 678 proxime
1105 580 1328 679 preteritiex
1342 580 1439 656 Urbe
1454 581 1610 672 recessit,

289 707 475 786 Perusiam
498 707 625 802 iturus,
653 708 713 782 ubi
736 708 876 805 legatus
900 706 1116 782 constitutus
1146 713 1236 798 erat,
1259 713 1295 782 et
1320 706 1404 782 inde
1427 707 1475 783 de
1500 733 1615 786 meuse

287 835 429 931 augusti
445 833 499 908 vel
518 834 616 910 circa
638 835 800 934 proxime
825 833 997 932 preterito
1010 834 1057 906 ob
1078 833 1187 908 lerias
1204 834 1299 909 veuit
1320 838 1500 926 Romam3
1518 835 1612 912 rediit

286 983 368 1039 cum
383 960 508 1057 paucis
524 959 610 1050 suis,
634 957 718 1058 quia
731 957 818 1033 alias
835 958 1003 1033 omnibus
1019 958 1256 1056 promiserat;
1279 969 1315 1034 et
1331 982 1405 1033 non
1421 961 1493 1037 luit
1507 985 1616 1058 aquo-

288 1109 397 1186 quam
411 1091 578 1183 receptus
588 1084 643 1160 vel
658 1083 871 1176 associatus,
887 1106 971 1158 cum
991 1084 1110 1158 nullus
1127 1085 1205 1182 ejus
1218 1086 1356 1162 reditus
1369 1085 1469 1162 diem
1491 1089 1617 1185 presci-

288 1217 406 1300 verat;
436 1234 545 1307 quem
575 1210 665 1286 leria
697 1209 868 1300 secunda,
896 1215 939 1284 16
969 1210 1134 1308 ejusdem
1161 1211 1311 1303 mensis,
1329 1219 1413 1311 post
1432 1212 1617 1311 prandium

287 1335 475 1416 visitarunt
485 1335 602 1436 primo
615 1334 826 1427 aleriensis,
844 1335 974 1410 deinde
986 1335 1256 1434 Neapolitanus.

337 1461 442 1542 Feria
453 1461 571 1555 tertia,
583 1461 640 1536 dia
656 1467 713 1554 17,
728 1461 838 1536 etiam
851 1468 933 1560 post
945 1461 1150 1558 prandium,
1168 1463 1344 1558 Sabellus,
1359 1464 1566 1556 Jauuensis,
1580 1465 1618 1541 de

288 1593 387 1670 Fuso
412 1594 447 1664 et
473 1591 749 1664 Beneventanus
771 1587 831 1685 qui
852 1587 1054 1661 successive
1077 1597 1255 1664 venerunt
1278 1597 1315 1666 et
1333 1591 1486 1666 insimul
1502 1615 1619 1666 omues

288 1722 530 1806 recesserunt,
542 1713 619 1789 aliis
631 1713 756 1789 diebus
771 1712 959 1790 visitarunt
975 1711 1107 1810 ipsum,
1121 1720 1158 1787 et
1172 1713 1230 1790 alii
1246 1716 1392 1813 quidam
1407 1718 1616 1806 cardinales,

288 1841 483 1938 intorques
499 1847 535 1916 et
551 1837 742 1914 cardinalis
758 1863 789 1912 s.
806 1837 917 1913 Marci
935 1837 1045 1913 venit.
1071 1839 1270 1913 Cardinalis
1286 1841 1460 1916 Senensis
1478 1840 1619 1938 singulis

289 1964 539 2041 obviamvenit
559 1964 595 2039 in
611 1963 784 2040 mantello
807 1962 906 2038 brevi
929 1987 1037 2062 super
1059 1965 1250 2039 rochetum
1265 1973 1301 2040 et
1316 1967 1477 2064 desuper
1498 1991 1620 2064 capuc-

288 2090 371 2170 cino
390 2119 398 2180 ;
421 2095 458 2164 ot
478 2111 605 2164 omnes
621 2089 806 2187 deponere
821 2089 906 2164 tecit
921 2112 1054 2186 cappas
1071 2113 1153 2164 oum
1172 2113 1218 2164 ex
1241 2113 1337 2188 equo
1357 2089 1616 2166 descenderent

287 2217 343 2295 vel
373 2215 639 2315 cumprimum
665 2215 745 2290 illos
774 2214 964 2313 reciperet,
989 2221 1141 2312 excepto
1164 2217 1347 2292 cardinale
1369 2242 1399 2291 s.
1425 2217 1542 2292 Marci
1563 2217 1615 2314 qui

288 2367 442 2444 cappam
469 2341 650 2418 dimittere
675 2339 791 2415 noluit
817 2363 933 2437 usque
955 2339 993 2412 in
1015 2362 1198 2414 cameram
1223 2341 1428 2434 cardinalis,
1449 2341 1528 2432 ubi,
1551 2364 1615 2414 non

288 2470 459 2570 primum,
478 2465 658 2568 deposuit,
676 2472 818 2542 retento
834 2465 1004 2541 continuo
1025 2465 1198 2540 mantello
1222 2490 1288 2565 per
1312 2465 1538 2542 cardinalem
1558 2469 1617 2540 Se-

289 2619 455 2673 nensem.

338 2722 442 2798 Feria
458 2727 600 2820 quarta,
625 2725 668 2794 18
685 2719 771 2794 dicti
786 2719 921 2794 mensis
936 2717 1157 2806 novembris,
1180 2721 1244 2792 SS.
1268 2721 1311 2791 D.
1329 2721 1372 2792 N.
1393 2742 1439 2792 ex
1462 2718 1563 2792 Ostia
1586 2728 1617 2792 et
1705 2763 1706 2808 ,

289 2853 395 2948 portu
411 2845 580 2940 tiberino,
598 2845 776 2920 ubioausa
787 2843 904 2918 solatii
920 2842 999 2935 luit,
1017 2842 1169 2918 rediitiu
1181 2842 1275 2933 navi,
1289 2851 1325 2918 et
1337 2867 1479 2918 ottmeo
1495 2845 1614 2918 nemi.

289 2979 363 3054 ou.
380 2973 581 3052 cardinales
599 2970 925 3060 vicecancellarius,
941 2995 970 3044 s.
988 2969 1085 3045 Petri
1100 2971 1145 3045 ad
1162 2967 1330 3062 Vincula,
1350 2969 1616 3068 audegavensis

289 3110 324 3179 et
351 3127 382 3176 s.
411 3100 601 3178 Anastasia
627 3107 663 3176 ct
681 3097 809 3198 prelati
838 3096 1096 3195 quamplures3
1123 3097 1314 3194 prandium
1340 3097 1427 3172 tecit
1452 3099 1525 3175 alla
1546 3104 1617 3174 Ma-

289 3227 421 3332 gliaua,
436 3233 472 3306 et
482 3227 614 3304 deinde
627 3227 664 3301 in
673 3226 751 3302 navi
762 3224 890 3301 eadem
901 3223 998 3298 venit
1012 3247 1127 3320 usque
1138 3225 1185 3298 ad
1200 3223 1314 3322 ripam
1330 3223 1615 3300 transtiberinam

291 3354 353 3432 uhi
370 3353 558 3431 descendit
571 3378 616 3429 ex
630 3377 734 3443 nave,
752 3349 915 3426 ascendit
930 3372 1065 3447 equum
1083 3357 1119 3424 et
1139 3349 1308 3426 rediitad
1326 3349 1501 3448 palatium
1516 3374 1615 3426 suum

290 3482 386 3579 apud
399 3507 428 3556 s.
447 3486 608 3557 Petrum.

339 3607 444 3685 Feria
460 3613 574 3700 sexta,
600 3611 646 3681 10
673 3603 759 3679 dicti
784 3601 920 3697 mensis
948 3601 1167 3693 novembris,
1199 3605 1325 3676 Rmus.
1358 3606 1402 3676 l).
1431 3603 1615 3678 cardinalis

291 3731 461 3812 Senensis
474 3738 557 3806 ante
572 3731 702 3806 boram
722 3724 927 3803 consistorii
948 3725 1043 3801 veuit
1068 3725 1113 3798 ad
1134 3725 1307 3823 palatium
1329 3735 1369 3803 ut
1391 3729 1455 3803 SS.
1480 3733 1523 3804 1).
1541 3751 1615 3804 nos

291 3861 387 3938 trum
409 3862 645 3932 veneraretur
663 3854 724 3956 (1).

340 3981 476 4060 Eadem
498 3983 556 4058 die
575 3989 611 4057 et
631 4005 736 4057 mane
753 3987 795 4056 R.
817 3981 855 4056 in
871 3980 1011 4057 Christo
1025 3984 1065 4054 P.
1084 3983 1127 4052 D.
1145 3979 1309 4054 Tiberius
1327 3979 1613 4080 archiepiscopus

292 4108 503 4208 Sipontinus
523 4109 609 4184 olim
625 4108 720 4184 Petri
737 4108 836 4182 Pauli
864 4108 910 4181 de
933 4105 1100 4182 Nardiuis
1123 4105 1167 4180 de
1189 4129 1261 4203 quo
1282 4129 1391 4203 supra
1411 4105 1470 4181 die
1493 4115 1512 4181 7
1538 4129 1613 4206 pre·

292 4234 404 4308 sentis
419 4233 555 4310 mensis
571 4233 656 4326 dixi,
670 4241 816 4310 vocatus
831 4233 876 4307 de
893 4231 1064 4306 mandato
1078 4234 1143 4306 SS.
1161 4234 1205 4304 D.
1224 4235 1266 4306 N.
1284 4231 1436 4306 venitad
1449 4233 1612 4330 palatium
1704 4235 1705 4324 ζ

292 4359 351 4433 ubi
368 4359 405 4434 in
422 4359 576 4434 cameris
597 4358 760 4457 magistri
780 4359 909 4434 domus
926 4359 1095 4434 detentus
1115 4357 1183 4432 luit
1202 4357 1329 4433 diebus
1350 4357 1611 4456 quamplurimis
1704 4331 1705 4423 l

292 4507 356 4584 pro
374 4508 432 4576 eo,
450 4486 546 4582 quod
561 4509 583 4558 a
597 4484 779 4559 nonnullis
791 4483 1032 4578 asserebatur,
1050 4485 1149 4582 quod
1163 4484 1241 4582 ipse
1257 4507 1341 4558 vasa
1352 4493 1525 4581 argentea
1536 4480 1611 4557 dicti

295 4610 388 4684 Petri
405 4611 504 4684 Pauli
519 4611 565 4685 ad
578 4611 737 4686 valorem
755 4609 899 4684 circiter
915 4611 1075 4708 quinque
1097 4609 1250 4684 millium
1267 4610 1483 4686 ducatorum
1496 4632 1610 4684 asceu-

292 4733 414 4808 deutia
442 4736 537 4835 apud
562 4735 681 4834 ipsum
706 4737 896 4813 existentia
923 4742 986 4814 SS.
1014 4742 1057 4813 D.
1087 4742 1132 4814 N.
1158 4739 1219 4835 qui
1242 4738 1303 4812 illa
1329 4739 1374 4814 sd
1398 4762 1439 4814 se
1459 4743 1608 4837 spectare

294 4865 464 4956 tanquam
479 4861 575 4937 bona
592 4863 670 4937 tisci
693 4863 849 4959 dicebat,
875 4865 1090 4964 consignare
1111 4863 1304 4940 recusabat
1330 4865 1480 4940 :luerat
1502 4869 1608 4937 autem

330 5139 355 5196 1.
376 5135 449 5196 Toua
459 5137 500 5196 les
515 5155 581 5198 mea.
598 5141 720 5198 donnent
735 5157 742 5195 :
758 5153 955 5212 oneraretur,
971 5145 1029 5202 seul
1044 5144 1068 5201 le
1083 5159 1151 5202 mss.
1165 5143 1199 5202 de
1214 5142 1344 5200 Florence
1357 5143 1449 5201 donne
1462 5145 1603 5198 eveniret.
