3422 6034
123 483 201 550 [terit
219 481 287 548 list]
447 479 574 537 RERUM
597 477 826 538 URBANARUM
851 475 1114 536 Gouuuurxuu.
1397 479 1451 538 ⁴03

119 643 241 712 menta
261 637 481 726 dimittente,
499 633 716 732 interrogavi
736 633 973 708 sanctitatem
991 649 1093 708 suam
1109 631 1147 704 iu
1164 655 1234 730 quo
1254 632 1380 710 habitu
1405 633 1449 708 ad
1512 731 1514 734 Ι

119 762 314 838 matutinas
339 762 571 838 tenebrarum
596 760 694 836 exire
709 759 830 834 vellet.
858 764 969 833 Rmus
989 763 1032 832 D.
1058 759 1252 832 cardinalis
1279 761 1450 835 Senensis

119 887 305 984 respondit
328 893 521 986 propterea
542 885 640 984 quod
657 885 694 957 iu
712 907 838 981 cappa,
857 883 902 957 de
919 907 990 980 quo
1006 885 1218 960 assistentes
1233 886 1378 960 avisavi.
1395 887 1451 960 Ad

119 1013 327 1111 passionem
349 1019 386 1087 et
403 1011 629 1108 evangelium
652 1012 713 1084 SS.
742 1013 784 1083 D.
812 1017 937 1084 noster
963 1016 1000 1084 et
1027 1011 1088 1083 alii
1110 1035 1238 1084 omnes
1256 1018 1452 1088 tenuerunt

119 1139 258 1234 palmas
274 1162 371 1227 suae,
388 1137 436 1212 ad
449 1137 688 1212 elevationem
709 1136 926 1210 sacrementi
946 1139 1043 1233 Papa
1058 1143 1211 1212 tantum.
1233 1137 1313 1210 Alia
1329 1139 1451 1212 omnia

119 1287 221 1338 more
239 1264 346 1338 solito
369 1271 451 1338 suut
476 1263 677 1338 observata.

167 1391 233 1462 llis
264 1389 390 1462 diebus
428 1388 626 1487 preteritis,
664 1390 790 1464 RRmi.
822 1393 897 1463 DD.
935 1387 1136 1464 cardinales
1172 1390 1391 1480 Parmensis,
1418 1416 1447 1464 s.

120 1515 280 1612 Georgii,
304 1515 454 1590 Ursinus
477 1521 513 1590 et
534 1515 710 1592 Ascanius
733 1514 840 1588 simul
863 1515 1061 1589 existentes
1084 1515 1121 1588 in
1151 1515 1261 1590 domo
1282 1515 1376 1590 Ruri.
1404 1520 1448 1590 D.

117 1641 310 1715 cardinalis
327 1665 356 1713 s.
380 1641 540 1739 Georgii,
563 1665 622 1716 me
644 1641 690 1714 ad
707 1665 747 1716 se
765 1648 934 1716 vocatum
962 1641 1276 1738 interrogaverunt
1301 1643 1345 1717 de
1369 1643 1450 1716 loco

119 1765 245 1838 b'rbini
261 1764 343 1838 duci
360 1765 479 1840 dando
498 1793 504 1838 :
526 1765 655 1862 quibus
673 1766 858 1862 respondi,
883 1767 1052 1842 omuibus
1069 1747 1208 1865 judicio
1224 1768 1336 1858 salvo,
1354 1767 1451 1864 quod

117 1891 152 1962 in
175 1891 288 1988 plano
311 1891 392 1965 solii
411 1913 517 1988 pape,
550 1915 634 1964 cum
663 1899 760 1966 esset
787 1893 930 1968 modice
954 1894 1117 1990 potentie
1138 1893 1210 1968 dux
1238 1901 1274 1969 et
1297 1893 1450 1970 ecclesie

118 2015 309 2108 vassallus,
325 2016 411 2090 licet
424 2016 517 2113 patri
542 2039 621 2109 suo,
644 2041 710 2114 per
728 2025 852 2093 sancte
873 2019 1049 2094 memorie
1069 2018 1210 2094 Sixtum
1230 2042 1361 2116 papam
1388 2020 1451 2090 llll

120 2148 204 2238 post
220 2141 389 2214 ultimum
408 2141 602 2216 diaconum
619 2141 839 2216 cardinalem
858 2142 894 2216 in
915 2165 1042 2217 eorum
1063 2141 1180 2215 bauco
1198 2141 1304 2215 datus
1324 2141 1452 2216 luisset

116 2265 237 2356 locus,
263 2265 441 2362 aliquibus
471 2265 711 2342 cardinalibus
741 2267 785 2341 de
818 2266 889 2342 hoc
912 2265 1217 2362 conquerentibus
1240 2290 1248 2338 :
1271 2265 1307 2337 id
1328 2273 1451 2340 tamen

119 2390 239 2486 magis
255 2391 493 2466 conveniebat
509 2416 592 2466 cum
613 2392 740 2466 luisset
760 2401 884 2467 sancte
901 2416 1051 2466 romane
1068 2391 1228 2466 Ecclesie
1245 2390 1452 2465 confalone-

118 2515 193 2588 rius
209 2539 274 2588 seu
290 2517 471 2612 generalis
482 2519 691 2615 capitaneus
702 2519 739 2592 in
754 2515 1036 2612 tantadiguitate
1052 2515 1280 2605 constitutus,
1297 2515 1333 2588 in
1343 2514 1451 2589 rebus

118 2638 263 2714 bellicis
275 2642 548 2737 expertissimus
565 2649 601 2717 et
618 2643 714 2739 apud
734 2665 861 2716 omnes
883 2641 983 2714 ltalie
998 2641 1180 2738 principes
1196 2647 1232 2716 et
1244 2647 1452 2738 potentatus

118 2787 255 2860 magne
283 2766 508 2840 auctoritatis
535 2774 571 2841 et
598 2768 788 2864 prudentie
816 2769 974 2870 habitus.
1001 2769 1138 2843 Placuit
1168 2767 1306 2842 eisdem
1334 2765 1452 2840 cardi·

117 2889 264 2963 nalibus
280 2891 513 2987 meaopini0;
530 2897 566 2966 et
577 2891 721 2984 deinde,
736 2919 818 2968 cum
830 2894 866 2966 in
875 2893 1091 2968 consistorio
1107 2893 1177 2966 hac
1189 2893 1233 2967 de
1246 2915 1285 2967 re
1297 2891 1448 2966 verbum

118 3014 335 3105 baberetur,
366 3015 552 3092 decretum
577 3016 642 3090 luit
666 3017 764 3114 quod
792 3017 911 3092 eidem
941 3015 1022 3089 duci
1051 3017 1153 3090 locus
1176 3018 1212 3090 in
1238 3017 1345 3115 plano
1370 3017 1450 3092 solii

119 3140 273 3213 daretur
281 3141 386 3237 juxta
399 3163 520 3214 meam
536 3143 763 3240 opinionem;
779 3141 876 3239 quod
888 3147 923 3215 et
939 3141 1073 3215 lactum
1090 3147 1158 3215 est.

169 3265 276 3340 Feria
291 3273 417 3362 quarta
440 3267 589 3364 majoris
606 3267 850 3354 hebdomade,
869 3274 888 3339 7
910 3265 995 3341 dicti
1020 3265 1156 3340 mensis
1172 3266 1306 3362 apriliS,
1323 3265 1447 3344 habite

118 3398 204 3465 sunt
222 3391 398 3465 matutine
415 3391 645 3466 tenebrarum
657 3391 890 3466 circahoram
906 3416 965 3464 xxx
978 3392 1015 3464 in
1036 3391 1335 3489 capellaprelata,
1355 3397 1451 3490 Papa

114 3523 288 3612 presente
318 3517 354 3588 in
381 3539 496 3614 cappa
514 3517 591 3590 sine
614 3517 723 3591 mitra
745 3519 848 3615 cujus
868 3517 1029 3590 fimbrias
1052 3515 1159 3589 simul
1181 3516 1351 3591 collectas
1376 3524 1449 3591 tam

114 3641 237 3715 eundo
256 3640 302 3714 ad
323 3642 501 3738 capellam
526 3667 635 3739 quam
658 3641 846 3715 redeundo
869 3642 1023 3738 portavit
1040 3644 1082 3713 R.
1103 3645 1140 3714 P.
1161 3645 1204 3714 D.
1231 3643 1450 3717 Benedictus

114 3767 411 3864 archiepiscopus
449 3767 670 3842 Nicosiensis
704 3769 891 3842 assistens.
926 3767 980 3841 Au
1019 3768 1256 3866 autiphonam
1288 3769 1450 3842 Christus

112 3894 250 3990 sactus,
277 3895 374 3990 Papa
390 3893 590 3989 genuflexit
611 3894 648 3968 in
670 3891 870 3968 faldistorio
891 3899 927 3966 et
955 3893 991 3965 iu
1006 3895 1078 3967 fine
1104 3893 1193 3968 dixit
1217 3893 1447 3968 orationem:

115 4017 243 4100 omnia
264 4017 335 4090 alia
348 4017 458 4091 etiam
476 4019 665 4092 observate
685 4025 767 4091 sunt
782 4039 884 4091 more
904 4017 1023 4090 solito.
1038 4020 1222 4096 lutorticia
1248 4026 1283 4092 et
1299 4017 1449 4091 candele

117 4165 230 4239 super
244 4143 447 4217 cancellum
459 4151 495 4218 et
511 4137 728 4217 candelabra
744 4142 888 4215 suerunt
904 4165 947 4216 ex
960 4165 1042 4216 cera
1060 4144 1257 4218 communi.

167 4268 422 4364 Feriaquinta,
441 4268 478 4342 in
494 4292 585 4342 cena
601 4267 760 4354 Domini,
783 4271 804 4339 8
828 4265 913 4340 dicti
934 4266 1071 4340 mensis
1095 4267 1231 4362 aprilis,
1262 4271 1385 4338 ltmus.
1406 4269 1449 4340 D.

118 4392 434 4466 vicecancellarius
451 4393 647 4467 celebravit
666 4393 815 4466 missam
839 4393 1043 4466 solemnem
1055 4392 1092 4464 in
1118 4392 1258 4490 capella
1272 4392 1448 4488 predicta,
1557 4441 1562 4450 -

119 4519 216 4612 Papa
234 4524 418 4614 presente.
441 4519 552 4592 Missa
581 4519 694 4608 linita,
724 4517 808 4592 data
832 4517 1089 4591 benedictione
1123 4542 1189 4615 per
1221 4517 1446 4614 pontificem,

118 4641 321 4716 cardinales
348 4651 569 4740 acceperunt
597 4648 809 4740 paramenta
834 4643 900 4717 sibi
926 4643 1191 4732 convenientia,
1217 4666 1291 4716 nou
1315 4664 1448 4739 expec-

119 4772 236 4841 tantes
252 4767 348 4864 quod
366 4767 684 4844 vicecancellarius
716 4766 904 4842 celebrans
933 4774 1145 4864 paramenta
1162 4790 1227 4841 sua
1248 4767 1448 4864 deponeret

117 4891 289 4964 missalia.
313 4893 426 4984 ldem,
446 4893 603 4966 dimissis
619 4892 715 4990 apud
730 4891 970 4966 faldistorium
990 4892 1151 4967 vestibus
1168 4893 1293 4984 sacris,
1307 4893 1451 4990 accepit

117 5017 413 5114 superpellicium
438 5025 473 5092 et
491 5018 660 5116 pluviale,
688 5024 829 5092 retento
846 5017 992 5090 amictu.
1025 5017 1121 5114 Papa
1144 5015 1181 5088 in
1205 5015 1296 5090 solio
1320 5011 1451 5091 sedens

118 5141 291 5240 imposuit
328 5142 518 5218 incensum
556 5143 593 5216 in
628 5141 700 5216 duo
736 5141 919 5216 thuribula
949 5149 1004 5233 et,
1030 5141 1195 5240 deposita
1222 5142 1289 5214 sibi
1324 5143 1448 5231 mitra,
