3578 6032
691 571 694 580 .
710 518 921 576 APPENDICE.
1424 524 1476 580 547

144 647 289 744 l’Eglise‚
307 669 339 728 et
351 683 392 728 en
403 665 483 728 faire
500 668 641 748 quelque
658 668 1055 752 bonetgrandseruicea
1071 671 1333 749 lactescentes,
1350 691 1477 738 comme

144 760 194 822 les
208 762 473 827 Ambassadeurs
489 765 530 828 de
542 771 655 830 nostre
670 767 717 830 dit
732 769 926 833 saint-pere
941 776 973 834 et
988 772 1028 834 de
1042 772 1074 836 la
1092 772 1158 835 dite
1170 773 1321 854 Religion
1336 773 1377 835 de
1393 774 1477 836 Rho-

143 857 204 920 des
214 860 271 938 qui
287 877 328 924 en
341 862 493 926 aurolent
514 863 584 927 este
599 865 735 946 charged
751 867 831 930 l'ont
846 868 973 932 affirmat
994 887 1036 934 θη
1058 871 1148 934 leurs
1167 873 1376 936 conscienoes
1394 891 1402 934 ε
1418 890 1477 952 par

143 973 236 1038 quoy
247 976 353 1022 auons
367 961 546 1058 volontiers
561 964 709 1026 consenti
724 969 757 1026 et
772 966 907 1030 aecorde
925 984 989 1046 que
1010 968 1091 1032 ledit
1117 969 1216 1032 Zizim
1238 969 1302 1034 soit
1326 969 1476 1034 emmene

141 1050 179 1116 es
193 1055 278 1120 dites
293 1061 409 1122 Terres
430 1061 472 1123 de
492 1060 624 1141 l'Eglise
639 1058 658 1124 a
673 1062 706 1124 la
721 1061 768 1126 fin
788 1064 987 1144 dessusdite‚
1004 1073 1208 1150 moyennant
1221 1069 1395 1132 touteslois
1409 1087 1473 1148 que
1568 1115 1571 1126 .

142 1153 536 1224 lesditsllmbassadeurs
555 1157 575 1220 a
596 1176 633 1222 ce
656 1162 793 1226 commis
809 1169 841 1228 et
856 1163 996 1243 deputez
1020 1165 1061 1230 de
1084 1172 1278 1248 pernostra
1300 1168 1347 1230 dit
1371 1169 1476 1230 Saint-

142 1251 224 1318 Pere
237 1260 270 1318 et
283 1255 406 1320 d'ieelle
424 1258 573 1339 Religion
586 1261 644 1320 ont
658 1262 783 1338 promis
799 1266 831 1326 et
846 1279 882 1326 se
899 1269 974 1326 sont
995 1263 1122 1346 obligez
1137 1282 1202 1346 que
1216 1265 1296 1330 ledit
1311 1267 1411 1329 Zizim
1426 1267 1475 1328 di·

141 1357 323 1418 rectement
335 1373 379 1420 ou
392 1357 642 1424 indirectement
660 1375 701 1422 en
721 1359 868 1426 maniere
883 1364 1090 1444 quelconque
1106 1381 1148 1428 ηθ
1163 1381 1236 1428 sera
1252 1365 1315 1427 mis
1331 1381 1372 1427 en
1386 1366 1475 1428 main

143 1452 301 1518 d'aueuns
316 1471 377 1518 nos
393 1461 542 1524 ennemis
556 1479 599 1526 eu
611 1463 757 1528 haineux
768 1467 801 1526 ct
815 1463 1037 1538 malueillans,
1048 1467 1080 1525 et
1090 1479 1153 1543 que
1167 1463 1259 1527 aussi
1271 1463 1388 1528 iamais
1401 1464 1475 1526 n'en

140 1551 324 1618 aduiendra
341 1570 447 1619 aucun
461 1557 636 1642 dommage
651 1559 671 1624 a
685 1577 782 1638 nous,
797 1558 817 1624 a
831 1565 944 1624 nostre
957 1564 1138 1642 ltoyaume‚
1154 1562 1189 1624 ni
1203 1560 1222 1626 'a
1234 1563 1265 1625 la
1281 1562 1347 1626 dite
1363 1563 1475 1626 Chres-

140 1647 244 1712 tiente'
259 1652 343 1716 ainsi
357 1671 422 1736 que
438 1674 497 1735 par
511 1661 636 1722 Letlres
652 1663 684 1723 et
698 1657 817 1722 se'ellez
839 1659 986 1722 desdites
1004 1676 1194 1738 promesses
1209 1657 1229 1723 'a
1245 1677 1330 1722 nous
1345 1660 1473 1735 baillez,

140 1767 197 1812 ces
208 1751 325 1816 choses
337 1760 370 1816 et
380 1761 493 1819 autres
509 1759 739 1838 apparoissent
750 1749 826 1838 plus
841 1755 859 1820 a
875 1758 975 1837 plein.
988 1759 1035 1820 En
1051 1759 1229 1822 ensuiuant
1240 1759 1351 1838 lequel
1363 1763 1475 1822 nostre

140 1854 393 1915 consentement
410 1855 457 1918 les
468 1858 735 1921 Ambassadeurs
751 1857 888 1921 commis
901 1863 934 1920 et
947 1858 1087 1937 deputer
1097 1877 1162 1940 que
1173 1859 1292 1923 dessus
1308 1864 1366 1922 ont
1376 1859 1477 1922 inten-

142 1949 224 2024 tion,
241 1953 274 2012 et
291 1950 487 2030 pretendent
501 1973 618 2020 mener
638 1961 673 2020 et
691 1958 848 2021 eonduire
864 1954 900 2019 es
922 1957 1006 2019 dites
1022 1959 1138 2020 Terres
1161 1958 1202 2021 de
1223 1943 1356 2038 l'llglise
1368 1957 1475 2038 ieeluy

141 2047 253 2124 Zizim‚
269 2066 354 2128 pour
367 2050 510 2132 laquelle
525 2055 623 2118 chose
639 2055 719 2118 faire
732 2061 783 2118 est
798 2055 916 2118 besoin
930 2061 1123 2118 commettre
1136 2060 1169 2119 et
1179 2055 1317 2136 deputer
1328 2073 1474 2120 aucunes

139 2162 326 2224 personnes
339 2147 358 2212 a
372 2167 459 2214 nous
474 2169 590 2216 seures
605 2159 638 2217 et
652 2152 765 2218 reales.
781 2153 1004 2234 Spauoireocs
1013 2153 1146 2233 folcone,
1161 2172 1224 2234 que
1238 2171 1323 2218 nous
1334 2155 1474 2219 voulons

139 2245 249 2328 iceluy
269 2247 368 2313 Zizim
394 2254 481 2315 estre
506 2257 694 2316 sentement
715 2251 812 2316 mene'
834 2269 913 2316 saus
937 2253 1154 2328 destourbier,
1173 2237 1205 2316 et
1219 2269 1302 2332 pour
1316 2254 1348 2316 la
1363 2255 1474 2316 bonne

139 2347 269 2427 grande
283 2353 315 2412 et
330 2347 453 2414 entiere
468 2349 635 2415 confiance
653 2351 816 2431 qu'auons
840 2351 881 2416 de
899 2368 958 2415 vos
974 2368 1157 2430 personnae
1172 2351 1260 2414 etde
1274 2369 1372 2428 vous;
1389 2369 1474 2432 pour

139 2462 195 2509 ees
211 2463 330 2511 causes
342 2445 377 2512 'et
390 2447 534 2514 autresa
555 2467 591 2513 ee
604 2451 693 2513 Nous
717 2467 893 2527 mouuans,
910 2466 993 2514 vous
1016 2467 1060 2512 ou
1083 2449 1150 2513 l'un
1171 2451 1212 2513 de
1230 2467 1314 2513 vous
1332 2468 1374 2514 θη
1395 2451 1472 2514 l'uh-

140 2562 240 2609 senee
253 2547 295 2610 de
307 2547 434 2626 l'autre‚
450 2565 554 2612 avons
569 2549 706 2612 commis
722 2553 754 2612 et
774 2548 925 2628 deputer,
942 2553 974 2612 et
989 2566 1049 2629 par
1063 2565 1117 2611 ces
1132 2547 1304 2629 presentes
1317 2554 1472 2612 commet-

139 2648 217 2708 iens
233 2647 266 2707 et
281 2643 446 2725 de'putons
457 2665 543 2728 pour
553 2663 669 2710 mener
684 2652 716 2710 et
729 2649 885 2711 conduire
897 2648 976 2711 ledit
989 2647 1087 2710 Zizim
1102 2645 1138 2710 ds
1150 2650 1268 2711 'ferres
1279 2648 1319 2711 de
1329 2632 1471 2730 l'liglise.

139 2743 386 2808 commandens
401 2751 434 2808 et
447 2751 697 2826 expressement
711 2747 907 2827 enioignons
921 2745 939 2808 a
956 2750 1033 2809 tous
1047 2762 1110 2808 nos
1125 2748 1348 2824 llarcsehaux,
1362 2747 1471 2810 Admi-

138 2842 199 2918 ral,
224 2844 468 2921 viee-Admiral,
486 2844 711 2922 Seneschaux‚
727 2845 849 2922 Baillis‚
864 2843 1032 2920 Prduosts,
1050 2846 1236 2923 Capitaines
1252 2847 1292 2909 de
1309 2845 1473 2910 Gensdar-

138 2958 212 3006 mes
228 2942 316 3005 etde
331 2945 419 3022 imit,
436 2945 709 3020 Commendeurs,
728 2945 866 3008 consuls
888 2948 920 3006 et
943 2941 1033 3005 lure's
1049 2943 1089 3006 de
1104 2944 1233 3007 bonues
1247 2944 1359 3021 villos,
1376 2943 1472 3006 Chas-

139 3045 251 3118 teaux,
271 3043 489 3122 Forteresses‚
512 3046 624 3128 Ponte,
648 3045 755 3120 Ports,
778 3045 951 3124 passages
971 3041 1176 3105 luridictions
1193 3041 1389 3119 molitione,
1407 3038 1471 3103 ete

140 3145 218 3204 tous
232 3157 294 3202 nos
310 3141 485 3218 iusticiers,
502 3159 546 3205 eu
560 3141 579 3205 a
592 3143 681 3205 leurs
697 3143 909 3205 Lieutenants
924 3157 968 3204 ou
982 3141 1138 3217 Commio,
1155 3145 1188 3203 et
1203 3139 1222 3202 a
1238 3141 1362 3204 chacun
1376 3139 1472 3202 d'eux

139 3238 269 3302 endroit
283 3255 355 3321 soy,
370 3255 435 3320 que
450 3239 531 3304 ledit
556 3241 655 3303 Zizim
671 3245 704 3303 et
717 3259 800 3304 ceux
813 3243 853 3304 de
869 3257 906 3304 sa
919 3241 1113 3319 compagnie
1131 3245 1164 3301 et
1184 3239 1297 3303 nation
1313 3245 1345 3302 et
1359 3235 1471 3302 autres

138 3339 197 3420 qui
212 3357 292 3404 avec
305 3356 389 3404 vous
405 3341 437 3404 lo
457 3345 630 3404 manerent
644 3345 676 3405 et
690 3341 886 3405 conduiront
912 3341 1050 3421 iusques
1069 3357 1112 3403 au
1133 3339 1271 3402 nombre
1295 3338 1337 3401 de
1356 3341 1472 3416 quatre

137 3454 218 3502 oens
230 3455 413 3517 personnes
429 3443 462 3502 et
476 3446 593 3504 autant
608 3442 649 3504 de
664 3441 815 3504 eheuaux
829 3445 861 3503 et
874 3457 918 3503 au
933 3442 1063 3515 dessus,
1087 3438 1128 3500 ils
1148 3439 1318 3513 souifreut,
1333 3437 1472 3500 laissent

138 3541 172 3600 et
186 3543 385 3617 permettent
397 3538 487 3615 aller,
504 3541 609 3616 venir,
634 3539 817 3616 demeurer,
842 3539 1023 3616 seiourner,
1048 3555 1165 3618 passer
1184 3541 1217 3599 et
1239 3551 1393 3614 repasser
1412 3551 1472 3613 par

137 3653 214 3712 eau,
230 3654 302 3700 mer
314 3641 346 3701 et
356 3642 443 3701 terre
464 3637 504 3702 de
519 3639 593 3701 iour
607 3643 638 3702 et
655 3640 695 3702 de
711 3639 793 3716 nuit,
811 3644 844 3702 et
859 3655 899 3702 en
913 3639 958 3701 tel
973 3643 1082 3716 temps
1098 3640 1130 3700 et
1143 3632 1290 3698 muniere
1303 3651 1367 3714 que
1382 3631 1472 3696 adui-

83 3793 88 3798 .
138 3752 242 3813 seren,
256 3753 316 3817 par
330 3741 407 3801 tous
422 3741 455 3800 et
470 3737 612 3800 ehaeuns
631 3738 681 3800 les
696 3738 785 3800 lieux
799 3737 840 3800 de
857 3738 929 3800 leur
949 3735 1101 3816 pouuoir‚
1121 3750 1283 3814 passages
1299 3738 1331 3796 et
1345 3732 1474 3796 iuridic-

137 3835 235 3910 Ιίοηθ,
261 3852 340 3899 sans
364 3837 501 3913 donner,
519 3853 564 3917 ny
580 3837 712 3899 souiirir
726 3853 769 3899 eu
784 3841 962 3915 permettre
984 3841 1070 3898 estre
1094 3833 1151 3896 fait
1177 3837 1209 3896 et
1230 3830 1339 3896 donne
1364 3849 1470 3894 aucun

136 3937 256 4010 arrest,
279 3933 487 3996 destourbier
507 3949 549 3996 ou
572 3933 838 4012 empesehement
866 3949 907 3995 en
924 3935 1068 4012 quelque
1090 3929 1236 3996 maniere
1251 3948 1316 4011 que
1337 3947 1373 3994 ce
1389 3931 1470 4006 soit;

136 4033 223 4094 mais
237 4031 267 4094 si
281 4030 340 4094 iait
353 4033 445 4094 auait
459 4029 529 4094 este
543 4031 575 4094 le
589 4035 744 4111 reparent
762 4035 793 4093 et
808 4035 984 4104 remettent
1009 4047 1088 4094 sans
1112 4027 1198 4092 de'lai
1219 4028 1237 4090 ir
1261 4029 1370 4108 pleine
1393 4026 1471 4090 deli-

137 4147 271 4202 uranee
288 4134 322 4192 et
336 4146 420 4194 vous
434 4129 583 4193 donnent
596 4129 694 4205 force,
712 4127 885 4192 confortet
902 4127 986 4209 ayde
1004 4148 1011 4191 :
1032 4145 1087 4190 car
1111 4127 1195 4190 ainsi
1219 4143 1305 4188 nous
1327 4125 1468 4204 plaist-il,

137 4233 171 4292 et
185 4229 326 4292 voulons
342 4233 429 4291 estre
448 4227 517 4306 fait,
545 4227 626 4291 dont
646 4245 729 4292 vous
748 4227 901 4290 donnons
915 4227 1004 4306 plein
1019 4225 1170 4305 pouuoir,
1192 4220 1365 4299 authorite',
1385 4238 1471 4284 com·

136 4327 277 4391 mission
292 4332 325 4390 et
341 4325 554 4390 maudement
569 4325 754 4406 special.....
775 4351 788 4381 »

180 4461 274 4542 (Bibl.
291 4463 360 4523 nat.
370 4459 472 4536 Pario,
486 4477 568 4523 mss,
585 4459 701 4540 franc,
714 4461 823 4537 15511,
840 4459 895 4523 101.
906 4459 975 4524 181.
990 4495 1028 4506 -
1042 4455 1109 4523 Cite'
1124 4475 1184 4538 par
1198 4455 1373 4537 Godefroy‚
1386 4455 1470 4520 dans

138 4577 200 4624 son
214 4557 356 4623 Histoire
371 4557 411 4621 du
424 4557 493 4638 Iioy
509 4557 640 4622 Clariae
659 4557 744 4636 VIII,
760 4577 791 4639 p.
806 4558 890 4640 586.)

787 4907 827 4975 36

177 5051 296 5116 Εηῑηθθ
310 5052 350 5115 de
369 5049 500 5114 Zizima
518 5054 630 5114 lterne.

184 5207 336 5288 «lilippo
352 5205 392 5270 de
407 5205 504 5270 Clivis
518 5203 655 5284 Bagliuo
672 5202 756 5265 della
771 5219 880 5266 marca
903 5217 921 5265 θ
943 5201 1126 5282 Guglielme
1143 5201 1298 5264 Caersiue
1313 5201 1466 5263 Viceoan-
