3424 6038
72 435 141 500 [anu
155 437 223 500 1488]
390 434 516 492 RERUM
533 431 767 498 ‚URBANARUM
791 431 1054 492 COMMENTNRN.
1336 429 1390 486 303

111 591 206 664 ldem
223 612 295 687 ego
311 589 347 664 in
360 588 612 664 distributione
627 587 727 688 pacis
740 586 935 678 observavi,
954 584 1050 684 quod
1062 587 1224 661 oratores
1239 581 1390 678 prodicti

69 739 185 812 regum
200 719 427 790 Francorum
438 719 475 790 et
488 713 658 812 Hispanis
674 735 760 810 egre
774 712 946 801 tulerunt,
961 714 1165 785 asserentes
1182 730 1308 806 regem
1323 711 1393 780 lto·

68 863 206 916 manum
235 864 312 914 non
339 863 420 916 esse
449 840 687 938 approbatum
716 845 753 914 et
775 843 969 937 propterea
992 859 1065 910 non
1087 831 1296 910 habendum
1325 853 1390 928 pro

68 989 162 1062 rege;
179 988 223 1039 ac
237 969 323 1064 post
334 962 484 1038 missam
506 963 733 1038 sanctissimo
750 965 793 1036 l).
808 965 851 1036 N.
872 962 916 1036 de
932 983 991 1034 me
1008 959 1196 1058 conquesti
1213 965 1312 1048 sunt;
1327 955 1392 1032 sed

66 1113 125 1186 pro
141 1113 183 1164 ea
201 1088 282 1164 vice
300 1092 364 1164 SS.
381 1095 424 1166 D.
443 1094 485 1165 N.
503 1089 593 1164 nihil
605 1088 694 1163 mihi
708 1087 809 1163 dixit.

108 1214 210 1289 levia
233 1222 352 1306 sexta,
377 1221 417 1290 tt
442 1216 577 1292 mensis
599 1215 734 1314 aprilis,
758 1218 821 1290 SS.
843 1218 886 1288 b.
909 1219 951 1290 N.
976 1213 1064 1289 dixit
1083 1211 1172 1288 mihi
1196 1211 1318 1310 plures
1346 1232 1391 1284 ex

67 1339 201 1414 thmis.
216 1343 297 1416 DD.
312 1341 553 1416 cardinalibus
564 1365 623 1416 me
634 1339 836 1438 inculpasse
849 1365 916 1439 pro
928 1363 971 1416 ec
985 1341 1214 1437 quodverum
1225 1339 1391 1416 ordinem

67 1467 97 1538 in
109 1465 225 1540 dando
249 1465 402 1542 incenso
418 1474 455 1542 et
468 1491 559 1565 paca
573 1467 749 1542 hacteuus
766 1491 840 1542 non
856 1466 1122 1542 observaverim
1141 1473 1177 1544 et
1188 1465 1391 1542 oratoribus

66 1591 151 1688 regis
167 1595 421 1668 Romanorum
436 1592 498 1668 illa
513 1593 613 1690 prius
632 1591 794 1666 dederim
810 1615 918 1689 quam
938 1595 1172 1686 Francorum,
1193 1593 1279 1668 licet
1298 1590 1388 1666 ordo

66 1715 193 1813 capelle
214 1717 262 1790 sit
284 1717 381 1813 quod
396 1715 493 1815 prius
515 1717 620 1792 detur
644 1715 790 1816 prelatis
813 1717 1015 1793 oratoribus
1037 1742 1146 1816 quam
1169 1717 1282 1794 laicis.
1300 1721 1391 1792 Ras-

66 1841 167 1937 pondi
196 1843 389 1918 Sanctitati
405 1865 468 1918 sue
484 1842 648 1918 ordinem
667 1841 805 1940 capelle
825 1865 906 1918 esse
921 1849 958 1919 et
973 1849 1071 1919 tanto
1087 1849 1249 1943 tempore
1264 1843 1389 1928 tuisse,

66 1968 154 2064 quod
180 1968 465 2044 vicecamerario
492 1967 529 2042 iu
557 1968 696 2066 capella
722 1968 912 2059 existente,
936 1992 1018 2044 cum
1046 1969 1106 2044 ille
1135 1969 1273 2068 primus
1298 1967 1393 2044 inter

68 2115 186 2168 omnes
200 2099 368 2170 oratores
378 2094 569 2185 habeatur,
579 2093 676 2190 quod
689 2093 738 2168 illi
749 2093 848 2192 prius
863 2094 1050 2170 incensum
1060 2095 1232 2170 demuset
1247 2115 1390 2192 pacem

68 2216 188 2294 deinde
201 2219 285 2294 aliis
305 2219 451 2318 prelatis
472 2225 553 2318 post
578 2243 662 2294 eum
678 2220 868 2311 stantibus,
885 2220 1099 2314 oratoribus,
1124 2219 1280 2296 etiamsi
1305 2217 1394 2292 inte·

69 2341 162 2418 rioris
185 2345 363 2443 principis
387 2345 442 2420 vel
466 2345 735 2420 communitatis
761 2345 831 2422 sint
856 2351 1032 2437 oratores,
1054 2351 1130 2421 tum
1155 2344 1256 2420 laicis
1276 2349 1395 2418 orato·

70 2469 170 2542 ribus.
198 2469 344 2544 sivero
367 2470 664 2546 vicecameravius
691 2471 822 2546 absens
844 2473 902 2564 sit,
928 2477 1035 2571 prout
1055 2496 1172 2570 nuper
1195 2471 1274 2563 fuit,
1297 2468 1395 2567 quod

70 2601 146 2670 tunc
162 2596 373 2695 adignioris
385 2597 481 2696 regis
495 2597 551 2672 vel
562 2597 732 2696 principis
748 2605 892 2672 oratore
904 2597 1093 2672 incensum
1109 2603 1146 2672 et
1160 2620 1288 2695 pacem
1305 2595 1392 2670 dare

72 2719 280 2818 incipiamus
297 2729 333 2797 et
348 2722 517 2798 omnibus
537 2722 573 2796 in
596 2745 662 2798 suo
678 2723 804 2798 urdine
819 2723 997 2798 stantibus
1012 2723 1171 2798 oratibus
1191 2723 1333 2812 demus,
1347 2743 1394 2794 nc

73 2845 167 2920 toties
185 2870 256 2945 per
284 2847 460 2945 cacham
482 2871 612 2946 vagare
641 2848 848 2940 videamur3
876 2847 1005 2924 deinde
1030 2847 1109 2922 aliis
1134 2845 1337 2922 oratoribus
1358 2843 1394 2921 in

73 2969 132 3042 alio
153 2973 284 3048 ordine
306 2972 506 3048 stantibus:
530 2979 567 3048 et
583 2981 778 3072 propteroa
792 2973 875 3072 quia
889 2973 1072 3071 predictus
1095 2969 1395 3047 vicacamerarius

73 3092 104 3166 in
121 3098 261 3195 capella
287 3121 438 3196 presens
463 3122 539 3173 non
568 3107 657 3190 erat,
682 3097 861 3198 incepisse
888 3099 975 3174 dare
999 3098 1098 3196 prius
1124 3099 1170 3174 ab
1192 3095 1395 3172 oratoribus

76 3221 159 3318 regis
175 3227 425 3300 Romanorum
450 3231 634 3322 tamquam
646 3225 761 3321 magis
777 3224 908 3322 dignis.
933 3223 1112 3298 Mandavit
1135 3221 1315 3298 Sanctitas
1330 3243 1396 3294 sua

77 3347 162 3440 quod
171 3349 347 3448 deinceps
362 3350 553 3425 incensum
570 3358 604 3425 et
620 3373 747 3448 paoem
763 3349 848 3424 dare
865 3351 1019 3426 debeam
1032 3348 1233 3424 oratoribus
1248 3345 1395 3446 prelatis

76 3479 148 3549 ante
162 3485 329 3553 oratores
343 3475 469 3568 laicos,
487 3500 653 3552 asserens
669 3459 832 3550 oratores
860 3499 986 3573 regum
1005 3473 1156 3550 Francia
1172 3479 1208 3548 et
1224 3471 1395 3571 Hispanis

34 3679 35 3682 g
77 3599 351 3676 llaximilianum
375 3625 440 3700 pro
456 3625 541 3700 rege
556 3606 802 3678 Romanorum
815 3600 952 3676 habere
967 3625 1040 3674 non
1054 3599 1157 3692 velle,
1176 3622 1258 3674 cum
1275 3597 1397 3672 dicant

78 3719 183 3819 ipsum
198 3729 247 3804 ab
258 3727 421 3803 Ecclesia
431 3751 582 3802 romana
593 3751 666 3800 non
680 3750 760 3802 esse
776 3727 1027 3826 approbatum.

119 3853 273 3928 Sabbata
290 3851 327 3926 in
342 3851 446 3944 albis,
471 3857 514 3928 tt
529 3853 666 3928 mensis
681 3851 803 3951 aprilis
827 3856 890 3927 SS.
916 3856 959 3926 D.
977 3855 1006 3926 N
1013 3907 1020 3924 .
1035 3858 1182 3951 paratus
1196 3873 1299 3926 more
1312 3873 1396 3924 con-

81 3978 277 4054 svetovenit
290 3977 335 4052 ad
346 3977 522 4077 capeNam
533 3979 724 4078 majorem,
735 3977 796 4051 ubi
807 3977 968 4052 interluit
982 3977 1092 4053 misse
1106 3976 1272 4066 solemni,
1288 3998 1395 4073 quarn

81 4099 263 4178 celebravit
277 4103 318 4178 R.
335 4107 375 4176 P.
394 4106 438 4177 u.
457 4101 737 4202 Christophorus
762 4102 954 4202 episcopus
977 4101 1208 4178 dartonensis
1223 4098 1395 4200 magister

83 4228 221 4324 capelle,
239 4238 275 4305 et
290 4253 364 4304 non
379 4227 444 4303 luit
461 4253 594 4305 sermo.

124 4353 159 4426 ln
172 4355 242 4432 hac
258 4354 381 4446 missa,
398 4361 589 4454 postquam
603 4358 667 4430 SS.
691 4359 732 4429 D.
748 4359 791 4430 N.
808 4355 1021 4430 ascenderat
1039 4353 1182 4445 solium,
1206 4355 1329 4426 anus.
1348 4353 1393 4425 D.

85 4479 260 4556 cardinalis
276 4481 321 4556 de
334 4485 433 4556 Fuxo
448 4481 635 4571 assistens,
655 4481 699 4555 ad
714 4481 921 4556 instantiam
937 4477 1096 4578 episcopi
1116 4481 1145 4554 N
1151 4534 1158 4550 .
1175 4482 1396 4574 conquestus

86 4599 139 4673 SS.
155 4605 193 4678 u.
211 4607 253 4678 N.
274 4604 442 4702 estquod
462 4604 655 4704 Gregorius
680 4605 724 4680 de
744 4608 856 4681 Turre
877 4611 998 4680 orator
1014 4602 1258 4694 blaximiliani‚
1284 4601 1395 4699 quiin

85 4728 208 4822 capeNa
230 4737 320 4821 crat,
338 4737 435 4804 essct
452 4727 798 4822 excommunicatus,
816 4753 861 4804 ex
881 4753 924 4804 eo
942 4729 1038 4827 quod
1063 4726 1246 4828 injecisset
1268 4741 1397 4799 manus

86 4847 243 4928 violentas
261 4855 298 4928 in
329 4857 541 4954 episcopum
567 4859 846 4931 lascurrensem
863 4860 1045 4929 oratorem
1062 4852 1156 4951 regis
1185 4851 1335 4926 Francia
1363 4857 1398 4924 et

87 4985 265 5076 propterea
279 4979 492 5078 ejiciendus.
512 4983 577 5056 SS.
595 4985 638 5055 n.
657 4985 698 5056 N.
716 4981 802 5054 dixit
815 4978 904 5054 mihi
919 4979 1015 5078 quod
1027 5003 1092 5078 pro
1106 4979 1177 5053 hac
1192 4977 1302 5052 missa
1317 5001 1397 5051 sus-

88 5101 253 5194 pendebat
274 5105 687 5184 excommunicationem
713 5107 938 5206 hujusmodi,
961 5105 1011 5182 ita
1030 5103 1126 5204 quod
1140 5109 1181 5180 D.
1201 5103 1397 5202 Gregorius
