3422 6034
69 502 165 568 [tannes
179 501 245 566 149⁰]
387 497 512 556 RERUM
537 497 764 556 URBANARUM
787 498 1050 556 COMMENTARH.
1321 497 1373 554 381

102 654 132 742 i.
152 652 357 726 Convertere
370 652 561 742 hrcmiliter,
578 678 782 752 quesumus,
894 671 896 674 ’

104 779 137 868 D·
153 777 312 868 Domine,
332 777 380 850 ad
390 790 513 876 nentes
530 803 597 876 que
611 780 815 876 opprimunt
826 803 904 854 nos.

106 903 138 992 i.
157 900 226 988 Oui
237 903 440 999 ylariontur
452 903 615 999 superbio
631 928 710 976 suo.

103 1028 135 1117 si.
149 1026 280 1124 Diniae,
298 1049 503 1124 quesumus,
519 1027 684 1118 Domine,
703 1030 883 1102 trasitium
899 1039 1061 1102 sanatum
1080 1039 1194 1101 tuurn.

103 1154 138 1241 i.
154 1151 198 1224 In
218 1151 441 1248 adjutorium
455 1178 634 1238 seruorum
651 1165 805 1228 urorum.

106 1281 139 1368 si.
154 1277 320 1374 Duperde
335 1302 391 1352 eas
406 1277 448 1352 de
464 1289 556 1352 terra
572 1280 775 1366 virentium,

105 1413 133 1499 y.
153 1404 243 1490 Ouia
262 1427 336 1478 nan
353 1417 528 1478 noverunt
544 1403 602 1496 Ta,
619 1404 788 1496 Domine,
804 1404 898 1478 Deus
914 1415 1042 1478 noster.

107 1532 140 1620 li.
155 1528 237 1602 Non
261 1530 375 1622 nobis,
396 1530 562 1621 Domine,
580 1554 652 1604 non
670 1531 782 1622 nabis,

106 1657 138 1745 t.
153 1653 225 1728 Sed
235 1656 374 1729 nomini
388 1667 447 1729 tua
462 1655 509 1730 da
521 1657 686 1753 aloriam.

106 1783 138 1871 si.
153 1781 305 1854 Domine
320 1781 451 1855 eaaudi
470 1782 661 1855 orationem
680 1805 809 1872 ineam,

107 1905 138 1992 ,in
154 1904 206 1978 Et
215 1905 361 1995 clamor,
380 1916 460 1980 eto..

106 2029 138 2120 D·
153 2028 329 2104 Dominus
344 2031 532 2123 uobiscum,
551 2043 634 2122 ota,
651 2044 715 2106 eta.
726 2085 747 2104 ..

629 2217 795 2286 Oramus.

106 2351 279 2430 Procoeton
291 2355 329 2428 in
348 2366 380 2429 te
393 2357 623 2453 sperantium,
640 2355 755 2448 Deus,
770 2357 846 2431 sine
860 2382 929 2456 qua
943 2359 1034 2432 nihil
1045 2370 1097 2432 est
1111 2357 1278 2450 ualidum,
1291 2357 1382 2434 nihil
1430 2419 1435 2436 .

68 2492 220 2571 sonatum,
238 2481 434 2578 multi-alicu
449 2506 553 2579 super
566 2507 629 2555 nos
644 2483 918 2557 misericordiam
933 2488 1043 2574 ticam,
1066 2496 1116 2574 ut,
1140 2496 1172 2557 te
1190 2497 1333 2575 rectore,
1349 2495 1381 2556 te

69 2604 151 2696 tuce,
164 2606 211 2680 sie
229 2617 452 2680 transeamus
467 2631 535 2701 per
554 2607 643 2681 bonu
663 2609 867 2707 temporalia
884 2621 919 2683 et
935 2635 1006 2684 non
1024 2609 1227 2684 omittamus
1246 2619 1377 2682 eterna.

109 2729 546 2829 Omnmatenssempiterne
559 2732 654 2807 Deus
675 2735 713 2806 in
735 2736 840 2830 ainus
862 2759 973 2810 manu
992 2747 1078 2809 sunt
1095 2735 1253 2808 omniurn
1263 2746 1381 2832 potes-

69 2865 138 2928 tates
152 2869 184 2930 et
201 2859 362 2932 omnium
379 2857 471 2954 juro
492 2883 698 2957 reynorum,
715 2861 844 2958 respice
859 2861 896 2933 in
917 2861 1092 2934 ouailium
1111 2859 1381 2934 christianorum

69 2991 101 3052 ut
110 2994 220 3078 nentes
234 3007 464 3082 payanorum
479 3009 546 3083 que
565 2985 602 3058 in
618 3009 684 3058 sua
699 2987 842 3084 feritate
861 2985 1056 3085 confidunt,
1079 2985 1218 3059 testere
1243 2995 1302 3058 tue
1314 3008 1382 3082 po-

70 3109 159 3180 tentia
176 3121 416 3184 conterantur.

107 3231 190 3307 Deus
209 3235 246 3308 in
273 3247 306 3309 te
327 3237 545 3333 sperantium
567 3235 753 3335 fortitudo,
776 3235 893 3310 adesto
909 3236 1085 3334 propitius
1105 3234 1382 3310 invocationibus

69 3360 188 3450 nostris,
208 3373 243 3435 et
255 3361 342 3460 quie
356 3362 433 3434 sine
450 3374 482 3435 te
500 3361 592 3435 nihil
606 3373 721 3460 potest
733 3363 890 3436 mortalis
911 3361 1114 3459 infirmitas,
1128 3370 1251 3458 presta
1276 3360 1381 3436 arcai-

69 3479 141 3556 linm
158 3489 271 3582 qratia
297 3499 354 3560 tue
377 3498 419 3560 ut
434 3488 471 3560 in
494 3487 705 3586 eaequendis
727 3487 902 3561 mandatis
923 3487 991 3560 tuis
1011 3498 1046 3560 ot
1069 3486 1247 3562 uoluntate
1268 3485 1329 3562 tibi
1350 3498 1386 3559 et

70 3610 389 3711 amorediliaamus.

110 3729 283 3808 Protector
295 3747 414 3812 noster
426 3736 540 3834 aspice
553 3737 647 3811 Deus
665 3728 700 3812 et
714 3737 757 3811 ab
773 3738 995 3814 inimieorum
1010 3763 1073 3815 nos
1087 3737 1237 3841 defende
1248 3738 1386 3836 pericu-

73 3852 117 3944 lis,
139 3870 176 3930 ut
194 3863 290 3936 amni
303 3863 570 3960 perturbatione
588 3876 734 3955 remota,
758 3865 874 3938 l'teris
900 3865 962 3937 tibi
984 3865 1158 3938 mentibus
1174 3865 1381 3937 serviamus.

112 3981 212 4078 Deus,
229 3988 417 4087 resuyium
427 3999 585 4063 nostrum
597 4005 632 4063 et
643 3991 764 4082 virtus,
779 3989 895 4064 adesto
903 3990 974 4088 piis
987 3990 1126 4064 ecclesie
1139 3991 1381 4088 tuepreeibus,

74 4119 176 4181 auctor
193 4111 264 4209 ipse
279 4113 421 4212 pietatis
436 4125 596 4212 etprestu
614 4127 656 4189 ut
674 4115 717 4188 ab
739 4115 835 4190 omni
849 4139 1025 4190 satiamur
1043 4115 1209 4190 bellorum
1227 4115 1385 4212 nequitia

75 4241 104 4299 et
112 4232 144 4304 in
158 4245 211 4309 tue
215 4239 442 4334 protectionis
454 4241 638 4314 securitate
658 4241 816 4315 letemur.

110 4355 255 4436 Dcalosie
273 4375 344 4456 tue,
363 4387 568 4463 quesumus,
585 4365 751 4459 Domine,
764 4392 885 4466 preses
892 4367 1071 4467 placatus,
1083 4368 1227 4442 atmitte
1242 4376 1294 4455 ut,
1312 4363 1386 4438 des

77 4485 182 4558 trustis
213 4490 481 4566 universitatibus
515 4503 550 4566 et
574 4493 748 4568 erroribus
784 4496 970 4584 uniuersis,
1001 4518 1125 4569 secura
1165 4493 1227 4566 tibi
1257 4491 1389 4564 serviat

78 4605 225 4688 libertate.
241 4618 316 4691 Per
334 4617 515 4692 Christum
526 4618 724 4691 Dominum
742 4629 900 4692 nostrum
918 4617 976 4719 (1).

108 4831 129 4888 1-
148 4857 161 4888 a
175 4837 256 4898 Addit
268 4846 365 4899 auctor
379 4840 582 4917 (Burehardus)
596 4840 738 4900 formulam
754 4859 865 4916 prosum
880 4859 896 4898 a
911 4859 941 4898 se
957 4841 1136 4916 compositum
1153 4858 1267 4916 eumque
1285 4840 1389 4900 desan·

79 4923 149 4980 uodo
162 4928 258 5002 hymno
282 4933 321 4988 Te
344 4934 436 4990 Deum
451 4933 602 5007 repetitam.
617 4931 779 5006 ¹Habitsque
799 4929 881 4987 etiem
895 4937 939 4990 est
958 4947 1050 4988 coram
1072 4931 1203 4988 Pontifise
1219 4938 1248 4988 et
1262 4931 1386 4989 sardina-

79 5005 138 5070 libus
158 5018 238 5076 oram
259 5021 437 5096 panegyrica,
463 5041 524 5097 quae
548 5020 623 5096 typis
645 5038 713 5078 auso
736 5026 790 5089 est,
814 5021 953 5096 proposito
968 5022 1087 5078 themate
1106 5039 1184 5079 sesso
1200 5039 1207 5078 :
1225 5043 1240 5075 s
1257 5023 1324 5078 Huc
1347 5032 1388 5078 est

80 5102 185 5160 victoria
196 5126 254 5181 qun
267 5113 358 5167 vincit
376 5113 519 5170 mnndum
534 5113 609 5186 fides
623 5121 734 5168 nostra.
751 5132 765 5162 s
782 5109 896 5185 (Risu,
914 5118 933 5168 ῑ.
949 5112 1036 5183 XXX,
1052 5130 1081 5187 p.
1101 5113 1160 5184 167,
1180 5129 1212 5168 no
1229 5113 1284 5186 Π).

109 5189 235 5257 L'orsteur
247 5201 389 5277 suppelunt
402 5203 442 5261 les
461 5202 616 5260 differentes
632 5203 733 5277 pheses
753 5201 787 5258 de
802 5203 829 5258 la
843 5200 910 5259 lutto
925 5202 971 5276 qui
990 5219 1020 5258 se
1039 5201 1155 5258 termino
1175 5218 1226 5276 par
1244 5202 1269 5257 lo
1288 5202 1388 5260 dissito
