3600 6094
342 483 379 539 52
798 481 972 538 Jouaurus
997 481 1218 552 auncuaaur,
1508 483 1590 547 raoni
1607 483 1677 546 risi]

344 633 390 706 ad
404 632 678 709 diminutionem
697 635 752 708 rel
770 636 1019 710 remissionem
1037 659 1167 710 census
1184 641 1359 710 terrarum
1375 635 1534 710 Ecclesia
1547 636 1674 728 laniat,

344 755 413 828 nisi
442 757 700 832 deliberatione
726 760 823 856 prius
855 759 977 832 habita
1005 757 1258 848 consistoriali,
1291 764 1327 830 et
1362 758 1677 832 consentientibus

344 879 480 955 duabus
499 883 657 977 partibus
683 882 916 955 cardinalium
944 904 1026 954 eum
1049 881 1260 956 eorumdem
1281 880 1620 978 subscriptionibus,
1643 887 1678 953 at

341 1005 393 1078 ita
424 1007 554 1080 eodem
585 1009 694 1082 modo
727 1008 772 1082 de
806 1007 944 1082 noviter
971 1005 1154 1102 acquisitis
1185 1005 1222 1078 iu
1253 1005 1418 1092 Theseia,
1448 1004 1615 1078 Marchia
1643 1009 1678 1076 at

343 1131 593 1206 Romandiola.

391 1259 493 1346 llam,
517 1259 611 1352 qnod
634 1255 719 1329 nulli
741 1255 829 1353 regi,
856 1255 951 1346 duci,
974 1254 1142 1352 principi,
1167 1253 1313 1328 domino
1336 1259 1397 1328 aut
1423 1253 1676 1328 communitati

340 1404 414 1455 non
439 1382 580 1455 subdite
605 1381 685 1474 sibi,
712 1382 871 1456 movebit
893 1403 1073 1478 guerram,
1100 1387 1161 1453 aut
1186 1403 1268 1454 curn
1288 1379 1340 1453 ais
1362 1379 1471 1477 ligam
1494 1379 1606 1454 faciat
1633 1379 1677 1452 ad

341 1506 568 1580 inserendam
583 1507 687 1580 alicui
704 1530 871 1604 guerram
888 1507 964 1580 sina
978 1528 1151 1605 expresso
1160 1529 1341 1579 consensu
1357 1505 1508 1578 duarum
1517 1505 1675 1602 partium

341 1635 559 1706 RRmorum.
582 1635 657 1706 ub.
677 1632 923 1706 cardinalium.

390 1763 494 1851 llam,
516 1759 612 1855 quod
627 1757 845 1830 feodatarios
864 1779 1059 1854 regnorum
1075 1763 1111 1830 at
1126 1756 1215 1830 alios
1231 1755 1396 1844 vicarios,
1412 1779 1502 1852 quos
1517 1759 1563 1832 da
1581 1779 1675 1831 noro

339 1885 521 1975 investiat,
551 1883 776 1981 capitaneos,
810 1883 1087 1978 guberuatoreS,
1115 1881 1331 1956 castellanos
1357 1905 1557 1979 omnesque
1585 1883 1675 1956 alios

340 2016 376 2084 at
396 2010 554 2107 singulos
573 2008 748 2082 officiales
768 2008 974 2106 hujusmodi
994 2009 1039 2082 da
1060 2007 1155 2082 Urba
1176 2014 1377 2082 romanaet
1393 2007 1543 2081 aliarum
1563 2013 1675 2081 tarra-

339 2159 418 2208 rum
432 2135 637 2234 patrimonii
653 2133 814 2208 Ecclesia
830 2158 978 2207 romana
1001 2132 1045 2232 (l)
1070 2134 1178 2208 iaciat
1195 2135 1317 2232 jurare
1335 2134 1371 2206 in
1388 2157 1512 2208 eorum
1534 2134 1676 2207 iustitu-

338 2261 435 2334 tione
459 2261 703 2335 obedientiam
728 2265 764 2333 et
792 2259 1002 2334 fidelitatem
1031 2282 1180 2333 romane
1209 2258 1383 2348 Eeclasie,
1416 2258 1585 2333 videlicet
1610 2259 1673 2332 sibi

338 2391 374 2458 at
394 2385 675 2459 successoribus.
701 2385 823 2458 Faciet
845 2385 993 2482 iusuper
1010 2385 1133 2482 jurare
1155 2385 1377 2482 supradictos
1397 2385 1620 2460 feudatarius
1640 2391 1673 2458 al

337 2509 509 2584 officiales
546 2515 758 2606 ceterosque
796 2511 832 2582 iu
869 2510 941 2583 boc
977 2510 1131 2616 capitulo
1167 2511 1391 2602 nominatos,
1431 2510 1543 2606 quod,
1585 2510 1670 2583 seda

335 2638 497 2725 vacante,
518 2636 563 2707 ad
578 2635 787 2708 mandatum
799 2635 961 2730 ipsorum
977 2637 1052 2708 bb.
1079 2635 1329 2725 cardinalium,
1348 2635 1522 2727 civitataS,
1538 2642 1669 2724 terras,
1770 2649 1771 2662 ¹

335 2759 430 2849 loca,
446 2781 562 2850 areca,
580 2759 741 2833 fortilitia
755 2766 791 2833 et
813 2765 932 2833 eastra
949 2760 1110 2834 Ecclesia
1130 2782 1279 2835 romana
1301 2761 1510 2835 immediate
1525 2762 1670 2836 tradant

335 2883 428 2957 cetui
451 2882 612 2978 ipsorum
635 2884 869 2959 cardinalium
891 2891 927 2959 et
949 2885 1142 2982 expediant
1162 2886 1275 2960 libera
1294 2885 1371 2959 siue
1393 2885 1465 2958 ulla
1483 2887 1668 2960 contradi·
1770 2871 1771 2886 ,

334 3009 467 3100 ctione,
486 3015 522 3084 at
541 3011 586 3085 da
601 3012 671 3085 boc
689 3011 824 3084 dabunt
843 3011 1048 3086 cautionem
1064 3017 1099 3084 at
1117 3011 1389 3108 fidejussionem
1410 3010 1664 3085 sufficientem.

383 3139 486 3226 ltem,
516 3137 612 3232 quod
636 3159 738 3210 arces
763 3161 789 3208 s.
808 3136 950 3232 Angeli,
976 3135 1133 3210 Civitatis
1156 3137 1298 3226 Vetula,
1323 3135 1487 3234 Tyburis,
1514 3137 1664 3233 Spoleti,

334 3259 448 3332 Phani
461 3267 508 3358 (E)
526 3269 562 3334 et
585 3267 722 3335 Cesaua
739 3285 811 3333 non
831 3261 1007 3334 concedet
1020 3259 1125 3334 alicui
1145 3261 1189 3334 da
1210 3261 1396 3358 parentela
1409 3285 1485 3351 sua,
1503 3285 1572 3335 nac
1589 3285 1667 3359 pro-

332 3386 405 3459 lato
422 3410 489 3460 nac
509 3386 673 3476 seculari,
692 3387 755 3460 sed
771 3386 848 3457 aliis
863 3385 1008 3481 prelatis
1021 3391 1057 3460 at
1075 3385 1328 3460 ecclesiasticis
1347 3386 1512 3483 personis
1527 3386 1665 3483 illisque

332 3533 406 3583 uon
421 3511 458 3584 in
478 3511 620 3606 lougius
637 3517 778 3608 tempus
798 3511 950 3583 duorum
971 3533 1162 3601 annorum,
1185 3510 1252 3582 nisi
1273 3511 1317 3584 de
1341 3510 1492 3584 consilio
1512 3511 1663 3585 duarum

331 3635 487 3731 partium
512 3635 747 3709 cardinalium
776 3635 881 3709 aliter
907 3635 984 3709 fieri
1015 3635 1194 3724 videatur;
1221 3658 1339 3730 neque
1363 3635 1471 3709 faciat
1497 3638 1663 3711 eumdem

332 3759 567 3834 castellanum
589 3767 624 3835 et
648 3761 928 3856 gubernatorem
952 3761 1102 3860 alicujus
1135 3761 1302 3850 civitatis3
1331 3762 1662 3858 gubernatoresque

332 3885 515 3959 civitatum
545 3886 690 3982 majoris
713 3887 962 3984 importantia,
996 3895 1121 3986 utpote
1148 3887 1284 3985 Spoleti
1306 3894 1341 3960 et
1365 3887 1517 3962 aliarum
1547 3889 1658 3962 civita·

334 4016 409 4084 tum
436 4009 620 4098 similium,
645 4015 751 4084 erunt
772 4010 899 4105 prelati
920 4015 956 4082 et
975 4010 1220 4086 ecclesiastice
1243 4035 1416 4110 persoua3
1438 4037 1507 4088 nac
1529 4015 1660 4112 capita-

332 4140 458 4208 natum
490 4134 696 4231 generalem
723 4135 883 4207 Ecclesia
913 4135 1036 4232 nepoti
1062 4159 1130 4211 nec
1167 4137 1273 4212 alicui
1300 4138 1570 4236 consanguineo
1600 4160 1657 4212 suo

333 4257 527 4332 concedet.

381 4387 484 4474 ltem,
517 4383 613 4478 quod
645 4403 752 4480 super
780 4382 948 4457 omnibus
977 4390 1012 4458 at
1042 4384 1191 4481 siugulis
1221 4385 1433 4483 supradictis
1462 4392 1498 4460 et
1527 4385 1657 4485 dapen-

332 4507 497 4584 dentibus
518 4533 562 4582 ex
587 4508 639 4582 eis
666 4515 703 4581 et
722 4508 799 4581 aliis
823 4508 1009 4606 inquibus
1035 4511 1225 4586 consilium
1246 4511 1477 4586 dominorum
1497 4512 1654 4586 cardina·
1724 4563 1726 4573 ·

330 4633 418 4707 lium
441 4635 654 4731 requiratur,
681 4634 967 4732 promotionibus
988 4637 1033 4710 ad
1056 4637 1256 4733 prelaturas
1279 4637 1463 4712 dumtaxat
1485 4637 1652 4735 exceptis,

331 4758 467 4831 nullam
482 4759 616 4832 bullam
636 4783 795 4855 unquam
815 4760 973 4856 expediri
996 4762 1212 4852 consentiet,
1233 4762 1270 4834 iu
1291 4787 1362 4859 qua
1379 4762 1463 4836 insit
1486 4761 1650 4844 clausula,

331 4881 495 4956 videlicet
515 4883 559 4955 de
582 4885 723 4958 consilio
737 4887 895 4983 fratrum
910 4897 1121 4971 nostrorum,
1145 4886 1212 4958 nisi
1236 4886 1333 4984 prius
1362 4887 1505 4961 realiter
1519 4892 1557 4960 at
1578 4887 1652 4960 cum

368 5095 392 5153 1.
413 5091 447 5154 Et
461 5095 582 5153 aliorium
599 5101 728 5154 terrarum
743 5096 897 5172 patrimonii
913 5096 984 5154 Ecel.
1001 5092 1080 5152 Rom.
1092 5124 1123 5139 -
1142 5096 1261 5172 blanque
1276 5099 1345 5156 dans
1360 5095 1479 5156 Riualdl.

365 5189 393 5245 2.
414 5187 513 5244 Pbaui.
529 5216 564 5229 -
578 5188 697 5260 blanqua
711 5187 779 5244 dans
794 5187 924 5263 ainaldi,
