3424 6038
329 442 383 500 su
783 439 959 498 tonsurus
984 439 1208 512 concussor,
1449 441 1564 508 [nasa
1578 443 1635 510 ιιιιι

328 593 519 684 cardinalis
536 591 741 670 Parmensis
767 593 963 668 celebravit
983 592 1145 668 osticium
1166 595 1204 670 iu
1223 595 1364 694 capella
1385 597 1532 694 majore,
1559 599 1641 692 Papa

329 727 365 794 et
380 718 621 794 cardinalibus
636 717 879 816 presentibus,
898 740 1000 794 more
1018 727 1210 795 consueto.

378 843 483 918 Paria
495 843 666 935 secunda,
690 849 711 916 8
729 840 957 938 septembris,
976 840 1109 916 festum
1126 844 1318 919 nativitatis
1338 845 1443 920 beate
1464 844 1572 919 llarie
1584 845 1642 918 rir-

331 971 436 1067 ginis,
466 975 508 1044 R.
540 976 579 1045 P.
609 975 653 1045 D.
678 967 960 1066 christophorus
990 969 1182 1067 episcopus
1207 970 1443 1044 Cortonensis
1470 969 1642 1044 celebrarit

332 1096 480 1170 missam
494 1097 693 1171 solemnem
712 1095 746 1167 iu
761 1092 901 1191 capella
915 1093 1055 1190 majore
1074 1094 1196 1192 palatii
1211 1095 1412 1194 apostolici,
1428 1099 1526 1193 Papa
1539 1101 1644 1170 eicar-

331 1219 510 1294 diualibus
525 1221 748 1311 absentibus
767 1219 796 1292 si
812 1218 905 1292 bene
918 1218 1092 1294 intellexi.

383 1344 487 1418 Feria
508 1343 840 1436 seussionensis
864 1342 1092 1439 septembris,
1122 1343 1406 1418 anniversarium
1423 1345 1646 1419 coronationis

331 1470 395 1541 SS.
415 1471 459 1542 D.
472 1470 514 1540 N.
534 1466 733 1541 iunocentii
748 1489 839 1564 pape
854 1467 949 1554 Vlll,
963 1465 999 1538 iu
1016 1465 1155 1564 capella
1169 1466 1307 1563 majore
1323 1466 1446 1563 palatii
1462 1469 1646 1567 apostolici,

331 1597 456 1668 Rmus.
482 1596 524 1666 D.
557 1593 741 1667 lohannes
768 1590 960 1665 cardinalis
992 1591 1262 1688 Andegareusis
1298 1592 1494 1668 celebrarit
1516 1595 1647 1668 missen

330 1720 547 1811 solemnem,
566 1723 663 1816 Papa
677 1725 714 1792 et
727 1715 967 1792 cardinalibus
982 1715 1226 1814 presentibus,
1243 1739 1346 1791 more
1364 1728 1554 1794 consueto.

380 1844 490 1918 Die...
514 1849 555 1919 R.
579 1845 776 1919 iu·Christo
800 1848 839 1917 P.
866 1847 908 1917 D.
932 1845 1079 1938 Malitia,
1103 1845 1294 1944 episcopus
1315 1848 1548 1946 Rapollauus,
1567 1846 1647 1920 limi.

327 1973 372 2048 D.
402 1969 593 2044 cardinalis
617 1969 843 2068 Neapolitani
867 1993 981 2067 nepos
1009 1975 1046 2044 et
1074 1969 1248 2067 magister
1278 1972 1421 2062 domus,
1454 1977 1567 2047 Rome
1592 1972 1648 2046 n'ta

330 2093 474 2170 iunctus
489 2101 557 2186 est,
576 2096 827 2195 eujusjcorpus
846 2095 884 2169 in
907 2093 1062 2172 ecclesia
1083 2093 1189 2170 beate
1209 2095 1323 2171 Marie
1342 2121 1452 2195 supra
1469 2099 1648 2172 ltliuerram

328 2244 394 2319 per
406 2219 560 2294 familias
578 2223 642 2296 SS.
661 2225 704 2295 D.
724 2223 765 2294 N.
785 2243 878 2318 pape
893 2227 929 2296 et
944 2226 1162 2296 lilimorum.
1178 2225 1255 2297 DD.
1272 2222 1508 2298 cardinalium
1523 2247 1565 2298 ac
1578 2245 1648 2320 pre·

328 2347 482 2422 latorum
499 2347 597 2422 curie
609 2345 810 2420 honorifice
826 2346 1043 2421 associatum
1058 2354 1126 2437 est,
1141 2354 1177 2421 et
1188 2347 1314 2422 eadem
1324 2346 1483 2424 ecclesia
1495 2348 1648 2422 traditum

331 2473 528 2570 sepulture,
546 2474 649 2570 cujus
665 2471 785 2546 anima
795 2472 998 2568 requiescat
1011 2472 1048 2546 iu
1064 2496 1167 2570 pace.

380 2598 445 2670 Die
456 2597 562 2696 jovis,
582 2602 602 2670 2
618 2596 755 2672 mensis
771 2596 943 2687 octobris,
966 2601 1090 2670 Rmus.
1115 2597 1153 2670 iu
1170 2597 1311 2672 Christo
1330 2601 1368 2672 P.
1383 2605 1421 2674 et
1435 2602 1479 2672 Ι).
1497 2599 1647 2674 dominus

332 2721 516 2797 lohannes
536 2721 787 2796 Arcimboldus
810 2721 901 2796 tituli
922 2727 1045 2797 sancte
1066 2721 1237 2796 Praxedis
1263 2724 1453 2822 presbyter
1472 2723 1647 2798 cardinalis

328 2831 609 2926 Medi'olauensis
626 2849 820 2947 vulgariter
838 2853 1082 2943 nuncupatus,
1106 2847 1271 2920 Romaiu
1292 2847 1459 2921 domibus
1479 2872 1544 2922 sue
1559 2847 1646 2920 solite

329 2975 521 3050 residentia
540 2975 635 3050 circa
655 2976 782 3050 horam
803 2983 968 3072 quartam
991 2974 1107 3048 noctis
1130 2974 1294 3072 spiritum
1313 2975 1467 3049 reddidit
1488 2974 1645 3062 Creatori,

327 3102 431 3197 cujus
447 3124 593 3200 corpus,
607 3102 748 3176 veneris
764 3100 948 3197 sequentis
963 3099 1057 3174 circa
1078 3100 1205 3172 horam
1222 3099 1433 3196 vigesimam
1449 3102 1644 3188 secundam,

327 3226 374 3299 ad
389 3226 581 3301 ecclesiam
596 3227 709 3300 sancti
725 3225 915 3324 Augustini
923 3223 1124 3299 honorifice
1134 3223 1367 3314 associatum,
1382 3226 1644 3322 precedentibus

328 3351 506 3449 religiosis
529 3357 565 3427 et
589 3352 687 3426 clero
711 3349 829 3443 Urbis,
854 3348 958 3422 dictis
985 3347 1085 3445 prius
1104 3347 1143 3422 iu
1163 3347 1246 3421 aula
1273 3346 1415 3440 domus,
1437 3349 1560 3424 iuuere
1579 3370 1645 3446 pre
1693 3397 1694 3449 ι

328 3481 443 3566 sente,
475 3475 616 3576 vigiliis,
643 3475 884 3552 cardinalibus
907 3473 1151 3572 presentibus,
1178 3479 1214 3548 et
1238 3472 1316 3546 aliis
1342 3477 1387 3549 de
1408 3499 1510 3550 more
1535 3479 1643 3551 obser·

327 3599 489 3700 relisit).

377 3729 430 3800 De
446 3749 571 3800 mense
587 3726 803 3825 septembris
823 3724 987 3823 proxime
1003 3726 1188 3824 preterito,
1206 3703 1314 3825 prout
1325 3731 1454 3822 postea
1469 3723 1515 3800 ad
1529 3725 1642 3798 Urbem

328 3853 502 3948 scriptum
518 3857 585 3942 est,
601 3852 689 3926 obiit
704 3852 741 3925 iu
756 3851 908 3925 Francia
931 3855 1056 3926 Rmus.
1080 3851 1115 3924 in
1141 3851 1284 3925 Christo
1310 3853 1348 3924 P.
1373 3856 1410 3922 et
1432 3852 1477 3922 D.
1495 3849 1642 3924 dominus
1692 3899 1693 3909 .

362 4060 387 4117 Ι.
404 4055 473 4114 Jean
486 4053 659 4112 Arcimboldo
674 4055 707 4111 de
721 4055 804 4112 Milan
823 4055 903 4112 attira
920 4073 970 4130 par
984 4073 1029 4112 ses
1048 4055 1149 4112 talenta
1164 4055 1315 4114 l'attentiou
1330 4055 1364 4111 de
1379 4053 1479 4114 Galeas
1491 4055 1588 4113 Sinna.
1598 4054 1639 4109 De-

326 4165 396 4205 venu
414 4144 487 4214 veui,
501 4143 521 4202 ii
540 4143 581 4201 iut
597 4147 705 4201 nomme
719 4143 902 4218 protonotaire
916 4143 1101 4219 apostolique,
1125 4147 1233 4204 ensuite
1252 4151 1356 4222 eraque
1376 4147 1411 4204 de
1430 4147 1546 4216 Novana,
1567 4152 1591 4202 et
1607 4143 1637 4199 lut

327 4237 429 4310 charge
439 4235 646 4308 d'importantes
660 4233 849 4307 negociations
864 4251 914 4308 par
927 4251 977 4291 son
988 4234 1111 4291 suzaruin
1123 4235 1171 4308 qui
1184 4237 1210 4294 le
1219 4237 1411 4294 recommends
1421 4241 1438 4294 d
1448 4237 1526 4294 Sixto
1538 4235 1573 4294 IV
1586 4247 1639 4308 pour

327 4327 351 4383 le
363 4326 486 4396 ciropeau
497 4322 530 4379 de
541 4321 672 4378 cardinal.
684 4322 723 4378 La
734 4321 837 4379 crainte
851 4322 886 4379 de
900 4322 995 4398 perdre
1010 4340 1045 4378 uu
1062 4322 1086 4378 si
1101 4325 1227 4397 prtoieux
1239 4325 1374 4382 serviteur
1389 4325 1420 4382 lit
1434 4325 1539 4382 bientbt
1550 4328 1636 4397 regrat-

326 4423 368 4473 ter
382 4431 416 4471 au
431 4414 485 4470 duc
499 4412 525 4469 ta
538 4411 671 4469 demanda
688 4410 753 4486 qu'il
768 4411 841 4470 erait
857 4411 923 4469 iaite
941 4429 975 4468 en
990 4411 1084 4469 iaveur
1103 4413 1137 4469 de
1157 4431 1207 4470 son
1228 4418 1351 4488 protege.
1364 4415 1435 4472 blais
1451 4415 1476 4472 le
1490 4417 1569 4488 Papa,
1584 4429 1634 4468 sou·

325 4511 390 4563 tenu
406 4519 456 4578 par
468 4502 577 4559 larome
590 4499 694 4572 Dianio,
704 4500 924 4575 qu'drcimboldo
938 4501 1011 4559 avait
1026 4505 1117 4575 gagne
1133 4502 1221 4577 dprix
1235 4503 1305 4571 d’or,
1314 4521 1349 4560 na
1362 4503 1414 4561 tint
1427 4505 1476 4562 nul
1489 4510 1588 4577 compte
1600 4499 1637 4555 des

325 4594 419 4653 lettres
436 4610 490 4668 que
510 4593 609 4650 Galeas
628 4591 666 4648 lui
689 4590 833 4650 adressad
851 4609 883 4649 ea
897 4591 979 4666 sujet,
994 4590 1167 4649 Areimboido
1186 4591 1228 4650 lut
1245 4596 1364 4651 nomme.
1381 4593 1403 4649 ll
1416 4593 1475 4650 rint
1493 4597 1509 4650 a
1524 4593 1602 4650 Rome
1617 4595 1637 4644 et

326 4683 413 4740 obtiut
427 4683 454 4739 la
467 4681 588 4756 ligatiou
603 4679 638 4737 da
653 4679 774 4738 Pirouse
785 4684 820 4737 ori
831 4679 850 4736 il
864 4698 893 4738 se
908 4679 1052 4756 distingue
1061 4681 1351 4756 particulierement.d
1363 4681 1389 4738 la
1400 4689 1470 4740 mort
1480 4683 1513 4738 ds
1522 4677 1635 4737 Sixtelll.

326 4771 344 4828 il
359 4789 389 4828 se
408 4777 506 4828 trouva
524 4787 558 4826 au
574 4768 702 4826 conclave
717 4773 752 4826 od
769 4786 819 4826 son
834 4785 898 4826 nom
916 4768 1004 4843 ligura
1018 4770 1104 4844 parmi
1120 4771 1159 4828 les
1174 4777 1352 4828 concurrente
1367 4773 1384 4827 t
1404 4771 1431 4828 la
1445 4771 1565 4845 papautt,
1577 4763 1635 4822 ainsi

324 4862 390 4935 qu’il
404 4866 507 4918 ressort
520 4860 554 4916 de
568 4858 594 4915 lu
608 4858 729 4932 depectus
742 4859 779 4915 du
795 4861 830 4915 20
844 4863 911 4915 aeut
925 4859 995 4916 rtet
1010 4858 1044 4916 da
1053 4859 1164 4918 Braudo
1183 4861 1211 4918 di
1225 4861 1395 4934 Castigliouo
1410 4878 1445 4918 au
1457 4861 1509 4918 duc
1522 4859 1553 4914 de
1565 4855 1633 4914 blilau

327 4950 406 5007 etde
425 4949 490 5006 celle
505 4949 633 5006 adressee
648 4965 683 5005 uu
699 4948 752 5004 duo
772 4948 806 5006 de
827 4948 940 5005 Fer-rare
955 4965 1004 5022 par
1024 4949 1148 5023 l'ivtque
1172 4950 1206 5006 de
1225 4949 1344 5025 Reggio,
1359 4967 1410 5007 son
1431 4946 1633 5008 ambassadeuri

326 5041 423 5099 Rome.
439 5037 522 5114 (Voy.
537 5037 698 5096 Petruacelli
712 5039 783 5096 della
796 5037 916 5111 (isitius,
932 5039 1065 5094 Histoire
1083 5040 1295 5112 diplomaticae
1308 5043 1359 5096 des
1380 5041 1543 5099 Conclusae.
1558 5034 1632 5100 Paris,

330 5132 407 5203 ¹864,
423 5137 443 5188 t.
460 5130 483 5201 Ι,
497 5145 528 5204 p.
547 5129 610 5202 304,
624 5129 689 5202 306,
705 5134 732 5186 et
745 5129 772 5186 la
784 5128 906 5203 dipaohs
919 5128 954 5185 de
964 5127 1052 5199 Lecti,
1067 5128 1269 5203 dl’dppeudiee
1283 5139 1315 5186 ιιο
1330 5129 1389 5201 28.)
