3600 6094
85 430 197 491 [Anat
211 435 282 496 1181]
462 430 589 488 RERUM
610 431 837 491 URBANAHUM
856 431 1119 490 COblMENTARll.
1326 513 1330 520 ι
1425 434 1458 490 13

90 585 267 659 anulum
293 584 349 660 vel
371 583 552 682 planetam
581 592 642 660 aut
663 587 797 684 aliquid
822 585 919 661 aliud
946 609 1116 660 amovere
1137 591 1365 682 presumeret
1390 585 1450 683 (t).

86 710 385 784 Advertendum
407 709 503 807 quod
532 711 604 785 hoc
626 736 747 802 mane,
769 713 979 786 defunctum
1007 711 1205 800 vestiendo,
1232 711 1449 802 erravimus;

93 836 277 911 debebat
291 837 389 910 enim
405 837 471 910 sub
488 836 599 911 sacris
615 838 773 911 vestibus
789 837 951 910 habitum
967 837 1103 910 ordinis
1125 836 1237 911 sancti
1253 837 1450 926 Francisci‚

89 987 226 1061 quem
250 966 434 1063 protessus
458 970 547 1053 erat,
583 967 745 1060 gestare,
779 967 815 1046 et
845 985 919 1034 non
949 959 1214 1058 pontificalem,
1246 983 1317 1056 qno
1342 960 1450 1034 etiam

87 1087 242 1164 habitu
257 1091 401 1166 indutus
416 1091 502 1164 olim
521 1112 613 1186 papa
628 1086 832 1162 Alexander
852 1086 1010 1184 quintus,
1034 1083 1095 1182 qui
1112 1083 1266 1158 eundem
1286 1085 1450 1160 ordinem

88 1215 299 1310 professus
314 1216 451 1306 luerat;
468 1221 504 1289 et
519 1213 610 1288 ratio
627 1218 695 1303 est,
713 1211 797 1310 quia
818 1211 853 1285 in
877 1236 934 1302 eo,
959 1209 1055 1308 quod
1069 1210 1179 1284 homo
1197 1215 1266 1300 est,
1282 1210 1446 1301 moritur,

90 1345 145 1412 et
168 1339 303 1414 desinit
326 1364 406 1414 esse
428 1340 546 1437 major
566 1337 774 1428 bominum;
800 1336 897 1428 ideo,
921 1341 959 1410 ut
980 1336 1105 1426 homo,
1130 1333 1244 1432 qualis
1267 1341 1344 1410 erat
1365 1341 1448 1411 ante

89 1465 367 1560 apostolatum,
385 1464 529 1563 sepeliri
546 1465 666 1538 debet.

161 1591 312 1665 lnterim
327 1590 490 1664 ordinata
512 1596 593 1664 sunt
614 1614 680 1688 pro
703 1586 1103 1685 exequiisnecessaria.
1129 1585 1292 1660 Castrum
1311 1585 1445 1660 doloris

92 1717 211 1790 circa
230 1715 390 1790 medium
423 1715 572 1790 basilice
605 1714 766 1813 predicte
796 1737 904 1811 supra
923 1712 1122 1786 secundnm
1143 1711 1299 1810 lapidem
1326 1717 1446 1786 rotun-

93 1841 196 1913 dum
212 1839 346 1914 ibidem
359 1841 529 1938 positum,
546 1838 779 1938 longitudinis
798 1837 953 1935 quinque
970 1859 1180 1926 cannarum,
1198 1841 1235 1910 et
1250 1834 1444 1910 latitudinis

94 1971 277 2060 quatuor,
300 1963 496 2038 altitudinis
520 1963 723 2037 octodecim
738 1963 940 2061 palmorum
959 1986 1072 2060 usqne
1087 1961 1131 2035 ad
1146 1959 1292 2059 planum
1314 1985 1440 2036 suum:

97 2095 248 2163 tectum
260 2089 385 2164 babuit
400 2089 486 2164 satis
501 2089 680 2188 rapidum,
699 2093 738 2162 ut
755 2087 1172 2188 congruamjportionem
1184 2111 1229 2162 ex
1242 2111 1285 2164 eo
1303 2089 1444 2188 recipe·

95 2220 178 2289 ret.
193 2218 323 2289 Lectus
339 2220 415 2288 erat
428 2213 622 2288 altitudinis
638 2237 700 2288 sex
711 2213 912 2312 palmorum
923 2215 1058 2310 absque
1072 2213 1276 2304 maturatio,
1286 2211 1444 2312 longitu-

96 2339 203 2412 dinis
226 2338 447 2436 quindecim,
466 2346 502 2413 et
518 2337 716 2412 latitudinis
736 2338 940 2412 duodecim·
956 2341 1027 2410 Per
1041 2336 1250 2425 ecclesiam,
1266 2336 1443 2416 cabvmnis

97 2469 142 2538 et
157 2464 272 2538 muris
287 2464 394 2538 affixa
409 2465 553 2538 luerunt
568 2487 669 2538 erma
683 2464 843 2540 defuncti
858 2465 895 2538 in
911 2465 1036 2539 charta
1057 2464 1221 2563 depicta;
1237 2488 1307 2565 per
1317 2465 1441 2546 deam·

96 2589 324 2664 buletarium
347 2615 454 2687 supra
477 2591 663 2665 columnas
680 2615 745 2688 per
766 2591 942 2690 quadrum
965 2597 1083 2688 aptate
1107 2597 1190 2665 sunt
1211 2591 1355 2690 capsula
1376 2616 1443 2690 pro

143 2805 171 2860 t.
192 2799 310 2860 bertolt
328 2801 527 2860 circonstancit
548 2802 582 2861 de
597 2803 738 2862 Barchard
759 2805 878 2863 autorise
899 2808 916 2862 a
941 2822 1041 2880 pensor
1063 2797 1260 2882 qn'lntessurs,
1276 2805 1373 2865 hostile
1387 2809 1404 2866 a
1417 2808 1444 2869 la

99 2895 238 2967 papante,
256 2891 323 2949 adu
337 2895 468 2966 exagerer
483 2892 522 2950 les
536 2893 599 2950 lsits
613 2895 706 2968 quaud
720 2893 737 2950 il
753 2893 820 2953 ecrit
830 2895 965 2969 J(lttnrat.,
982 2897 1043 2954 ltcr.
1060 2897 1129 2953 ltat.
1140 2897 1259 2968 Script„
1271 2902 1292 2953 t.
1312 2896 1361 2969 111,
1372 2915 1400 2972 p.
1412 2916 1440 2966 rr,

101 2985 161 3042 col.
180 2984 262 3058 1183)
275 3001 282 3042 :

143 3096 159 3125 a
176 3073 242 3132 Erat
264 3073 374 3149 quidem
398 3075 482 3149 (papa
500 3075 597 3132 Sixtns
611 3073 657 3146 tv)
676 3075 764 3148 niger,
786 3073 923 3144 deformis,
939 3081 968 3132 et
985 3081 1082 3149 guttur
1102 3075 1162 3149 ejus
1180 3074 1314 3133 intlatum.
1337 3075 1441 3134 Omnes

102 3181 170 3221 cum
194 3163 403 3233 maledicebant,
421 3182 471 3221 nec
485 3163 562 3221 visus
582 3163 633 3222 luit
653 3163 734 3220 homo
755 3164 802 3236 qui
826 3163 860 3219 dc
881 3179 913 3219 eo
936 3163 1007 3220 bene
1028 3163 1135 3229 dixerit,
1155 3163 1208 3220 nisi
1227 3164 1336 3238 quidam
1358 3166 1440 3223 trater

103 3253 136 3310 S.
151 3250 300 3322 Francisci,
321 3253 368 3326 qni
383 3253 459 3310 solus
472 3253 517 3310 illa
538 3252 582 3311 dic
602 3271 712 3328 corpus,
735 3269 791 3310 non
815 3251 875 3310 sine
897 3269 997 3326 magno
1017 3250 1123 3319 lentore,
1148 3250 1353 3322 observabat»,
1368 3257 1442 3310 texte

100 3341 152 3415 qui
163 3339 257 3396 ditiore
272 3340 306 3397 de
320 3341 389 3398 cetui
409 3343 499 3399 donne
515 3359 565 3416 par
579 3341 681 3398 Eccard
693 3342 815 3414 (Corpus
828 3341 895 3398 bist.
920 3341 992 3398 med.
1007 3343 1070 3412 rac-i,
1087 3347 1107 3400 t.
1123 3339 1158 3408 ll,
1170 3339 1221 3396 col.
1236 3341 1329 3414 1942),
1346 3345 1382 3400 ou
1398 3341 1437 3399 les

99 3438 207 3487 termes
222 3437 284 3487 sont
298 3431 359 3504 ptus
378 3431 491 3487 acerbes
504 3448 604 3488 encore
620 3448 627 3489 :

141 3541 157 3574 a
174 3518 257 3576 Visus
281 3519 376 3576 similis
395 3520 519 3590 Diabolo,
540 3520 630 3578 anima
654 3522 716 3595 ejus
737 3521 771 3578 ab
791 3519 918 3579 omnibus
941 3520 987 3597 qni
1011 3537 1073 3578 eum
1095 3517 1221 3579 viderunt
1240 3519 1392 3592 maledicta,
1408 3528 1436 3581 et

44 3685 47 3689 .
103 3609 222 3668 Diabate
237 3612 424 3668 commendata
439 3611 488 3670 luit
502 3612 591 3686 palam
608 3618 636 3669 et
650 3618 778 3686 aperte.»

141 3699 165 3755 ll
185 3706 226 3755 est
244 3700 448 3758 vraisemblable
471 3719 526 3776 que
553 3701 706 3766 burchard,
727 3717 831 3758 comme
850 3701 875 3757 le
895 3717 1036 3774 remarqne
1052 3699 1203 3773 jastemcnt
1224 3699 1262 3756 bl.
1284 3697 1440 3760 Gennarctli
1563 3727 1566 3737 Δ

101 3790 289 3862 (Burcbavdv'
301 3791 395 3858 Dian,
406 3809 434 3864 p.
446 3793 485 3864 5),
497 3791 614 3848 n’aucait
628 3809 661 3848 eu
678 3790 763 3864 garde
774 3791 915 3847 d'omettre
930 3807 976 3846 ces
990 3789 1096 3857 details,
1113 3788 1150 3844 lui
1166 3788 1211 3864 qui
1228 3805 1328 3862 pousse
1342 3789 1440 3846 l’exac·

100 3877 192 3935 titude
204 3879 242 3934 dn
257 3879 324 3936 tecit
331 3881 444 3954 jusqn'a
457 3880 515 3936 dire
530 3880 554 3936 si
569 3880 609 3937 les
623 3873 725 3956 priores
740 3881 830 3936 tarent
844 3879 956 3936 reniteas
969 3879 985 3935 d
1000 3877 1061 3934 voix
1076 3877 1157 3934 basse
1172 3894 1207 3933 oa
1223 3878 1314 3934 haute.
1332 3877 1354 3933 ll
1369 3877 1440 3934 n’cst

101 3983 159 4040 pas
179 3967 269 4022 moins
282 3967 336 4024 vrai
351 3985 404 4042 que
419 3969 496 4026 Sixte
511 3969 548 4025 lV
567 3970 607 4026 lut
623 3988 659 4026 un
675 3969 777 4043 pontile
793 3969 916 4041 indigne,
931 3967 1039 4042 cupide,
1055 3961 1145 4036 artare,
1162 3966 1264 4024 aimaut
1279 3967 1438 4040 par-dossas

103 4063 170 4112 tout
182 4055 209 4111 la
221 4075 329 4130 guerre,
347 4065 375 4116 et
393 4077 497 4116 comme
512 4059 536 4115 le
553 4059 593 4116 dit
607 4059 631 4115 le
645 4065 742 4116 savant
761 4065 789 4117 et
807 4057 889 4132 pienx
907 4057 1038 4116 Muratori
1061 4058 1182 4132 (annot.
1201 4057 1332 4127 d'ltatia,
1348 4076 1375 4118 v.
1389 4058 1437 4130 lX,

102 4161 133 4220 p.
152 4145 216 4218 538)
234 4161 241 4200 :
256 4167 270 4196 «
282 4145 315 4202 Di
329 4147 419 4221 grossi
434 4147 507 4204 conti
522 4151 586 4204 arria
600 4153 682 4204 avuto
694 4155 791 4222 questo
806 4147 946 4204 Pontellce
960 4147 1005 4204 nel
1018 4147 1154 4204 tribunale
1168 4145 1194 4201 di
1210 4146 1270 4204 Dio.
1287 4168 1301 4198 a

142 4235 252 4291 Devant
266 4236 305 4292 les
319 4236 478 4310 jugemeuts
494 4237 517 4294 si
532 4237 622 4294 divers
635 4241 727 4312 portes
744 4255 792 4294 sur
809 4255 840 4294 ce
854 4238 939 4311 Papo,
956 4235 974 4292 il
989 4235 1060 4292 n'est
1079 4251 1129 4310 pas
1149 4233 1243 4292 inutile
1263 4235 1297 4292 de
1314 4235 1439 4310 rappeler

102 4323 301 4382 l'obserration
315 4326 349 4382 de
364 4324 454 4382 blansi
470 4345 478 4382 s

141 4433 158 4466 e
174 4413 253 4469 Hunc
268 4414 427 4471 Pontillcem
444 4415 597 4490 vituperant
612 4413 697 4480 multi,
710 4415 789 4490 pauci
801 4415 924 4479 landant,
936 4413 984 4470 sed
999 4431 1049 4470 nec
1063 4412 1261 4470 detractoribus
1276 4429 1327 4468 nec
1342 4412 1437 4469 landa-

101 4502 212 4562 toribus
226 4502 369 4577 plurimum
396 4504 569 4561 deterendnru
585 4521 665 4572 esse,
681 4522 753 4574 nam,
766 4522 828 4560 cnm
851 4509 909 4560 tota
927 4501 1038 4560 omniuo
1058 4502 1143 4572 ltalia,
1159 4508 1240 4576 atque
1258 4501 1352 4558 Roma
1360 4501 1437 4574 prin·

101 4592 165 4665 cipe
186 4591 255 4662 loco,
281 4591 309 4648 in
330 4599 422 4666 partes
441 4593 529 4650 divisa
547 4600 629 4662 essct,
654 4610 768 4666 quarum
795 4592 840 4648 uni
864 4591 972 4648 satiebat
998 4591 1103 4662 sixtus,
1128 4591 1203 4647 alteri
1227 4589 1435 4663 adversabatur,

104 4679 255 4754 scriptores
270 4679 382 4756 quique,
399 4699 447 4756 pro
463 4682 553 4740 studio
573 4680 697 4739 factionis
711 4697 778 4749 sirm,
794 4681 827 4737 de
843 4677 975 4737 Pontifice
990 4681 1180 4754 loquebantur.
1197 4701 1211 4732 a

138 4771 229 4842 (Ana.
246 4769 367 4835 nectes..
385 4777 403 4828 t.
420 4771 509 4841 XXX,
525 4789 552 4846 p.
568 4773 614 4840 63,
631 4776 695 4827 note
714 4775 736 4836 l,
749 4769 813 4826 edic.
831 4769 865 4826 de
879 4768 957 4825 Paris
972 4769 1064 4840 1817.)

142 4857 233 4934 Voycz
248 4859 318 4915 dans
335 4859 518 4933 Gregorovins
532 4861 706 4934 (Gescbv'cbtc
721 4861 773 4913 der·
792 4859 877 4913 Stadt
894 4859 972 4914 Rom.
989 4861 1020 4914 in
1035 4858 1216 4928 Mittatulter,
1236 4861 1254 4916 8
1274 4859 1326 4916 vol.
1343 4861 1436 4933 rn·8⁰)‚

101 4947 128 5004 le
142 4945 257 5021 portrait
267 4948 302 5004 de
316 4946 394 5004 Sixte
406 4948 451 5007 lV.
466 4949 498 5006 le
517 4949 624 5007 renvoie
637 4951 654 5004 a
667 4947 694 5002 ta
708 4947 860 5004 traduction
876 4947 1002 5006 itaticnne
1016 4949 1050 5004 dc
1063 4948 1358 5021 lttaozat-o,Veaezia,8
1372 4950 1436 5021 vot,

107 5037 185 5106 1876,
201 5044 222 5094 t.
241 5035 299 5104 Vll,
313 5035 394 5110 chnp.
415 5055 453 5105 ur,
469 5054 497 5110 p.
513 5037 558 5092 35.
580 5035 633 5092 Les
653 5043 740 5094 tomes
753 5036 804 5093 Vll
823 5043 850 5094 ct
863 5037 923 5094 Vlll
943 5038 976 5094 de
995 5038 1180 5098 cetcxcelteat
1193 5057 1314 5115 ouvrage
1328 5047 1392 5097 sont
1412 5039 1437 5096 le

106 5125 226 5183 meilleur
246 5125 440 5182 commentaire
460 5125 497 5182 du
516 5125 628 5183 Journal
645 5126 680 5183 de
695 5127 845 5183 Bnrohard.
