3496 6056
364 441 399 494 et
820 437 998 496 JOHANNIS
1023 435 1245 502 BURCHARDl,
1451 437 1664 504 [septemburias]

366 593 455 665 tium
471 597 506 666 et
517 593 783 690 acceptantium
798 594 944 668 nomine
955 577 1112 690 collegii,
1125 591 1170 666 de
1187 614 1290 666 sacro
1306 587 1459 687 collegio
1475 594 1662 664 RRmorum.

366 719 596 793 dominorum
618 745 648 794 s.
671 720 795 810 Marci,
819 746 848 794 s.
870 720 1017 818 Angeli,
1034 719 1080 792 de
1100 717 1294 815 Aragouie,
1316 721 1353 794 et
1372 742 1400 790 s.
1421 715 1564 813 Georgii
1579 717 1666 788 cerdi-

365 843 498 918 nalium
513 845 648 918 ibidem
662 845 898 942 presentium.

414 969 568 1067 Acolyti.
595 970 796 1044 —Clerici
827 994 985 1046 camere.
1012 1013 1062 1026 -
1091 969 1295 1044 Auditores.
1331 1011 1379 1024 -
1410 966 1578 1065 Acolytus
1606 990 1667 1040 cunr

366 1094 547 1170 thuribulo
564 1101 600 1168 et
621 1096 807 1170 navicella.
832 1139 882 1152 -
900 1101 978 1172 Duo
998 1097 1129 1196 acolyti
1145 1095 1365 1171 ceroferarii.
1387 1137 1435 1150 -
1451 1093 1669 1170 subdiaconus
1729 1106 1734 1117 “

367 1244 450 1294 cum
477 1244 584 1295 cruce
608 1227 644 1296 et
666 1247 792 1298 omnes
820 1223 958 1320 college
983 1223 1036 1296 sui
1062 1223 1160 1297 circa
1182 1245 1276 1296 eum.
1309 1265 1358 1278 --
1380 1225 1461 1296 Duo
1489 1219 1670 1294 subdiaconi
1732 1287 1733 1298 2

367 1345 537 1442 epistolas
553 1347 679 1422 lecturi
695 1373 777 1424 cum
791 1349 892 1424 libris
913 1349 1179 1446 evangeliorum
1199 1354 1281 1423 ante
1301 1355 1441 1446 pectus.
1458 1389 1508 1402 -
1521 1347 1671 1420 Diaconos

368 1473 595 1572 evangelium
619 1499 768 1573 grecum
792 1475 965 1550 dicturus.
992 1517 1040 1530 -
1058 1475 1216 1550 Abbates
1243 1475 1419 1548 forenses,
1442 1515 1492 1528 -
1516 1469 1670 1568 Episcopi.

366 1641 415 1654 -
435 1599 723 1700 Arobiepiscopl.
750 1643 797 1656 --
819 1600 988 1699 Episcopi
1013 1607 1049 1674 et
1070 1599 1332 1698 archiepiscopi
1355 1608 1532 1674 oratores.
1558 1639 1602 1650 -
1617 1595 1672 1668 Ab

368 1725 470 1798 batos
493 1725 612 1801 Urbis.
635 1769 684 1782 -
707 1726 928 1802 Patriarche.
949 1769 998 1781 -
1018 1725 1166 1800 Diaconi
1186 1724 1400 1800 cardinales,
1424 1765 1472 1778 -
1495 1720 1673 1817 Presbyteri

368 1853 583 1927 cardinales.
611 1897 659 1910 -
685 1851 853 1950 Episcopi
882 1852 1093 1928 cardinales.
1122 1893 1170 1908 -
1198 1850 1377 1926 Diaconos
1408 1846 1625 1946 evangelium
1648 1844 1672 1916 iu

365 1977 477 2051 latino
491 1978 664 2054 dicturus.
681 2021 730 2034 -
744 1981 822 2052 Duo
839 1978 961 2052 clerici
977 1977 1277 2054 ceremoniarum.

417 2107 493 2202 Ego
520 2131 627 2180 unam
649 2129 802 2180 cannam
826 2129 892 2202 pro
917 2111 1059 2202 stuppa,
1084 2110 1120 2178 et
1142 2103 1325 2178 lohannes
1349 2100 1463 2176 Maria
1485 2101 1592 2176 uliam
1611 2123 1673 2174 cunr

368 2231 521 2308 candela
540 2238 801 2330 portantes-
824 2235 933 2328 Papa,
959 2229 1023 2304 sub
1048 2229 1264 2304 baldachino
1284 2230 1380 2326 quod
1403 2229 1598 2304 nobiliores
1614 2225 1675 2300 laici

369 2356 474 2432 Urbis
504 2358 717 2453 portabant,
754 2356 848 2430 inter
884 2357 975 2428 duos
1019 2355 1191 2429 diaconos
1231 2355 1439 2430 assistentes
1477 2353 1675 2450 aurifrigium
1724 2332 1730 2449 )

369 2481 531 2579 pluvialis
550 2482 636 2555 hinc
659 2489 695 2556 et
716 2482 799 2556 iude
821 2487 1020 2580 portentae,
1045 2481 1217 2556 continuo
1241 2481 1373 2578 populo
1397 2480 1626 2554 benedicens.
1643 2519 1677 2531 —
1724 2457 1730 2587 l

368 2611 534 2680 Decanus
551 2607 754 2680 auditorum
770 2612 847 2680 rote
863 2631 945 2681 cum
964 2606 1107 2680 tobalea
1125 2607 1171 2680 ad
1190 2606 1322 2680 collum
1336 2605 1407 2704 'pro
1423 2606 1544 2696 mitra,
1563 2603 1677 2680 medius
1725 2600 1730 2711 )

366 2731 463 2806 iuter
486 2733 576 2805 duos
600 2737 760 2806 secretos
782 2731 1036 2823 cubicularios,
1064 2731 1230 2806 videlicet
1255 2731 1442 2806 dominum
1469 2730 1677 2805 Laurentium
1725 2714 1730 2795 l

313 2913 316 2918 .
367 2859 412 2930 de
436 2857 526 2931 Mari
553 2864 590 2931 et
614 2857 873 2957 Hieronymum
904 2858 1154 2954 Calagranum.
1183 2899 1232 2912 -
1259 2857 1390 2932 Preleti
1421 2882 1495 2930 nou
1522 2857 1630 2956 parati
1654 2854 1678 2925 in
1729 2857 1730 2892 ³

368 3003 495 3054 eorum
512 2981 635 3078 cappis
650 2981 705 3054 uel
718 2981 856 3071 habitu,
880 2983 909 3055 si
924 2982 995 3056 siut
1012 2982 1183 3080 religiosi.
1202 3025 1250 3038 -
1271 2983 1511 3058 Protouotarii
1534 2983 1636 3057 etiam
1654 2978 1679 3051 in

367 3129 497 3182 eorum
519 3106 656 3206 cappis.
678 3108 931 3203 Sequebantur
950 3115 985 3182 et
1000 3109 1059 3182 elii
1081 3110 1206 3207 togati.
1729 3183 1730 3190 .

420 3235 695 3332 Quamprimum
713 3237 809 3332 Papa
823 3235 889 3308 luit
904 3240 1007 3308 extre
1026 3235 1225 3332 cappellam
1248 3261 1278 3310 s.
1298 3233 1462 3333 Gregorii
1485 3233 1678 3332 predictam.
1726 3238 1730 3249 '

370 3359 527 3456 imposui
543 3383 691 3456 parvum
706 3359 928 3458 manipulum
944 3366 1072 3457 stuppe
1087 3359 1124 3432 in
1139 3361 1345 3434 summitate
1360 3383 1476 3434 caune
1491 3383 1574 3435 mee
1590 3358 1642 3456 (l),
1656 3361 1681 3426 el
1729 3339 1730 3375 ¹

371 3484 566 3582 geuullexi,
597 3509 751 3558 cannam
780 3485 896 3582 ipsam
925 3485 1073 3560 dextera
1098 3510 1206 3559 manu
1236 3491 1395 3560 erectam
1423 3491 1566 3576 teneus,
1596 3504 1681 3579 quau

372 3608 492 3684 socius
508 3633 611 3684 meus
624 3610 801 3701 accendit,
821 3633 879 3684 me
893 3609 1038 3685 iuterim
1058 3612 1103 3686 ad
1121 3611 1331 3709 pontificem
1350 3635 1454 3685 uerso
1475 3616 1509 3685 et
1531 3610 1681 3683 altaroce

369 3735 512 3810 dicente
529 3760 539 3809 ι
557 3737 670 3810 Pater
685 3748 805 3810 sancte
823 3739 874 3809 sic
894 3737 1023 3810 transit
1041 3737 1156 3834 glorio
1177 3736 1302 3810 mandi
1318 3763 1331 3810 .·
1349 3736 1446 3810 idem
1468 3735 1603 3810 lectum
1628 3737 1681 3814 est,

371 3867 407 3934 et
422 3860 493 3933 dixi
509 3862 668 3935 secundo
685 3885 767 3936 cum
783 3886 945 3936 essemus
961 3869 1044 3938 aute
1059 3863 1149 3962 (tl...

415 3991 504 4060 Cum
525 3989 622 4083 Papa
645 3985 867 4082 pervenisset
892 3987 937 4087 (3)
961 3994 1063 4063 extra
1085 4011 1212 4062 navem
1234 3987 1398 4064 Vaticani
1422 3987 1632 4085 predictam,
1654 3990 1681 4056 ct

372 4115 469 4184 esset
482 4110 579 4184 cirea
592 4111 750 4185 medium
772 4112 916 4186 alterius
936 4113 1034 4186 nevis
1052 4113 1097 4213 (l)
1118 4113 1364 4186 transversalis
1384 4113 1553 4206 ecclesie,
1576 4133 1682 4188 occur·

370 4241 496 4310 rerunt
516 4233 548 4310 ei
569 4242 642 4310 tres
658 4237 819 4334 juniores
839 4239 1039 4337 presbyteri
1063 4239 1277 4330 cardinales,
1299 4239 1464 4313 videlicet
1485 4241 1531 4314 de
1551 4236 1681 4314 Comiti-

371 4361 457 4452 bus,
490 4361 734 4436 Geruudeusis
767 4369 803 4436 et
839 4363 1061 4454 Parmensis,
1098 4362 1157 4458 qui
1189 4362 1340 4436 detectis
1374 4359 1569 4460 capitibus,
1602 4365 1680 4454 Papa

370 4489 609 4564 reverentiam
636 4489 813 4580 lecerunt,
837 4488 1041 4564 osculantes
1071 4511 1155 4563 eum
1184 4486 1301 4586 primo
1330 4487 1366 4561 in
1396 4511 1473 4580 ore,
1504 4487 1631 4562 deiude
1653 4483 1681 4554 in
1734 4483 1735 4570 )

404 4791 427 4850 l.
448 4791 517 4849 Mae.
534 4821 568 4836 -
581 4793 700 4866 Manque
715 4791 785 4848 deus
799 4789 918 4860 Rineldi,
938 4807 965 4863 p.
981 4789 1026 4847 72.

394 4883 421 4937 ⁴2.
443 4881 516 4937 Tous
531 4883 569 4938 les
583 4899 663 4952 mss,
679 4897 745 4938 saus
766 4888 894 4955 exceptas
917 4879 987 4936 celui
1009 4880 1046 4936 du
1070 4875 1186 4936 Vetiean
1208 4897 1262 4954 qua
1284 4880 1394 4938 Riuuldi
1414 4881 1521 4950 ascivi,
1536 4879 1679 4955 presentent

362 4975 436 5026 cette
451 4969 558 5028 lacuna.

395 5059 422 5116 3.
440 5057 577 5116 Venisset.
594 5091 629 5104 -·
643 5059 718 5117 Dans
732 5059 852 5117 Riueldi.

398 5148 425 5204 l.
446 5145 525 5206 Circa
538 5147 657 5206 medium
669 5149 754 5208 altere
769 5149 868 5223 majus.
885 5179 919 5193 -
934 5147 1009 5208 Dens
1024 5147 1144 5208 Riualdi.
