3422 6034
307 461 362 514 372
764 451 940 508 JOHANNIS
965 449 1186 520 BURGHARDI,
1398 453 1549 518 {Novemhre
1565 460 1618 522 itast

359 611 496 686 Eodem
522 631 617 696 sero,
642 606 738 681 circa
764 605 893 681 horam
915 631 935 680 v
956 607 1011 680 vel
1035 632 1068 679 vv
1096 607 1226 696 noctis,
1256 605 1307 678 vir
1332 611 1376 682 1).
1395 607 1617 686 lohannesde

307 733 517 811 Aurethemi
538 738 664 807 cantor
687 731 841 807 ecclesie
863 757 892 804 s.
911 731 1090 807 Florentis
1105 731 1346 820 Asclacensis,
1364 733 1617 830 Argentinensis

309 860 476 950 diecesis,
489 857 670 934 audientia
684 857 871 931 literarum
886 856 1192 930 contradictarum
1202 861 1245 930 l).
1263 861 1306 932 N.
1319 861 1417 956 Pape
1428 867 1618 956 procurator

309 993 346 1060 et
368 990 442 1060 DD.
466 982 795 1084 protonotariorum
810 981 983 1056 collector
998 989 1078 1057 taxe
1094 1004 1220 1057 eorum
1233 981 1399 1056 videlicet
1418 985 1530 1057 Rome
1542 984 1618 1058 diem

308 1111 438 1188 clausit
453 1117 668 1202 extremum,
684 1111 789 1207 cujus
806 1108 971 1199 cadaver,
989 1109 1047 1184 die
1059 1107 1225 1205 sequenti
1241 1107 1339 1184 circa
1352 1108 1485 1183 horam
1498 1133 1567 1182 xxu
1579 1111 1621 1184 vel

307 1237 416 1328 circa,
431 1261 453 1310 a
467 1238 575 1311 domo
592 1259 656 1311 sue
671 1233 904 1308 habitationis
922 1257 1024 1309 more
1036 1219 1372 1309 romauo'vestitum
1391 1232 1532 1330 publice
1543 1233 1622 1308 delu-

306 1368 382 1437 tum
397 1370 451 1438 est
472 1364 517 1437 ad
532 1360 710 1460 hospitale
726 1359 1011 1433 Alemannorum
1027 1357 1084 1455 cuj
1091 1382 1130 1430 us
1150 1363 1365 1453 procurator
1382 1355 1458 1430 sive
1471 1355 1621 1454 magister

306 1490 362 1564 vel
375 1496 496 1564 rector
511 1496 601 1580 erat,
619 1490 664 1563 ab
676 1486 754 1561 aliis
776 1483 1070 1584 procuratoribus
1092 1483 1399 1558 contradictarum
1415 1488 1453 1556 et
1469 1483 1619 1556 Aleman-

306 1615 362 1689 nis
383 1621 418 1690 et
432 1615 627 1690 curialibus
643 1611 874 1700 associatum,
898 1609 958 1683 ubi
979 1609 1016 1682 in
1032 1607 1187 1684 ecclesia
1213 1609 1307 1682 intra
1325 1608 1462 1682 ostium
1482 1607 1621 1704 sepultus

309 1743 365 1811 est
383 1761 391 1809 :
409 1737 616 1834 requiescat
631 1738 668 1810 in
683 1761 786 1835 pace.

358 1860 462 1934 Feria
476 1861 594 1954 tertia,
625 1866 645 1936 3
668 1859 754 1936 dicti
770 1862 905 1937 mensis
921 1860 1141 1952 novembris,
1160 1860 1464 1936 commemoratio
1479 1857 1621 1934 omnium

308 1984 470 2060 fidelium
478 1986 542 2061 del
543 1992 745 2078 unctorum,
760 1991 824 2062 SS.
840 1990 884 2059 1).
897 1990 939 2060 N.
952 1993 1099 2084 paratus
1108 1986 1256 2076 amictu,
1269 1987 1362 2076 alba,
1374 1987 1534 2084 cingulo,
1547 1987 1620 2060 stola

309 2111 469 2186 violacea
488 2120 524 2188 et
544 2112 687 2210 pluviali
704 2113 817 2188 rubeo
840 2135 882 2186 ac
898 2111 1005 2186 mitra
1026 2111 1072 2187 de
1095 2111 1205 2210 perlis
1230 2111 1458 2209 simplicibus
1478 2111 1571 2186 venit
1587 2111 1622 2184 ad

310 2239 485 2337 capellam
497 2241 673 2338 majorem
686 2239 876 2314 ubiolficio
892 2237 1053 2314 interluit
1068 2263 1076 2311 ε
1092 2240 1240 2312 missam
1252 2239 1575 2314 celebravitRmus.
1586 2241 1618 2308 u.

309 2361 500 2434 cardinalis
519 2362 784 2450 Ulixbonensis,
803 2369 853 2452 et,
871 2360 907 2433 iu
923 2361 1009 2452 fitne,
1020 2365 1115 2458 Papa
1130 2361 1296 2436 absolvit.
1313 2366 1394 2437 Duo
1409 2363 1548 2438 diaconi
1561 2385 1620 2434 car-

310 2486 449 2560 dinales
469 2487 684 2562 adstiterunt
704 2485 868 2584 pontifici
887 2487 924 2558 in
937 2487 1049 2560 missa
1068 2493 1192 2562 elnon
1209 2488 1309 2586 prior
1326 2491 1618 2588 presbyterorum.

309 2611 394 2708 quia
405 2612 456 2686 sic
471 2612 558 2685 mihi
577 2613 769 2687 convenire
781 2611 968 2685 videbatur
981 2633 1106 2708 exque
1122 2611 1233 2688 altare
1244 2637 1318 2687 nou
1329 2615 1453 2688 eratin
1464 2613 1619 2712 principio

309 2737 419 2812 misse
434 2737 693 2812 incensandum
704 2759 821 2833 neque
837 2735 882 2810 ad
895 2735 1120 2834 evangelium
1131 2738 1346 2836 parandum.
1361 2739 1528 2816 luservivi
1541 2738 1619 2811 dicto

308 2863 505 2938 offertorio.
527 2863 724 2938 Gardiualis
744 2861 1030 2936 Rechanateusis
1047 2863 1184 2960 primus
1202 2863 1296 2939 inter
1310 2865 1541 2963 presbyteros
1558 2887 1620 2936 car·
1684 2943 1685 2958 χ

307 2985 443 3060 dinales
457 2987 775 3086 ministravitPape
789 2985 988 3060 naviculam
1000 2985 1177 3064 etdeinde
1191 2989 1351 3064 astititin
1364 2990 1449 3066 loco
1466 2995 1617 3064 consueto
1684 2961 1685 2983 ¹

307 3136 421 3210 usque
437 3121 517 3211 post
535 3113 823 3189 incensationem
842 3111 1047 3186 oblatorum
1063 3113 1185 3188 altaris
1200 3122 1237 3190 et
1256 3116 1493 3208 celebrantis;
1508 3113 1617 3188 deinde
1683 3165 1684 3168 ,

307 3237 505 3314 incensavit
526 3241 736 3338 pontificem
752 3247 788 3316 et
811 3243 856 3316 ad
877 3263 982 3314 suum
998 3237 1120 3314 locum
1142 3239 1237 3315 inter
1255 3241 1459 3317 cardinales
1476 3261 1617 3316 reversus

308 3365 1614 3466 est.PostmissamproabsolutioneministravitnaviculamataliaNmus.
1682 3423 1683 3432 ,

309 3491 351 3561 D.
379 3489 571 3564 cardinalis
592 3493 844 3569 Ulixbonensis
865 3495 924 3591 qui
947 3499 1075 3593 postea
1096 3492 1230 3566 mansit
1257 3499 1355 3566 stans
1381 3493 1429 3567 ad
1456 3493 1616 3568 dexteram

309 3613 618 3713 pontificisusque
633 3618 680 3694 ad
694 3619 804 3694 finem
818 3619 1069 3694 absolutionis
1085 3620 1163 3693 Alia
1178 3618 1301 3694 omnia
1318 3623 1400 3692 suut
1415 3642 1515 3692 more
1531 3613 1617 3690 solito
1681 3705 1682 3710 Ἰ

310 3737 512 3814 observata.
955 3763 957 3768 ’

360 3865 554 3962 Postquam
571 3869 633 3941 SS.
652 3872 693 3944 l).
717 3872 759 3942 N.
779 3869 824 3944 ad
840 3893 1024 3945 cameram
1044 3869 1223 3968 papagalli
1247 3894 1426 3960 reversus,
1447 3861 1614 3970 supplicavi

310 3991 375 4063 SS.
396 3991 438 4062 D.
465 3993 507 4064 N.
533 4014 599 4088 pro
623 3994 783 4068 cantoria
811 3995 1018 4069 Asclacensi
1047 3995 1243 4070 obtinenda
1266 4003 1302 4070 et
1321 3997 1518 4095 capellania
1539 3989 1614 4066 Basi-

307 4113 412 4188 liensi
440 4115 677 4190 ecclesiarum
699 4143 790 4214 quas
808 4121 992 4215 quondam
1007 4122 1193 4197 lohannes
1218 4123 1262 4196 de
1285 4123 1509 4212 Aurethemi,
1527 4121 1612 4193 nocte

307 4241 480 4336 preterita
489 4241 693 4333 defunctus,
708 4245 906 4339 obtinebat,
923 4259 959 4320 et
970 4271 1035 4344 pro
1052 4271 1110 4323 me
1123 4247 1248 4322 Rllmi.
1262 4252 1339 4322 DD.
1354 4241 1609 4345 audegavensis.

310 4364 574 4458 utixbonensis,
601 4371 875 4445 Beneventanus
901 4373 1003 4447 etde
1026 4376 1123 4448 Faxo
1144 4373 1345 4448 cardinales
1372 4371 1610 4472 supplicarunt;

309 4490 374 4564 sed
393 4491 571 4572 Sanctitas
585 4516 651 4566 sua
665 4497 850 4592 respondit
869 4497 939 4571 hoc
962 4520 1069 4573 mane
1096 4499 1203 4573 ambo
1231 4500 1438 4598 hujusmodi
1464 4490 1610 4575 beneficia
1678 4519 1679 4556 t

308 4637 373 4712 pro
400 4615 470 4689 alio
496 4616 672 4714 signasse,
688 4619 732 4693 de
748 4645 818 4716 quo
840 4621 1025 4697 videbatur
1041 4625 1220 4700 Sanctitas
1242 4651 1309 4700 sua
1325 4625 1415 4700 mihi
1430 4622 1607 4700 condolere.

308 4762 474 4814 asserens
496 4741 603 4840 louge
622 4745 821 4842 potioribus
843 4746 1031 4822 beneficiis
1047 4773 1106 4823 me
1123 4749 1354 4839 donaturum,
1372 4749 1502 4848 dequo
1520 4749 1606 4820 Saue·
1677 4779 1678 4848 p

310 4863 400 4936 titati
416 4889 479 4940 sue
495 4868 627 4963 gratias
643 4869 714 4966 egi.
1308 4925 1315 4936 ·

358 4988 529 5083 Sabbato,
546 5000 564 5068 7
579 4993 663 5068 dicti
679 4997 814 5071 mensis
836 5000 1055 5092 novembris,
1083 5025 1166 5075 cum
1195 5006 1271 5076 Dl).
1295 5001 1340 5076 de
1359 4999 1515 5100 Carvajal
1534 4986 1609 5070 lami·

307 5106 406 5188 liaris
426 5117 518 5190 llmi.
551 5123 593 5194 1).
620 5122 811 5198 cardinalis
836 5125 997 5223 episcopi
1019 5127 1230 5201 Portuensis
1254 5133 1378 5202 sancte
1399 5145 1537 5202 romane
1555 5119 1604 5188 Et·
