3422 6034
53 484 120 548 [bodl
134 483 201 546 tiss]
366 479 492 539 RERUM
516 479 745 542 URBANAHUM
769 477 1033 540 COMMENTARll.
1314 481 1368 538 ³63

52 659 87 712 eo
99 635 179 710 fecit
194 634 464 710 confessionem
485 641 624 712 totam:
645 659 715 734 qua
739 633 852 727 finita,
872 639 968 734 Papa
987 634 1150 710 ascendit
1166 634 1213 710 ad
1236 635 1367 714 solium

50 770 79 834 et
93 761 182 836 sedit
199 762 238 836 in
255 764 341 838 sede
357 762 527 838 camerali
553 786 597 838 ex
621 763 788 837 brucstto
811 785 922 836 aureo
944 761 1079 838 ibidem
1099 763 1180 839 loco
1194 763 1366 839 eminenti
1412 816 1417 826 -

49 890 106 964 sibi
121 894 258 986 parata,
285 895 320 964 et
339 912 462 964 coram
482 888 743 986 compositum
764 887 830 960 fuit
850 888 1088 964 faldistorium
1109 912 1192 964 cum
1208 911 1274 964 suo
1288 912 1367 963 soa-

48 1014 131 1090 bello
146 1019 181 1088 et
197 1036 309 1111 super
322 1013 521 1088 faldistorio
535 1013 628 1088 liber
649 1012 818 1088 missalis.
842 1011 1094 1088 celebraturus
1114 1038 1197 1090 cum
1213 1014 1367 1090 diacono

48 1149 78 1216 et
91 1141 309 1216 subdiacono
334 1141 496 1214 ascendit
517 1142 562 1215 ad
582 1141 693 1216 altare
714 1140 848 1214 ibidem
871 1147 1088 1237 expectans3
1111 1145 1194 1238 post
1213 1139 1366 1215 deoscu-

46 1266 205 1342 lationem
236 1265 359 1341 altaris
383 1271 418 1340 et
440 1265 520 1340 libri
543 1267 826 1366 evangeliorum,
850 1269 947 1364 Papa
974 1264 1201 1341 ministrante
1222 1265 1365 1340 archie-

46 1392 181 1490 piscopo
206 1393 392 1468 Arelatino
417 1391 571 1489 digniori
602 1393 784 1468 assistenti
817 1391 1030 1483 naviculam,
1061 1395 1158 1490 Papa
1192 1391 1366 1490 imposuit

46 1518 221 1592 incensum
252 1524 290 1592 et
316 1517 503 1594 celebrans
525 1517 724 1595 incensavit
751 1519 862 1594 altare
881 1544 888 1592 :
907 1517 1038 1592 deinde
1060 1517 1128 1592 fuit
1156 1517 1366 1594 incensatus

47 1642 111 1740 ipsc
134 1651 170 1718 ct
185 1647 287 1742 Papa
306 1667 407 1718 more
426 1643 530 1718 solito
554 1669 620 1742 per
644 1645 825 1744 prefatum
847 1643 1159 1742 archiepiscopum
1180 1643 1217 1718 in
1241 1643 1367 1719 infimo

46 1768 144 1864 gradu
172 1770 255 1844 solii
286 1771 331 1845 ad
361 1772 525 1846 dextram
554 1774 651 1869 Papo
679 1771 925 1868 genuflexum,
959 1776 995 1846 et
1023 1771 1274 1846 continuatum
1303 1771 1369 1846 fuit

48 1893 206 1986 officium,
224 1901 264 1970 ut
284 1896 397 1970 moris
416 1904 484 1970 est.
512 1895 776 1986 Subdiaoonus‚
795 1895 893 1970 dicte
914 1895 1079 1996 epistola,
1097 1919 1171 1972 nou
1191 1906 1247 1972 est
1261 1921 1368 1974 oscu-

46 2018 126 2092 latus
140 2019 276 2117 pedem
291 2025 388 2119 Pape
403 2045 471 2096 ncc
487 2020 662 2096 diaconus
681 2027 764 2096 aute
782 2022 1020 2119 evangelium.
1044 2023 1147 2098 Dicto
1163 2025 1362 2122 evangelio,

47 2145 256 2243 egoaccepi
281 2145 413 2220 librum
443 2147 711 2245 evangeliorum
740 2169 760 2220 e
785 2145 952 2221 manibus
983 2147 1192 2222 subdiaconi
1221 2155 1257 2220 et
1281 2169 1366 2222 eum

47 2271 177 2366 porrexi
190 2273 470 2371 archiepiscopo
484 2274 648 2371 predicto
664 2273 725 2370 qui
741 2295 826 2346 eum
841 2271 939 2346 dedit
951 2271 1113 2371 pontifici
1129 2271 1366 2347 osculandum

47 2397 85 2470 ad
98 2398 174 2494 ejus
187 2399 354 2474 dextram
368 2405 480 2474 stans.
494 2403 549 2476 Ad
560 2399 799 2478 elevationem
809 2398 970 2496 pontifex
984 2397 1237 2498 genusseuitad
1248 2397 1368 2472 faldis-

52 2521 169 2596 torium
184 2522 222 2596 in
239 2523 332 2598 solio
346 2523 478 2600 librum
497 2526 563 2601 sub
581 2527 761 2604 cubitibus
777 2530 938 2606 retinens
953 2531 990 2602 et
1002 2524 1134 2600 mansit
1152 2524 1363 2622 genuflexus

52 2671 153 2744 usque
176 2655 263 2746 post
290 2650 586 2727 communionem
611 2681 619 2726 ε
648 2659 731 2752 post
753 2653 886 2753 Apono
912 2651 980 2726 Dei
999 2675 1067 2748 ego
1090 2649 1214 2748 accepi
1231 2649 1364 2724 instru-

52 2779 201 2848 mentum
222 2777 326 2874 pacis
342 2801 425 2853 cum
439 2778 657 2878 pannicello,
675 2785 810 2854 etcum
829 2800 872 2853 eo
888 2799 978 2877 pace
991 2775 1070 2874 ipsa
1084 2784 1235 2851 extensa
1249 2797 1365 2872 genu-

51 2897 152 2972 flexus
171 2903 217 2976 ad
240 2903 428 2980 dexteram
449 2905 679 2998 celebrantis,
699 2905 882 3003 expectavi
899 2904 1010 2979 finem
1030 2901 1203 2978 orationis
1219 2901 1368 2978 Domine

50 3020 125 3096 lecu
147 3023 287 3102 Christe
300 3056 314 3102 .·
334 3053 406 3128 qua
426 3030 540 3122 finita,
558 3053 686 3129 pacem
699 3033 883 3108 osculatus
897 3039 965 3122 est,
983 3029 1108 3106 dicens
1123 3029 1208 3102 Pac
1232 3038 1369 3116 tecum,-

49 3146 97 3220 cui
113 3153 282 3250 respondi
301 3179 309 3228 :
327 3153 475 3230 Etcum
488 3157 615 3254 spiritu
638 3169 710 3232 ltro.
735 3157 931 3232 Ministravi
950 3155 1069 3232 eidem
1087 3153 1369 3228 instrumentum

50 3275 174 3368 prefato
191 3279 470 3380 archiepiscopo
483 3283 545 3380 qui
562 3283 650 3356 illud
667 3284 766 3358 dedit
788 3281 950 3381 pontifici
964 3279 1201 3357 osculandum
1214 3277 1339 3354 dicens
1357 3306 1365 3352 ε

50 3399 122 3474 Pon
139 3415 267 3479 tecum.
290 3408 532 3482 Instrumenta
555 3409 633 3505 ipso
659 3408 758 3506 prius
781 3433 848 3506 per
867 3431 952 3484 eum
972 3430 1055 3482 cum
1080 3404 1285 3504 pannicello
1300 3428 1366 3502 pro

51 3527 218 3606 credentia
237 3531 462 3625 deosculato,
484 3533 649 3632 reaccepi
666 3557 794 3632 pacem
814 3559 834 3609 e
853 3533 1019 3608 manibus
1036 3530 1313 3629 archiepiscopi,
1334 3537 1371 3604 at

53 3650 91 3742 ei,
111 3663 303 3754 postquam
327 3658 374 3732 ad
392 3659 515 3734 locum
540 3683 646 3734 suum
671 3662 790 3752 rediit,
812 3659 1097 3736 deosculandum
1112 3659 1208 3748 dedi,
1239 3655 1369 3731 deinde

50 3775 152 3871 primo
167 3803 210 3856 ex
228 3781 308 3856 aliis
329 3807 374 3856 ex
395 3783 557 3882 quolibet
579 3785 703 3860 ordine
723 3815 729 3859 :
749 3785 833 3860 dedi
855 3787 972 3884 primo
988 3783 1135 3876 oratori,
1153 3783 1269 3882 primo
1289 3805 1369 3882 pre-

49 3899 124 3993 lato,
140 3906 259 4002 primo
280 3908 501 3984 subdiacono
518 3917 555 3986 et
571 3911 622 3984 sic
642 3912 687 3984 de
712 3912 789 3986 aliis
810 3912 871 4009 qui
895 3917 1023 4009 postca
1039 3909 1164 3986 ordine
1183 3908 1369 4006 sequenti·

51 4023 107 4100 bus
131 4031 265 4110 dabant
282 4057 384 4109 more
404 4043 593 4112 consueto.
621 4041 710 4112 Cum
735 4029 830 4137 Papa
854 4039 990 4114 diceret
1019 4037 1206 4112 introitum
1232 4044 1267 4111 et
1300 4035 1370 4108 alia

51 4155 171 4250 omnia,
203 4182 348 4257 semper
374 4161 480 4252 sedit,
504 4169 540 4236 et
564 4165 610 4236 ad
639 4165 717 4262 ojus
742 4163 925 4237 sinistram
952 4161 1165 4259 genuflexus
1182 4159 1366 4260 predictus

52 4280 333 4384 archiepiscopus
358 4287 392 4362 ci
416 4287 642 4363 ministrabat
661 4313 806 4388 parvam
829 4289 1017 4364 candelam
1043 4309 1144 4362 more
1175 4289 1365 4361 consueto.

52 4403 98 4475 td
109 4411 330 4507 evangelium
346 4419 488 4510 portata
499 4421 582 4488 sunt
595 4413 789 4489 luminaria
801 4423 838 4491 et
851 4415 1041 4490 incensum
1055 4421 1091 4488 et
1104 4413 1234 4490 deinde
1247 4413 1371 4486 incau-

53 4535 119 4602 sata
130 4532 247 4610 oblata
260 4537 433 4629 etaltera,
448 4539 651 4632 celebrans,
671 4544 767 4638 Papa
781 4547 817 4616 et
832 4541 890 4614 alii
906 4564 1034 4615 omnes
1050 4564 1150 4616 more
1165 4550 1339 4618 consueto
1356 4564 1366 4620 ε

53 4655 199 4744 predicto
215 4661 491 4763 archiepiscopo
514 4689 659 4765 semper
678 4668 880 4743 naviculam
902 4668 1125 4743 ministrante
1146 4675 1180 4744 et
1195 4671 1368 4766 Papasuo

55 4781 201 4878 tempore
223 4787 446 4864 incensante,
474 4793 559 4864 Post
583 4793 732 4867 missam
755 4798 852 4892 Papa
873 4793 989 4891 capite
1014 4801 1187 4891 cooperto
1212 4803 1310 4868 stans
1330 4795 1367 4870 in

55 4901 132 4976 solio
158 4909 255 4986 dedit
282 4913 574 4991 benedictionem
597 4917 639 4992 io,
655 4925 778 5009 cantu,
806 4919 930 4992 dicens
952 4918 1038 4992 :Sit
1058 4942 1198 5011 nomen,
1225 4931 1306 5014 etc,
1331 4927 1370 4996 ut

56 5029 152 5104 moris
166 5044 232 5109 est.
248 5041 325 5111 Non
341 5039 439 5115 dedit
459 5041 701 5140 indulgentias
722 5067 840 5140 neque
866 5043 911 5118 ab
927 5067 970 5118 eo
984 5043 1066 5118 data
1082 5043 1286 5120 benedictio
1303 5069 1369 5144 per

58 5156 261 5241 pontificem.
291 5165 408 5240 Rediit
426 5166 472 5241 ad
493 5191 688 5261 cameram,
716 5169 992 5268 archiepiscopo
1019 5169 1182 5267 predicto
1205 5171 1367 5246 fimbrias
