3422 6034
74 455 305 527 {Decembretttel
390 454 516 512 RERUM
541 453 770 514 URBANARUM
795 455 1057 514 conuertuntur.
1337 457 1390 515 3Π

74 610 249 708 septimam
276 615 314 684 et
336 609 427 684 alius
459 609 632 686 diaconus
659 633 681 682 o
708 609 842 684 dextris
871 615 967 710 Pape
996 611 1169 686 assistens
1199 619 1387 706 octavam;

74 759 192 810 nonam
207 736 375 833 pontilex
391 736 565 834 [diceretl.
591 736 749 810 Ordinati
765 737 874 834 igitur
893 737 1036 811 luerunt
1054 737 1101 810 ad
1117 737 1246 812 horam
1264 739 1391 838 hujus-

73 864 180 938 modi:
198 885 269 960 ego
284 887 351 960 pro
373 861 503 960 prima,
520 865 562 934 Ι).
576 862 760 936 lohannes
777 863 953 936 botontus
970 862 1209 939 viterbiensis
1228 865 1389 964 acolytus

72 1015 127 1088 pro
141 988 313 1079 secunda,
339 991 381 1060 Ι).
401 987 546 1061 Felinus
561 987 703 1062 auditor
717 1011 782 1084 pro
801 988 921 1078 tertia,
940 987 1130 1064 cardinalis
1149 1003 1179 1062 a.
1200 991 1388 1064 Anastasis

73 1139 126 1214 pro
135 1123 273 1212 quarta,
289 1117 333 1187 Ι).
346 1111 532 1187 lohannes
545 1113 848 1188 Geronaclericus
860 1137 1003 1190 camere
1015 1137 1080 1212 pro
1092 1115 1229 1211 quinta,
1246 1119 1289 1189 Ι).
1302 1121 1391 1190 Mat-

71 1242 163 1315 theus
185 1241 276 1314 Cibo
293 1237 533 1314 subdiaconus
552 1263 618 1336 pro
635 1247 749 1332 sexta,
769 1241 893 1314 anmi.
917 1245 994 1316 Ι)Ι).
1012 1240 1214 1316 cardinales
1234 1241 1279 1314 de
1301 1241 1388 1314 Foix

70 1389 125 1464 pro
139 1366 293 1464 septima
308 1374 345 1442 et
360 1365 532 1440 Senensis
547 1387 612 1462 pro
627 1371 753 1440 octava
771 1393 778 1438 :
798 1389 932 1440 nonam
943 1367 1103 1464 pontifex
1118 1368 1279 1442 dicturus
1295 1373 1385 1439 erat.

111 1491 209 1566 Feria
222 1493 365 1588 quinta,
384 1495 429 1564 24
445 1490 530 1564 dicti
548 1491 684 1564 mensis
700 1490 916 1582 decembris,
934 1493 1053 1590 vigilia
1067 1493 1259 1567 nativitatis
1273 1493 1391 1567 Salva·

70 1617 144 1691 toris
164 1615 295 1706 nostri,
314 1619 380 1692 SS.
396 1621 440 1690 1).
464 1622 588 1690 noster
607 1621 753 1713 paratus
773 1639 876 1692 mora
897 1617 1002 1691 solito
1022 1617 1117 1692 uenit
1139 1617 1185 1692 ad
1204 1617 1390 1692 basilicam

70 1765 93 1813 s.
124 1740 228 1830 Petri,
261 1739 543 1838 precedentibus
570 1739 811 1813 cardinalibus
843 1745 879 1814 et
907 1741 1053 1838 prelatis
1083 1741 1328 1840 sequentibus.
1352 1743 1389 1815 in

69 1889 180 1940 eorum
206 1865 347 1963 cappis.
380 1868 490 1940 Facta
518 1865 735 1956 reverentia,
759 1865 802 1938 de
828 1865 966 1938 Ursinis
990 1873 1026 1940 et
1047 1869 1225 1942 Ascanius
1248 1867 1390 1942 diaconi

69 1993 256 2067 cardinales
294 1992 485 2067 astiterunt
523 1989 700 2088 pontifici.
745 1991 893 2064 interim
930 1991 988 2064 alii
1027 1993 1228 2067 cardinales
1262 2017 1388 2068 omnes

69 2125 273 2216 acceperunt
312 2121 539 2216 paramenta,
575 2115 740 2190 similiter
767 2121 803 2189 et
831 2115 958 2212 prelati
988 2117 1049 2212 qui
1085 2116 1145 2190 illa
1177 2117 1275 2216 prius
1315 2141 1388 2192 uon

69 2251 269 2342 acceperant
290 2245 417 2344 parati,
442 2241 594 2316 Senensi
617 2249 652 2316 et
671 2241 717 2316 de
742 2245 840 2314 Fuxo
860 2241 1103 2315 cardinalibus
1123 2243 1385 2335 assistentibus,

69 2367 192 2442 iverunt
222 2369 271 2442 ad
300 2367 543 2442 assistendum
568 2365 731 2464 pontifici
762 2388 862 2440 more
895 2365 1018 2458 solito,
1054 2372 1091 2440 et
1119 2366 1268 2441 Ursinus
1304 2390 1389 2442 cum

69 2494 207 2567 ‚tscanio
232 2494 281 2567 ad
306 2517 371 2566 sua
395 2493 477 2568 loca
500 2497 627 2566 euntes
656 2495 693 2564 et
715 2495 933 2587 acceperunt
953 2498 1166 2589 paramenta
1192 2515 1272 2566 sua.
1298 2495 1388 2566 Tum

25 2694 27 2702 ,
71 2617 210 2692 surrexit
224 2617 390 2716 pontifex
405 2625 442 2692 et
457 2616 591 2714 incepit
606 2638 786 2713 vesperae,
805 2621 841 2690 et
855 2615 926 2689 alia
939 2639 1041 2690 more
1053 2616 1159 2691 solito
1170 2617 1389 2692 suntobsar-

70 2748 148 2816 rata.
162 2743 338 2816 Dominus
349 2741 530 2816 Mattheus
544 2740 630 2816 Cibo
641 2739 1114 2837 subdiaconusapostolicus
1127 2739 1213 2814 iecit
1225 2734 1388 2815 cilicium

70 2867 341 2962 preiutonaudo;
360 2870 424 2942 SS.
438 2871 481 2941 Ι).
500 2869 542 2940 Ν.
560 2865 737 2939 intonavit
749 2866 902 2963 primam
916 2865 1197 2962 autiphonamet
1211 2866 1388 2966 hymnum

71 3015 164 3088 quem
176 2995 243 3068 sibi
259 2993 502 3092 preiutonaxit
524 2995 567 3066 Ι).
586 2991 797 3066 Franciscus
814 2990 959 3065 brevius
980 2988 1121 3063 auditor
1135 2997 1213 3064 rote
1236 3013 1277 3065 ac
1299 2991 1389 3064 auti-

70 3117 214 3211 phonam
229 3121 278 3196 ad
298 3119 540 3219 Mopnificot;
559 3119 756 3193 secundam
781 3116 1017 3214 antiphonam
1037 3114 1222 3206 Senensis,
1245 3113 1388 3190 tertiam

71 3242 370 3321 vicecancellarius
386 3244 611 3335 assistentes,
625 3251 790 3340 quartam
801 3267 832 3316 s.
843 3243 970 3340 Angeli
986 3241 1388 3341 priorpresbpterorum
1412 3293 1419 3308 .

73 3367 294 3445 cardinalium
311 3377 346 3445 et
361 3371 525 3467 quintam
538 3367 583 3443 de
597 3372 696 3444 Fuxo
707 3368 907 3444 cardinales
925 3393 933 3440 :
952 3373 1087 3459 cetera,
1101 3375 1140 3442 ut
1153 3366 1254 3456 alias,
1266 3364 1390 3440 obser·

73 3492 225 3568 reximus.

112 3621 240 3696 Eodem
256 3643 341 3695 sero
357 3625 439 3718 post
450 3642 634 3716 vesperas,
652 3618 748 3694 ensis
763 3618 800 3691 in
814 3613 999 3693 matutinis
1011 3620 1119 3716 hujus
1135 3617 1252 3692 noctis
1263 3640 1387 3692 coram

74 3741 126 3814 SS.
141 3747 180 3817 Ι).
197 3750 239 3822 Ν.
257 3745 394 3844 portari
410 3745 552 3834 solitus,
570 3750 711 3819 secreto
728 3743 860 3818 missus
876 3745 941 3819 suit
961 3745 1007 3820 ad
1023 3769 1207 3820 cameram
1223 3743 1386 3834 sacriste,

75 3869 211 3942 etmihi
239 3893 307 3968 per
332 3873 375 3942 D.
403 3869 667 3944 Bernardinum
697 3868 875 3944 Gambara
904 3879 1087 3946 secretum
1114 3871 1386 3962 cubicularium,

76 3987 196 4068 dictum
222 3998 285 4071 SS.
307 4000 349 4070 Ι).
374 3999 415 4068 Ν.
437 4017 510 4068 non
531 4001 720 4070 venturum
739 3994 808 4069 hac
832 4003 940 4069 nocte
965 3997 1009 4070 ad
1029 3997 1268 4085 matutinum;
1294 3997 1390 4092 quod

77 4116 180 4188 tamen
199 4118 289 4191 mibi
311 4125 493 4192 secretum
513 4116 668 4192 retinere
685 4117 857 4191 deberem
875 4143 883 4192 ε
902 4119 1058 4192 remansi
1076 4121 1203 4194 eadem
1225 4125 1331 4194 nocte
1351 4121 1388 4193 in

76 4237 192 4330 palatio
211 4243 411 4341 apostolico
428 4242 463 4314 in
480 4265 624 4316 camera
636 4244 739 4341 juxta
760 4244 875 4318 scalas
890 4268 935 4318 ex
956 4265 1101 4320 camera
1121 4245 1321 4344 paramenti
1343 4245 1387 4319 ad

77 4359 203 4442 bortum
219 4377 403 4461 secretum
419 4368 696 4459 descendentes,
715 4367 825 4443 solus.

118 4491 194 4566 Post
207 4495 351 4592 pulsum
367 4493 413 4593 (t)
432 4495 522 4568 bore
542 4516 653 4583 none,
674 4492 846 4590 pontifice
869 4493 1033 4582 absente,
1060 4497 1185 4568 ltmus.
1207 4495 1250 4567 D.
1275 4494 1389 4568 cardi-

78 4613 154 4688 nalis
175 4619 473 4712 llecbanatensis,
501 4643 567 4693 sua
591 4641 708 4716 cappa
731 4617 890 4708 indutus,
918 4617 955 4689 in
993 4616 1191 4690 faldistorio
1217 4617 1255 4691 iu
1275 4641 1387 4692 cornu

78 4739 223 4836 epistole,
238 4747 321 4820 loco
337 4753 512 4822 consueto
525 4743 746 4843 juxtaaltare
760 4743 796 4815 iu
807 4743 945 4840 capella
961 4744 1099 4841 majore
1112 4743 1234 4841 palatii
1247 4751 1385 4842 parato,

77 4868 162 4938 stans
173 4870 218 4944 ad
228 4871 339 4946 altare
353 4893 490 4964 versus,
508 4869 598 4943 dixit
610 4869 859 4958 Poteruoster,
873 4867 1004 4942 deinde
1017 4867 1170 4941 Domine
1182 4869 1287 4960 lobia,
1303 4879 1386 4958 etc,

77 4981 161 5062 Deus
173 4993 449 5092 inadjutorium,
468 5005 548 5086 etc,
565 5001 600 5066 et
614 4992 684 5066 alia
699 5016 799 5067 more
816 4992 920 5066 solito
939 5019 947 5066 :
968 4992 1178 5091 capellanus
1201 5017 1287 5070 suus
1303 5016 1386 5068 cum

109 5137 131 5192 t.
146 5140 209 5199 Post
217 5149 387 5219 prandium.
403 5177 439 5191 -
451 5145 540 5221 Cbigi,
557 5145 602 5204 iol.
619 5145 682 5203 528.
816 5139 826 5152 ⁴
