3508 6034
326 457 378 512 ⁴26
781 453 955 511 suasurus
979 451 1199 523 euaoasanv,
1409 449 1644 524 [revomantur]
1722 445 1723 448 ‘

326 608 529 705 predictum
550 606 646 680 etde
670 605 841 679 mandato
869 607 930 679 SS.
957 609 999 678 D.
1025 609 1067 678 N.
1086 630 1178 704 pape
1207 629 1273 703 per
1301 604 1488 678 sacristam
1517 601 1647 699 capelle

326 740 450 808 nostre
467 733 582 830 rogali
599 731 743 806 luerunt
753 738 792 804 ut
806 731 902 830 inter
917 755 956 804 se
972 731 1195 820 ordinarent,
1211 731 1291 826 quis
1307 753 1435 804 eorum
1449 729 1602 826 primam
1617 735 1649 800 el

328 858 407 954 quis
423 881 556 930 nonam
571 857 642 930 sive
659 857 822 930 ultimam
838 857 968 930 missas
985 857 1218 953 exequiarum
1239 856 1325 930 dicti
1341 853 1526 952 quondam
1541 852 1650 926 cardi-

328 982 698 1079 nalisAndegavensis
714 982 934 1070 celebraret;
948 989 984 1056 et
999 982 1118 1055 nullus
1134 1005 1261 1056 corum
1277 981 1322 1054 de
1337 981 1406 1052 hoc
1423 1005 1462 1052 se
1479 978 1652 1053 intromit-

329 1114 404 1180 tere
427 1106 553 1196 voluit,
579 1107 643 1180 sed
665 1108 798 1204 singuli
827 1108 1036 1204 hujusmodi
1062 1109 1192 1180 missas
1215 1107 1400 1179 celebrare
1430 1109 1650 1178 recusarunt.

327 1232 488 1306 Tandem
518 1233 702 1328 predictus
732 1237 855 1305 Rmus.
888 1236 931 1306 ll.
958 1232 1212 1306 Ulixbonensis
1237 1233 1308 1305 boe
1338 1255 1459 1320 mane,
1490 1228 1652 1302 videlicet

323 1360 417 1456 jovis
444 1357 707 1446 dnovembris,
731 1357 929 1456 apredicto
962 1360 1023 1431 SS.
1056 1363 1098 1431 ll.
1131 1363 1255 1432 nostro
1283 1357 1362 1430 viva
1389 1379 1480 1428 voce
1510 1361 1650 1450 rogatus

327 1483 527 1580 acceptavit
543 1507 582 1556 se
597 1483 751 1581 primam
768 1483 960 1556 missarum
976 1483 1184 1581 hujusmodi
1201 1483 1484 1556 celebraturum.

377 1609 482 1682 Faria
506 1614 618 1697 sexta,
650 1616 671 1682 lv
701 1609 837 1682 mensis
861 1609 1080 1699 novembris,
1108 1609 1175 1682 luit
1199 1609 1316 1704 prima
1342 1607 1421 1680 dies
1450 1607 1654 1702 exquiarum

326 1731 422 1803 bone
443 1730 618 1804 memorie
637 1731 828 1805 cardinalis
848 1730 1119 1828 studegavensis
1139 1732 1175 1803 in
1196 1730 1352 1804 ecclesia
1371 1755 1400 1804 s
1424 1732 1598 1804 Praxedis
1615 1731 1654 1804 dc

329 1855 437 1928 Urbe.
456 1859 578 1928 Rmus.
602 1859 644 1928 D.
669 1853 860 1928 cardinalis
881 1855 1135 1928 Ulixbonensis
1155 1854 1252 1928 circa
1270 1855 1397 1928 horam
1422 1879 1483 1928 xvv
1502 1855 1598 1928 venit
1616 1855 1654 1926 ad

329 1980 535 2070 ecclesiam,
552 1979 612 2054 ubi
634 1981 800 2054 omnibus
821 2005 865 2054 ex
885 2003 987 2053 more
1007 1981 1141 2077 paratis
1161 1981 1302 2076 accepit
1320 1985 1534 2077 paramenta
1551 1987 1588 2053 et
1602 2001 1656 2053 ce-

326 2105 477 2180 lebravit
492 2105 641 2179 missam
656 2106 782 2180 ordine
799 2112 972 2180 consueto
991 2131 998 2178 :
1018 2130 1088 2201 qua
1102 2106 1216 2196 linita,
1236 2111 1278 2178 D.
1293 2104 1505 2179 Dominicus
1518 2105 1655 2200 Crispus

328 2230 568 2322 Pistoriensis,
590 2231 736 2305 scutifer
755 2230 848 2303 Rmi.
867 2235 907 2304 D.
927 2231 1116 2304 cardinalis
1132 2230 1340 2320 aleriensis,
1359 2231 1444 2306 lecit
1462 2232 1655 2304 orationem

327 2358 372 2430 ab
389 2357 557 2431 omnibus
578 2358 888 2442 commendatam,
915 2381 986 2452 qua
1008 2357 1121 2447 linita
1139 2358 1262 2432 RRmi.
1283 2360 1357 2438 Dll.
1376 2356 1654 2430 vicancellarius.

329 2479 600 2576 Neapolitanus,
633 2507 662 2554 s.
689 2483 786 2556 Petri
820 2482 866 2555 ad
894 2481 1048 2558 Vincula
1078 2489 1114 2556 et
1139 2507 1168 2556 s.
1199 2482 1328 2579 Angeli
1355 2483 1517 2578 episcopi
1547 2482 1656 2556 cardi-
1722 2573 1723 2578 Ἰ

329 2605 429 2677 nales
443 2629 514 2678 una
529 2607 828 2682 cumcelebrante
842 2608 1086 2681 absolverunt.
1107 2608 1207 2682 Ultra
1219 2631 1308 2704 quos
1323 2607 1444 2680 olficio
1456 2606 1654 2705 hujusmodi
1722 2691 1723 2704 χ

329 2728 569 2804 interfuerunt
586 2737 621 2805 ol
636 2732 696 2804 alii
712 2733 926 2823 cardinales
945 2733 1111 2807 videlicet
1125 2758 1154 2806 s.
1169 2733 1379 2823 Clementia,
1396 2735 1599 2822 Januensis,
1615 2734 1654 2806 de
1722 2827 1723 2830 Ἴ

330 2855 543 2944 Comitibus,
564 2861 852 2946 Beneventanus
870 2858 1067 2932 aleriensis
1084 2864 1119 2932 et
1135 2883 1164 2930 s.
1183 2860 1370 2932 Anastasia
1383 2858 1582 2957 presbyteri
1598 2887 1605 2944 ;
1624 2867 1654 2932 cl
1722 2837 1723 2850 ἵ

331 3003 360 3051 s.
392 2981 550 3078 Georgii,
579 2983 730 3056 Sabellis
755 2991 791 3057 el
809 2985 999 3072 Ascanius,
1027 2983 1181 3056 diaconi.
1211 2983 1378 3080 Episcopi
1400 2990 1436 3058 et
1463 2985 1653 3081 presbyteri

332 3104 534 3182 cardinales
551 3107 723 3182 sederunt
745 3109 779 3180 in
800 3132 913 3182 cornu
934 3109 1109 3205 evangelii
1130 3109 1215 3204 quia
1233 3108 1270 3180 in
1291 3109 1363 3182 dne
1382 3109 1514 3182 banchi
1535 3109 1653 3181 murati
1722 3117 1723 3158 3

332 3231 463 3328 apponi
490 3232 649 3306 laceram
676 3233 859 3309 bancbum
882 3235 1045 3330 ligneum
1072 3232 1236 3332 ejusdem
1260 3233 1461 3308 altitudinis
1485 3232 1654 3329 usquead

332 3355 481 3451 gradum
498 3358 712 3455 presbyterii
724 3365 940 3456 occupatum
954 3383 976 3432 a
988 3358 1102 3432 latere
1121 3359 1281 3456 episcopi
1297 3359 1452 3432 diaconi.
1471 3359 1653 3433 Celebrans

334 3480 427 3554 sedit
456 3481 493 3553 in
524 3482 737 3572 faldistorio,
770 3484 860 3557 lacic
888 3483 1131 3557 cardinalibus
1153 3492 1189 3558 et
1211 3485 1359 3558 renibus
1381 3485 1516 3582 populo
1539 3484 1653 3566 versis,
1722 3507 1723 3564 3

334 3612 441 3700 prout
457 3606 493 3677 in
509 3608 621 3681 choro
640 3607 784 3682 basilice
800 3634 829 3681 s.
848 3610 945 3683 Petri
961 3611 1207 3683 observamus.
1225 3613 1265 3682 ln
1282 3609 1354 3684 line
1374 3608 1508 3682 banchi
1528 3609 1656 3706 episco·
1722 3637 1723 3682 f

335 3733 1656 3832 porumetpresbyterorumcardinalium,inlragraduspvesbyterii,posi=

337 3861 411 3927 tum
428 3855 495 3930 luit
511 3857 689 3953 pulpitum
705 3884 770 3956 pro
787 3867 945 3934 oraturo.
972 3861 1110 3933 Chorus
1127 3860 1274 3956 indique
1296 3859 1427 3934 tabulis
1443 3861 1586 3932 clausus
1600 3859 1655 3930 luit

337 3986 489 4077 excepto
510 3981 604 4056 illius
619 3984 807 4080 principali
828 3985 976 4074 introitu
997 3993 1033 4060 et
1054 3985 1186 4082 angulo
1212 3986 1302 4059 solio
1324 3984 1384 4058 ubi
1405 3985 1584 4082 pulpitum
1602 4007 1654 4080 pro
1722 4019 1723 4024 ,

337 4110 481 4178 oraturo
496 4104 654 4180 locatum
670 4117 760 4182 erat.
782 4115 822 4182 ln
841 4109 953 4182 choro
975 4116 1099 4206 preter
1113 4109 1313 4184 ordinarias
1334 4109 1441 4184 sedes
1457 4110 1494 4180 in
1509 4109 1655 4205 quolibet.

336 4230 449 4303 latera
474 4229 596 4304 addita
618 4232 763 4305 luerunt
787 4233 943 4330 duplicia
966 4257 1128 4308 scamma
1147 4235 1193 4307 ad
1213 4233 1478 4330 longitudinem
1505 4233 1603 4306 chori
1626 4233 1654 4302 iu

337 4354 466 4450 quibus
482 4355 654 4432 sederunt
668 4358 808 4454 prelati.
826 4363 866 4432 In
881 4359 1072 4433 ordinariis
1091 4359 1239 4433 sedibus
1254 4359 1300 4432 ad
1314 4357 1503 4432 dexteram
1520 4359 1554 4430 in
1570 4366 1654 4429 tran-

337 4481 381 4554 tis
398 4479 569 4556 sederunt
583 4485 709 4580 prelati
725 4485 872 4581 palatini
898 4491 934 4558 ol
953 4485 999 4558 ad
1013 4486 1195 4560 sinistram
1218 4484 1346 4581 prelati
1371 4488 1536 4556 oratores
1561 4487 1652 4578 caput

338 4612 512 4686 iacientes
528 4634 653 4686 versus
668 4611 793 4684 altare.
821 4613 991 4684 Oratores
1015 4611 1143 4706 prelati
1160 4609 1342 4687 bancbum
1366 4607 1571 4682 habuerunt
1585 4609 1652 4702 post

338 4737 443 4810 sedes
459 4737 694 4809 diaconorum
710 4735 948 4808 cardinalium
964 4735 1024 4808 ubi
1042 4735 1149 4808 locati
1164 4737 1321 4810 luerunt.
1340 4732 1556 4806 Cubicularii
1572 4735 1651 4826 Papa

338 4887 410 4934 non
444 4862 616 4936 sederunt
647 4885 713 4959 per
741 4863 943 4958 angustiam
982 4861 1074 4948 loci3
1103 4867 1296 4958 propterea
1325 4861 1516 4959 indignati,
1546 4877 1650 4932 recas-

234 4978 287 5090 ᾗ.
341 4994 464 5058 serunt
493 5010 633 5060 omnes.
663 4991 827 5060 Castrum
858 4987 992 5059 doloris
1016 4993 1266 5061 constructum
1294 4988 1359 5062 luit
1387 4988 1485 5061 circa
1509 4981 1648 5057 medium

233 5116 237 5164 ἶ
340 5109 494 5188 ecclesie
521 5112 670 5210 longum
692 5113 785 5185 inter
807 5112 994 5186 columnas
1018 5112 1221 5210 palmarum
1247 5135 1332 5185 xxxv
1360 5119 1396 5187 et
1424 5112 1562 5208 largum
1585 5101 1647 5202 pal·
