3424 6038
327 473 381 530 316
627 465 635 472 '
782 467 957 527 JOHANNts
981 466 1203 536 BURCHARDl,
1447 469 1623 542 {cenoman}

327 629 418 702 liciis
428 651 571 718 novem,
587 651 629 700 ac
640 628 742 724 juxta
755 631 913 699 castrum
924 622 1116 696 intorticiis
1129 622 1368 719 quadraginta
1382 629 1477 714 octo,
1488 625 1623 702 videlicet

328 752 447 850 viginti
461 759 614 848 quatuor
625 751 661 824 in
677 750 838 848 quolibet
852 749 966 822 latere
983 755 1019 821 et
1037 747 1133 820 lecto
1152 748 1218 820 sub
1238 753 1358 822 castro
1375 747 1518 836 doloris,
1530 751 1625 848 longi-

326 877 457 951 tudinis
490 878 690 975 palmarum
724 898 890 948 meorum
920 872 1093 947 tredecim
1123 879 1159 946 et
1186 873 1421 971 longitudinis
1450 897 1566 948 novem
1591 901 1624 950 ac

327 1003 524 1076 altitudinis
549 1026 612 1076 sex
637 1007 672 1074 et
694 999 773 1074 aliis
805 997 1029 1095 opportunis,
1061 995 1184 1070 habite
1212 996 1358 1070 fuerunt
1383 997 1528 1093 exequie
1551 999 1625 1073 bone

326 1127 502 1201 memorie
516 1125 690 1199 lobannis
705 1120 923 1197 Arcimboldi
945 1120 1034 1194 tituli
1057 1146 1086 1195 s.
1115 1123 1284 1197 Praxedis
1302 1123 1515 1221 presbyteri.
1528 1125 1628 1197 Cardi-

326 1253 416 1325 nalis
433 1249 684 1326 Ulixbonensis
700 1247 892 1322 celebravit
908 1247 1069 1319 missam.
1089 1250 1215 1339 Rmus,
1235 1251 1277 1320 ll.
1291 1249 1453 1322 lulianus
1467 1249 1628 1328 Ostiensis.

325 1378 509 1452 lohannes
524 1373 739 1449 Albanensis
757 1371 932 1470 episcopi,
947 1371 1122 1444 Johannis
1138 1371 1229 1445 tituli
1241 1395 1270 1444 s.
1289 1372 1416 1448 Vitatis
1428 1379 1463 1446 et
1474 1373 1632 1446 lohannes

326 1503 419 1578 tituli
445 1527 474 1576 s.
505 1501 677 1600 Stephani
700 1501 736 1574 in
762 1499 860 1573 Celio
884 1501 1006 1571 Monte
1029 1497 1230 1596 presbyteri
1253 1497 1455 1572 cardinales
1480 1523 1634 1574 unacum

328 1627 533 1702 celebrante
550 1623 714 1698 fecerunt
730 1621 993 1696 absolutionem
1010 1625 1090 1717 post
1112 1619 1259 1694 missam
1276 1627 1312 1694 et
1327 1645 1532 1696 sermonem
1547 1647 1635 1719 quern

327 1755 413 1830 fecit
440 1757 655 1850 procurator
686 1747 822 1822 ordinis
860 1769 891 1821 a.
934 1745 1137 1842 Augustini.
1180 1747 1337 1843 Lugubri
1379 1746 1526 1822 fuerunt
1555 1750 1636 1846 prius

328 1873 541 1972 Magnificus
558 1876 600 1947 D.
627 1871 793 1970 Aloysius
809 1870 1060 1946 arcimboldus
1080 1870 1271 1944 cardinalis
1285 1871 1449 1946 defuncti
1464 1874 1638 1972 filiuslegi·

327 2003 443 2075 timus.
456 2004 542 2073 Post
557 2021 640 2071 eum
651 2005 806 2094 quatuor
817 1995 991 2093 episcopi,
1006 1993 1172 2068 videlicet
1187 1997 1471 2070 lntaramnensis
1482 1998 1636 2094 magister

330 2127 457 2200 domus
476 2122 696 2213 Parmensis,
711 2121 926 2206 'Adriensis
950 2119 1161 2216 Adjacensis
1183 2126 1219 2193 et
1239 2121 1468 2195 Venafranos
1488 2121 1637 2196 abbasde

328 2249 494 2326 Corvaria
523 2247 763 2322 Bononiensis
790 2246 945 2319 diocesis
976 2251 1012 2318 ct
1043 2251 1188 2319 centum
1222 2245 1281 2319 alii
1306 2246 1402 2319 inter
1431 2247 1634 2343 capellanos,

329 2375 517 2450 scutiferos
539 2380 575 2446 et
597 2373 685 2446 alios
709 2371 916 2445 familiares.
943 2369 1185 2444 lnterfueruot
1205 2369 1298 2444 ultra
1320 2371 1547 2446 absolventes
1567 2395 1639 2469 pre-

330 2502 446 2574 dictos
471 2498 594 2572 RRmi.
626 2500 702 2570 DD.
728 2494 1056 2585 vicecancellarius,
1088 2494 1356 2592 Neapolitanus,
1388 2497 1558 2594 episcopi,
1586 2500 1641 2570 Se·
1699 2475 1700 2520 ³

332 2625 468 2714 nensis,
487 2623 531 2698 de
548 2625 660 2711 Fuxo,
679 2621 722 2694 de
744 2620 910 2710 Sabellis,
932 2620 976 2693 de
999 2619 1185 2712 Columna,
1212 2621 1256 2694 de
1278 2621 1416 2696 Ursinis
1432 2629 1468 2696 et
1483 2623 1641 2696 Ascanius

329 2747 473 2823 diaconi
510 2745 723 2820 cardinales.
761 2743 1035 2816 Testamentarii
1069 2751 1153 2818 sunt
1183 2745 1307 2818 nami.
1345 2747 1390 2818 de
1432 2746 1577 2821 Sabellis
1611 2755 1643 2818 ot

330 2872 505 2948 Ascanius
531 2869 672 2944 diaconi
701 2868 900 2944 cardinales
925 2874 961 2942 et
983 2871 1025 2941 D.
1060 2869 1245 2943 lohannes
1270 2871 1396 2945 Petrus
1419 2872 1643 2946 Arrivabenus

330 3002 394 3073 SS.
414 3003 457 3072 D.
475 3001 519 3072 N.
536 3000 632 3092 Papo
649 2992 876 3068 secretarius.

378 3121 501 3196 RRmi.
518 3124 594 3194 DD.
612 3119 813 3193 cardinales
826 3119 998 3192 sederunt
1012 3118 1304 3195 inbanchishino
1315 3121 1398 3195 inde
1414 3124 1551 3220 positis,
1566 3145 1642 3219 quos

328 3255 450 3322 tamen
475 3244 735 3344 aliquantulum
768 3266 893 3317 versus
922 3245 1080 3318 medium
1114 3245 1267 3321 ecclesie
1301 3247 1394 3320 trahi
1421 3247 1490 3321 feci
1514 3254 1644 3345 propter

328 3371 521 3460 intorticia‚
539 3394 585 3444 nc
601 3393 686 3443 cera
701 3394 810 3466 super
827 3394 890 3443 eos
912 3370 1052 3444 flueret.
1076 3373 1115 3444 ln
1136 3371 1208 3445 tine
1228 3372 1334 3445 banci
1355 3373 1600 3471 episcoporum
1613 3379 1642 3446 et

329 3495 636 3594 presbyterorum,
662 3500 824 3567 oratores
848 3495 976 3591 prelati
1002 3503 1038 3568 et
1059 3495 1140 3570 laici
1167 3497 1204 3568 in
1225 3497 1341 3570 banco
1371 3498 1551 3572 humiliori
1575 3507 1642 3596 post

330 3621 485 3694 bancum
511 3625 633 3691 autom
654 3617 890 3690 diaconorum
909 3643 975 3715 per
991 3621 1156 3694 eamdem
1178 3620 1312 3693 lineam
1335 3622 1511 3696 sedebant
1533 3621 1642 3720 prelati
1698 3659 1699 3666 κ

215 3840 220 3848 Ὢ
329 3747 366 3818 in
377 3766 440 3817 sex
455 3742 579 3816 bancis
591 3742 723 3838 longis,
738 3741 773 3814 in
790 3743 908 3839 prima
920 3766 1044 3816 versus
1059 3745 1219 3818 medium
1233 3745 1386 3820 ecclesio
1400 3747 1527 3844 prelati
1539 3746 1642 3845 palatii
1698 3747 1699 3764 ¹

330 3867 460 3942 deinde
476 3865 548 3957 alii,
564 3865 601 3937 in
617 3865 750 3940 ultimis
766 3867 1024 3964 prothonotarii
1042 3873 1076 3941 et
1091 3869 1285 3944 auditores.
1298 3873 1472 3944 Cantores
1486 3875 1642 3946 steterunt
1698 3911 1699 3968 p

330 4002 427 4072 retro
450 3995 563 4068 altare
584 3993 700 4090 majus
725 3993 761 4064 in
786 3992 898 4066 choro
924 3991 1087 4066 fratrum.
1112 3995 1291 4092 Pulpitum
1310 4019 1374 4093 pro
1399 4003 1544 4070 oraturo
1562 3995 1641 4069 stetit
1698 3971 1699 4008 r

330 4122 366 4195 ni
385 4121 501 4219 capite
515 4117 621 4194 banci
639 4117 891 4214 episcoporum
908 4117 1155 4208 cardinalium,
1179 4125 1301 4193 tamen
1319 4119 1422 4215 quasi
1443 4127 1540 4194 retro
1554 4120 1641 4216 pilas
1698 4153 1699 4183 r

331 4254 425 4320 trum
442 4245 539 4343 quod
553 4243 713 4317 medium
735 4249 813 4315 erat
831 4241 925 4314 inter
944 4242 1099 4315 bancum
1119 4248 1155 4316 et
1173 4243 1362 4341 pulpitum.
1384 4246 1541 4343 Lugubri
1559 4243 1642 4317 sede

331 4380 413 4446 runt
424 4374 526 4470 juxta
543 4373 701 4443 castrum
718 4391 819 4441 more
836 4366 941 4441 solito
964 4375 999 4440 et
1020 4368 1167 4442 ultimus
1181 4369 1319 4442 bancus
1332 4371 1574 4445 transversalis
1589 4366 1641 4440 fuit

332 4499 544 4598 triplicatus.
563 4499 654 4570 Cera
668 4491 734 4566 fuit
746 4491 896 4590 pulchra
907 4499 942 4567 et
956 4493 1048 4566 bene
1061 4494 1222 4568 laborata
1233 4519 1277 4568 ex
1287 4495 1468 4570 bombice.
1482 4493 1641 4570 lntorticia

330 4647 395 4722 pro
411 4619 651 4695 cardinalibus
667 4623 704 4692 et
719 4617 918 4692 elevatione
939 4621 1157 4694 sacramenti
1173 4619 1315 4694 fuerunt
1331 4622 1488 4719 quinque
1503 4623 1586 4696 libre
1599 4617 1639 4690 vel

331 4748 443 4836 circa3
472 4746 542 4820 alia
561 4750 718 4842 quatuor
736 4744 792 4816 vel
816 4744 926 4818 circa.
961 4745 1093 4820 Facula
1122 4767 1188 4843 pro
1212 4747 1372 4843 prelatiS,
1401 4747 1594 4822 oratoribus
1614 4750 1640 4816 et

329 4872 490 4969 lugubris
506 4872 656 4945 duarum
666 4867 838 4942 librarum
853 4877 888 4941 et
901 4869 1113 4944 aliadeinde
1129 4869 1282 4960 minora,
1300 4893 1402 4945 more
1420 4872 1536 4945 solito.

379 5000 454 5070 Hoc
470 4996 526 5070 die
543 5000 680 5070 tantum
694 4993 817 5067 habite
834 5002 916 5067 sunt
927 4995 1078 5090 exequie
1091 4994 1136 5069 de
1146 4994 1294 5069 licentia
1307 4998 1371 5070 SS.
1389 4999 1431 5071 l).
1445 5001 1487 5070 N.
1502 4995 1637 5093 Papect

268 5133 271 5140 ’
330 5142 403 5192 non
418 5143 482 5216 per
496 5127 624 5192 novem
640 5117 716 5192 dies
731 5123 837 5214 prout
856 5117 935 5192 fieri
956 5119 1059 5193 solet.
1082 5119 1161 5193 Alia
1181 5142 1283 5196 more
1303 5121 1410 5197 solito
1431 5129 1514 5196 sunt
1533 5119 1637 5194 obser-
