3508 6034
337 441 390 496 na
792 441 967 498 susannis
991 439 1214 510 acuculam,
1506 442 1584 504 [aaa
1600 441 1659 506 rsa]

336 593 476 668 diocles
495 602 672 668 venerunt
690 596 737 670 ad
755 597 932 671 circulum
951 597 998 671 ad
1016 594 1215 682 introitum,
1232 593 1387 670 Sanaos
1407 601 1444 668 et
1458 595 1588 692 Agnus
1600 596 1659 670 Dei

337 728 372 793 et
388 720 459 794 alia
473 719 596 794 omnia
609 743 712 794 more
733 722 838 796 solito
859 729 943 796 sunt
961 721 1163 796 observata.
1186 725 1391 818 Antequam
1408 719 1575 794 dominus
1590 745 1662 794 nos-

339 855 393 918 ter
404 843 518 918 exiret
529 867 711 918 cameram
722 847 913 942 papagalli,
927 845 1124 943 supplicavi
1136 845 1322 920 Sanctitati
1333 869 1397 919 sue
1408 867 1475 941 pro
1486 844 1588 918 nobis
1600 845 1661 918 cle-

338 969 421 1042 ricis
450 971 759 1059 ceremoniarum,
790 971 998 1044 cantoribus
1019 993 1062 1044 ac
1090 970 1258 1043 omnibus
1278 970 1494 1044 olticislibus
1511 970 1660 1066 cappella

341 1094 548 1169 Sanctitatis
573 1119 636 1166 sue
661 1116 726 1190 pro
748 1095 920 1170 facultate
945 1095 1104 1192 eligendi
1129 1095 1233 1168 nobis
1260 1093 1504 1180 confessores,
1529 1091 1586 1188 qui
1605 1117 1662 1166 nos

341 1218 500 1316 plenarie
517 1216 703 1290 absolvant
719 1225 755 1292 et
774 1219 974 1315 plenariam
995 1218 1249 1293 remissionem
1264 1216 1427 1292 omnium
1443 1223 1660 1312 peccatorum

342 1349 546 1416 nostrorum
579 1340 684 1414 nobis
713 1340 942 1437 impendant,
972 1349 1008 1417 et
1037 1342 1136 1439 quod
1162 1341 1340 1416 visitando
1370 1341 1520 1438 singulis
1549 1339 1662 1414 diebus

340 1467 452 1540 altare
487 1489 660 1562 magnum
687 1466 834 1541 basilice
865 1467 979 1542 sancti
1010 1468 1106 1542 Petri
1138 1489 1408 1563 consequamur
1433 1465 1662 1562 indulgentias

341 1615 431 1686 quas
446 1615 757 1688 consequeremur
778 1593 806 1666 si
831 1593 982 1691 singulis
998 1593 1123 1668 diebus
1144 1593 1318 1668 ecclesias
1342 1592 1537 1666 stationum
1556 1591 1662 1666 uisitu-

341 1739 484 1804 remus;
502 1717 711 1814 quaomnia
730 1718 907 1792 Sanctitas
923 1741 989 1792 sua
1008 1718 1163 1815 benigne
1182 1717 1287 1792 nobis
1307 1716 1514 1792 concessit:
1535 1739 1661 1789 sermo-

343 1865 427 1916 nem
444 1841 530 1916 lecit
545 1843 689 1938 quidam
707 1843 944 1940 Francigena.

392 1965 495 2040 Faria
511 1967 648 2062 quinta,
667 1973 687 2040 8
704 1967 836 2058 martii,
855 1968 900 2041 ad
914 1992 1022 2064 quam
1038 1969 1104 2044 luit
1120 1967 1333 2043 translatum
1344 1968 1478 2042 testum
1491 1991 1520 2040 s.
1537 1967 1661 2040 Thema

343 2091 388 2167 de
402 2091 557 2188 Aquino,
580 2097 621 2165 R.
646 2095 684 2166 P.
713 2095 755 2166 D.
786 2093 992 2189 Stephanus
1013 2093 1309 2191 archiepiscopus
1331 2091 1557 2166 patracensis
1581 2093 1661 2166 cele-

341 2217 454 2291 bravit
470 2216 618 2291 missam
634 2216 815 2314 publicam
826 2217 861 2289 in
874 2217 1212 2309 ecclesiaMinerve,
1226 2217 1457 2316 presentibus
1473 2241 1538 2294 xix
1555 2215 1660 2290 cardi·

341 2341 494 2430 nalibus,
511 2340 678 2414 videlicet
692 2368 699 2413 :
714 2341 1008 2433 vicecamerario,
1024 2342 1274 2440 Neapolitano,
1289 2365 1318 2412 s.
1332 2339 1429 2414 Petri
1446 2339 1493 2412 ad
1506 2337 1658 2424 Vincula,

343 2493 370 2540 s.
385 2467 496 2540 Maria
510 2466 545 2538 in
558 2465 716 2556 Portica,
731 2490 758 2539 s.
770 2467 913 2562 Angeli,
926 2465 1161 2541 Ulixbonensi
1175 2464 1373 2562 episcopis;
1392 2459 1659 2548 Reohanatensi,

343 2619 373 2664 s.
403 2590 611 2680 Clementia,
638 2592 821 2680 lennensi,
840 2591 1039 2681 Parmensi,
1071 2594 1344 2678 Beneventano,
1373 2586 1552 2662 Aleriensi
1577 2593 1659 2658 ets.

343 2715 531 2790 Anastasia
561 2715 803 2813 presbyteris,
840 2716 1011 2806 Senensi,
1045 2713 1264 2804 camerario,
1294 2711 1460 2804 Sabellis,
1485 2711 1658 2795 Columna,

345 2841 475 2916 Ursino
496 2846 532 2913 et
550 2841 705 2914 Ascanio
726 2840 887 2944 diaconis
907 2841 1161 2914 cardinalibus.
1188 2839 1284 2913 Dixit
1304 2843 1444 2912 tantum
1464 2857 1570 2910 unam
1590 2855 1660 2907 ora-

343 2964 491 3039 tionem.
521 2967 690 3038 Oratores
724 2963 851 3061 prelati
881 2964 1052 3038 sederunt
1078 2965 1115 3036 in
1145 2985 1294 3038 scamno
1325 2959 1551 3037 transversali
1570 2959 1659 3056 juxta
1728 2955 1729 2974 ¹

343 3089 544 3164 caracellum
565 3111 587 3162 a
606 3089 778 3162 scammis
804 3088 1039 3162 diaconorum
1064 3089 1298 3162 cardinalium
1318 3089 1438 3186 posito
1459 3095 1496 3162 et
1513 3093 1659 3160 oratores

342 3213 422 3288 laici
439 3213 475 3288 in
491 3213 561 3287 alio
578 3211 684 3286 simili
695 3214 801 3310 juxta
815 3213 971 3288 bancum
990 3214 1287 3312 presbyterorum
1307 3213 1543 3289 cardinalium
1556 3209 1660 3308 posito

343 3339 440 3436 quod
460 3363 482 3412 a
499 3363 538 3414 se
557 3337 643 3436 ipsis
662 3337 826 3412 lecerunt
846 3344 882 3412 et
906 3339 1023 3428 male3
1052 3339 1234 3414 debebant
1256 3338 1354 3412 enim
1374 3337 1473 3435 prius
1497 3334 1617 3434 prelati
1630 3332 1658 3403 in
1727 3381 1728 3434 ,

344 3461 405 3536 illo
426 3468 461 3536 et
484 3461 551 3558 ipsi
569 3469 649 3559 post
673 3461 847 3536 diaconos
872 3463 1009 3538 sedisse
1040 3490 1047 3538 :
1077 3464 1206 3562 prelati
1226 3463 1286 3537 alii
1310 3463 1482 3538 sederunt
1505 3461 1539 3533 in
1562 3459 1658 3532 choro
1727 3497 1728 3509 κ

344 3586 493 3659 fratrum
518 3609 618 3661 more
653 3587 771 3661 solito.
805 3589 876 3660 Sed
907 3611 990 3662 cum
1016 3589 1202 3688 evangelio
1227 3589 1330 3664 finito
1357 3610 1478 3663 sermo
1502 3582 1657 3660 dicendus

304 3698 316 3734 ³
345 3717 455 3800 esset,
477 3711 713 3786 veneruntad
730 3711 885 3786 chorum
905 3711 1142 3787 cardinalium
1164 3735 1291 3787 omnes
1307 3709 1436 3809 prelati
1452 3716 1489 3784 et
1504 3707 1656 3782 sederunt

343 3835 451 3931 aliqui
467 3835 504 3908 in
520 3835 736 3931 quibusdam
752 3836 830 3910 aliis
847 3835 1016 3909 scammis
1037 3837 1239 3935 importatis
1255 3859 1328 3912 non
1343 3836 1454 3932 longe
1467 3834 1512 3908 ab
1527 3829 1656 3906 introitu

343 3958 483 4056 positis,
502 3959 562 4032 ubi
578 3965 787 4034 manserunt
801 3983 915 4056 usque
931 3960 977 4034 ad
992 3985 1200 4036 sermonem
1215 3961 1356 4036 linitum
1373 3985 1381 4050 ;
1400 3967 1486 4034 tnnc
1498 3957 1543 4032 ad
1556 3954 1656 4054 priora
1726 4005 1727 4024 t

342 4083 421 4156 loca
438 4083 621 4158 redierunt
637 4083 804 4157 scammis
820 4082 903 4155 inde
921 4082 1107 4181 depositis.
1126 4063 1341 4158 Sermonem
1357 4081 1443 4156 lecit
1458 4084 1501 4154 D.
1521 4083 1654 4152 Bernar-

344 4208 411 4280 dus
431 4207 583 4282 Basinus
605 4209 1161 4306 canonicuscesaraugustauus,
1184 4231 1286 4284 sacre
1299 4205 1483 4302 theologie
1504 4201 1655 4299 magister

345 4332 569 4422 Parisiensis‚
593 4357 682 4440 cumx
697 4339 795 4407 tanta
814 4334 930 4430 gratia
951 4342 986 4408 et
1005 4335 1168 4409 omnium
1182 4333 1289 4408 laude
1306 4331 1403 4429 quod
1424 4330 1513 4404 nihil
1532 4347 1652 4424 supra:

346 4450 1653 4557 databeuedictionepercelebrantem,publicavitplenariasindulgentias

345 4604 410 4676 per
425 4584 487 4654 SS.
507 4585 548 4655 D.
567 4587 610 4656 N.
624 4605 818 4657 concessas
834 4583 931 4679 quod
947 4590 1068 4656 tamen
1081 4583 1328 4658 necessarium
1339 4605 1411 4653 non
1425 4581 1542 4654 luerat
1554 4595 1653 4674 proeo

346 4706 443 4801 quod
456 4706 492 4778 in
508 4715 615 4804 porta
631 4708 726 4781 dicte
740 4707 895 4782 ecclesie
911 4731 1071 4804 appensa
1086 4714 1162 4782 erat
1179 4708 1299 4782 tabula
1314 4731 1396 4780 cum
1412 4703 1526 4778 literis
1539 4698 1654 4800 grossis

345 4849 410 4920 per
425 4852 512 4922 quas
528 4829 735 4928 hujusmodi
751 4829 974 4925 indulgentie
990 4831 1277 4928 publicabantur.

397 4956 585 5029 Dominica
599 4955 715 5053 prima
728 4945 1021 5052 quadragesime,
1035 4961 1071 5028 lt
1089 4955 1220 5046 martii,
1237 4959 1279 5028 R.
1294 4953 1330 5028 in
1341 4953 1484 5028 Christo
1500 4957 1537 5026 P.
1549 4951 1652 5024 lliero

342 5101 473 5174 nymus
491 5081 667 5154 Bnlbanus
684 5080 875 5178 episcopus
895 5081 1103 5184 Perusinus,
1126 5085 1189 5156 SS.
1210 5085 1253 5155 D.
1273 5085 1313 5156 N.
1332 5103 1424 5178 pape
1440 5075 1649 5160 secretarius,
1724 5049 1725 5081 ¹
