<?xml version="1.0" encoding="UTF-8"?>
<!DOCTYPE html PUBLIC "-//W3C//DTD XHTML 1.0 Transitional//EN"
    "http://www.w3.org/TR/xhtml1/DTD/xhtml1-transitional.dtd">
<html xmlns="http://www.w3.org/1999/xhtml" xml:lang="en" lang="en">
 <head>
  <title>
</title>
<meta http-equiv="Content-Type" content="text/html;charset=utf-8" />
  <meta name='ocr-system' content='tesseract 3.04.00' />
  <meta name='ocr-capabilities' content='ocr_page ocr_carea ocr_par ocr_line ocrx_word'/>
</head>
<body>
  <div class='ocr_page' id='page_1' title='image "./johannisburchar02burcgoog/johannisburchar02burcgoog_0139.png"; bbox 0 0 3496 6056; ppageno 0'>
   <div class='ocr_carea' id='block_1_1' title="bbox 254 434 1673 540">
    <p class='ocr_par' dir='ltr' id='par_1_1' title="bbox 254 434 1673 540">
     <span class='ocr_line' id='line_1_1' title="bbox 254 434 1673 540; baseline 0.008 -26"><span class='ocrx_word' id='word_1_1' title='bbox 254 434 257 444; x_wconf 76' lang='grc'><em>’</em></span> <span class='ocrx_word' id='word_1_2' title='bbox 370 460 421 516; x_wconf 80' lang='grc' dir='ltr'>ιιι</span> <span class='ocrx_word' id='word_1_3' title='bbox 825 458 1000 518; x_wconf 80' lang='lat' dir='ltr'>rounuurs</span> <span class='ocrx_word' id='word_1_4' title='bbox 1024 458 1246 532; x_wconf 81' lang='lat' dir='ltr'>auacnnaru,</span> <span class='ocrx_word' id='word_1_5' title='bbox 1464 465 1673 540; x_wconf 67' lang='lat' dir='ltr'>[sesamino</span> 
     </span>
    </p>
   </div>
   <div class='ocr_carea' id='block_1_2' title="bbox 361 613 1739 2093">
    <p class='ocr_par' dir='ltr' id='par_1_2' title="bbox 361 613 1739 1718">
     <span class='ocr_line' id='line_1_2' title="bbox 367 613 1663 713; baseline 0.012 -25"><span class='ocrx_word' id='word_1_6' title='bbox 367 615 532 690; x_wconf 89' lang='lat' dir='ltr'>similiter</span> <span class='ocrx_word' id='word_1_7' title='bbox 547 613 731 688; x_wconf 72' lang='lat' dir='ltr'><strong>remansit.</strong></span> <span class='ocrx_word' id='word_1_8' title='bbox 746 613 979 688; x_wconf 80' lang='lat' dir='ltr'>Pervenimus</span> <span class='ocrx_word' id='word_1_9' title='bbox 994 613 1185 713; x_wconf 30' lang='lat' dir='ltr'>deiude-&#39;ad</span> <span class='ocrx_word' id='word_1_10' title='bbox 1196 616 1370 712; x_wconf 89' lang='lat' dir='ltr'>palatium</span> <span class='ocrx_word' id='word_1_11' title='bbox 1386 617 1577 698; x_wconf 88' lang='lat' dir='ltr'>residentia</span> <span class='ocrx_word' id='word_1_12' title='bbox 1591 629 1663 703; x_wconf 86' lang='lat' dir='ltr'>ltmi.</span> 
     </span>
     <span class='ocr_line' id='line_1_3' title="bbox 365 739 1666 837; baseline 0.012 -25"><span class='ocrx_word' id='word_1_13' title='bbox 365 743 408 813; x_wconf 88' lang='lat' dir='ltr'>D.</span> <span class='ocrx_word' id='word_1_14' title='bbox 432 739 621 814; x_wconf 90' lang='lat' dir='ltr'>cardinalis</span> <span class='ocrx_word' id='word_1_15' title='bbox 643 739 898 830; x_wconf 76' lang='lat' dir='ltr'>GeruudensiS,</span> <span class='ocrx_word' id='word_1_16' title='bbox 925 740 986 837; x_wconf 87' lang='lat' dir='ltr'>qui</span> <span class='ocrx_word' id='word_1_17' title='bbox 1011 740 1175 816; x_wconf 85' lang='lat' dir='ltr'>similiter</span> <span class='ocrx_word' id='word_1_18' title='bbox 1189 741 1334 819; x_wconf 83' lang='lat' dir='ltr'>Rllmis.</span> <span class='ocrx_word' id='word_1_19' title='bbox 1356 747 1431 818; x_wconf 87' lang='lat' dir='ltr'>DD.</span> <span class='ocrx_word' id='word_1_20' title='bbox 1450 747 1666 828; x_wconf 80' lang='lat' dir='ltr'><strong>cardinalibus</strong></span> 
     </span>
     <span class='ocr_line' id='line_1_4' title="bbox 363 865 1664 968; baseline 0.009 -29"><span class='ocrx_word' id='word_1_21' title='bbox 363 866 497 940; x_wconf 83' lang='lat' dir='ltr'>ibidem</span> <span class='ocrx_word' id='word_1_22' title='bbox 521 866 653 964; x_wconf 87' lang='lat' dir='ltr'>gratias</span> <span class='ocrx_word' id='word_1_23' title='bbox 675 889 788 963; x_wconf 91' lang='lat' dir='ltr'>agens</span> <span class='ocrx_word' id='word_1_24' title='bbox 817 865 964 940; x_wconf 90' lang='lat' dir='ltr'>domum</span> <span class='ocrx_word' id='word_1_25' title='bbox 990 867 1144 940; x_wconf 85' lang='lat' dir='ltr'>intravit.</span> <span class='ocrx_word' id='word_1_26' title='bbox 1172 869 1212 940; x_wconf 93' lang='lat' dir='ltr'>ln</span> <span class='ocrx_word' id='word_1_27' title='bbox 1234 868 1313 964; x_wconf 86' lang='lat' dir='ltr'>ejus</span> <span class='ocrx_word' id='word_1_28' title='bbox 1334 868 1417 943; x_wconf 90' lang='lat' dir='ltr'>loco</span> <span class='ocrx_word' id='word_1_29' title='bbox 1442 876 1664 968; x_wconf 79' lang='lat' dir='ltr'>postmodun,</span> 
     </span>
     <span class='ocr_line' id='line_1_5' title="bbox 362 991 1739 1096; baseline 0.009 -31"><span class='ocrx_word' id='word_1_30' title='bbox 362 995 486 1066; x_wconf 88' lang='lat' dir='ltr'>Rmus.</span> <span class='ocrx_word' id='word_1_31' title='bbox 506 995 548 1065; x_wconf 87' lang='lat' dir='ltr'>D.</span> <span class='ocrx_word' id='word_1_32' title='bbox 559 991 757 1096; x_wconf 85' lang='lat' dir='ltr'>¹cardinalis</span> <span class='ocrx_word' id='word_1_33' title='bbox 773 991 817 1066; x_wconf 92' lang='lat' dir='ltr'>de</span> <span class='ocrx_word' id='word_1_34' title='bbox 833 991 997 1082; x_wconf 75' lang='lat' dir='ltr'>Sabellis,</span> <span class='ocrx_word' id='word_1_35' title='bbox 1022 991 1179 1066; x_wconf 86' lang='lat' dir='ltr'>dimissis</span> <span class='ocrx_word' id='word_1_36' title='bbox 1196 994 1381 1068; x_wconf 79' lang='lat' dir='ltr'>Parmensi</span> <span class='ocrx_word' id='word_1_37' title='bbox 1400 1000 1436 1068; x_wconf 93' lang='lat' dir='ltr'>et</span> <span class='ocrx_word' id='word_1_38' title='bbox 1453 995 1499 1070; x_wconf 91' lang='lat' dir='ltr'>de</span> <span class='ocrx_word' id='word_1_39' title='bbox 1516 998 1666 1078; x_wconf 79' lang='lat' dir='ltr'>Columna</span> <span class='ocrx_word' id='word_1_40' title='bbox 1738 999 1739 1048; x_wconf 72' lang='lat' dir='ltr'>l</span> 
     </span>
     <span class='ocr_line' id='line_1_6' title="bbox 362 1117 1670 1222; baseline 0.006 -30"><span class='ocrx_word' id='word_1_41' title='bbox 362 1117 614 1209; x_wconf 83' lang='lat' dir='ltr'>cardinalibus,</span> <span class='ocrx_word' id='word_1_42' title='bbox 632 1117 803 1214; x_wconf 81' lang='lat' dir='ltr'>equitavit</span> <span class='ocrx_word' id='word_1_43' title='bbox 815 1117 955 1192; x_wconf 89' lang='lat' dir='ltr'>madius</span> <span class='ocrx_word' id='word_1_44' title='bbox 970 1117 1065 1192; x_wconf 89' lang='lat' dir='ltr'>iuter</span> <span class='ocrx_word' id='word_1_45' title='bbox 1080 1120 1295 1210; x_wconf 90' lang='lat' dir='ltr'>Seneusem,</span> <span class='ocrx_word' id='word_1_46' title='bbox 1314 1126 1350 1192; x_wconf 92' lang='lat' dir='ltr'>et</span> <span class='ocrx_word' id='word_1_47' title='bbox 1367 1143 1396 1192; x_wconf 89' lang='lat' dir='ltr'>s.</span> <span class='ocrx_word' id='word_1_48' title='bbox 1415 1122 1558 1218; x_wconf 83' lang='lat' dir='ltr'>Georgii</span> <span class='ocrx_word' id='word_1_49' title='bbox 1580 1147 1670 1222; x_wconf 88' lang='lat' dir='ltr'>usque</span> 
     </span>
     <span class='ocr_line' id='line_1_7' title="bbox 363 1241 1739 1342; baseline 0.004 -24"><span class='ocrx_word' id='word_1_50' title='bbox 363 1241 408 1318; x_wconf 93' lang='lat' dir='ltr'>ad</span> <span class='ocrx_word' id='word_1_51' title='bbox 420 1267 524 1318; x_wconf 94' lang='lat' dir='ltr'>suum</span> <span class='ocrx_word' id='word_1_52' title='bbox 538 1243 709 1342; x_wconf 90' lang='lat' dir='ltr'>palatium</span> <span class='ocrx_word' id='word_1_53' title='bbox 723 1267 730 1334; x_wconf 94' lang='grc'>;</span> <span class='ocrx_word' id='word_1_54' title='bbox 749 1245 904 1340; x_wconf 84' lang='lat' dir='ltr'>peractis</span> <span class='ocrx_word' id='word_1_55' title='bbox 920 1243 1158 1318; x_wconf 86' lang='lat' dir='ltr'>cardinalibus</span> <span class='ocrx_word' id='word_1_56' title='bbox 1174 1244 1297 1342; x_wconf 87' lang='lat' dir='ltr'>gratiis</span> <span class='ocrx_word' id='word_1_57' title='bbox 1317 1251 1399 1342; x_wconf 92' lang='lat' dir='ltr'>post</span> <span class='ocrx_word' id='word_1_58' title='bbox 1415 1269 1544 1320; x_wconf 91' lang='lat' dir='ltr'>eorum</span> <span class='ocrx_word' id='word_1_59' title='bbox 1560 1248 1670 1326; x_wconf 81' lang='lat' dir='ltr'>disces</span> <span class='ocrx_word' id='word_1_60' title='bbox 1738 1257 1739 1298; x_wconf 72' lang='lat'><em>³</em></span> 
     </span>
     <span class='ocr_line' id='line_1_8' title="bbox 363 1369 1669 1473; baseline 0.006 -29"><span class='ocrx_word' id='word_1_61' title='bbox 363 1394 444 1444; x_wconf 89' lang='lat' dir='ltr'>sum</span> <span class='ocrx_word' id='word_1_62' title='bbox 458 1370 621 1445; x_wconf 87' lang='lat' dir='ltr'>ascendit</span> <span class='ocrx_word' id='word_1_63' title='bbox 635 1370 681 1444; x_wconf 92' lang='lat' dir='ltr'>ad</span> <span class='ocrx_word' id='word_1_64' title='bbox 696 1393 802 1442; x_wconf 91' lang='lat' dir='ltr'>suum</span> <span class='ocrx_word' id='word_1_65' title='bbox 817 1369 1006 1466; x_wconf 74' lang='lat' dir='ltr'>palatium,</span> <span class='ocrx_word' id='word_1_66' title='bbox 1029 1376 1104 1444; x_wconf 86' lang='lat' dir='ltr'>turn</span> <span class='ocrx_word' id='word_1_67' title='bbox 1127 1369 1280 1466; x_wconf 90' lang='lat' dir='ltr'>quisque</span> <span class='ocrx_word' id='word_1_68' title='bbox 1300 1370 1346 1444; x_wconf 90' lang='lat' dir='ltr'>ad</span> <span class='ocrx_word' id='word_1_69' title='bbox 1361 1395 1426 1444; x_wconf 87' lang='lat' dir='ltr'>sua</span> <span class='ocrx_word' id='word_1_70' title='bbox 1445 1371 1601 1465; x_wconf 82' lang='lat' dir='ltr'>divertit;</span> <span class='ocrx_word' id='word_1_71' title='bbox 1618 1401 1669 1473; x_wconf 87' lang='lat' dir='ltr'>que</span> 
     </span>
     <span class='ocr_line' id='line_1_9' title="bbox 364 1495 1673 1594; baseline 0.005 -25"><span class='ocrx_word' id='word_1_72' title='bbox 364 1517 472 1594; x_wconf 91' lang='lat' dir='ltr'>supra</span> <span class='ocrx_word' id='word_1_73' title='bbox 502 1520 568 1572; x_wconf 90' lang='lat' dir='ltr'>suo</span> <span class='ocrx_word' id='word_1_74' title='bbox 597 1496 680 1570; x_wconf 91' lang='lat' dir='ltr'>laco</span> <span class='ocrx_word' id='word_1_75' title='bbox 710 1517 776 1592; x_wconf 90' lang='lat' dir='ltr'>per</span> <span class='ocrx_word' id='word_1_76' title='bbox 802 1495 1098 1572; x_wconf 86' lang='lat' dir='ltr'>inadvertentiam</span> <span class='ocrx_word' id='word_1_77' title='bbox 1123 1495 1294 1570; x_wconf 91' lang='lat' dir='ltr'>adnotare</span> <span class='ocrx_word' id='word_1_78' title='bbox 1318 1497 1543 1594; x_wconf 76' lang='lat' dir='ltr'>pretermisi,</span> <span class='ocrx_word' id='word_1_79' title='bbox 1581 1508 1627 1574; x_wconf 93' lang='lat' dir='ltr'>est</span> <span class='ocrx_word' id='word_1_80' title='bbox 1647 1511 1673 1578; x_wconf 89' lang='lat' dir='ltr'>et</span> 
     </span>
     <span class='ocr_line' id='line_1_10' title="bbox 361 1617 1414 1718; baseline 0.006 -28"><span class='ocrx_word' id='word_1_81' title='bbox 361 1617 458 1691; x_wconf 91' lang='lat' dir='ltr'>aliud</span> <span class='ocrx_word' id='word_1_82' title='bbox 473 1618 569 1715; x_wconf 86' lang='lat' dir='ltr'>quod</span> <span class='ocrx_word' id='word_1_83' title='bbox 584 1617 690 1692; x_wconf 92' lang='lat' dir='ltr'>simili</span> <span class='ocrx_word' id='word_1_84' title='bbox 707 1617 966 1694; x_wconf 86' lang='lat' dir='ltr'>inadvertentia</span> <span class='ocrx_word' id='word_1_85' title='bbox 980 1620 1152 1696; x_wconf 89' lang='lat' dir='ltr'>adnotare</span> <span class='ocrx_word' id='word_1_86' title='bbox 1169 1645 1280 1718; x_wconf 87' lang='lat' dir='ltr'>supra</span> <span class='ocrx_word' id='word_1_87' title='bbox 1295 1623 1414 1697; x_wconf 90' lang='lat' dir='ltr'>omisi.</span> 
     </span>
    </p>

    <p class='ocr_par' dir='ltr' id='par_1_3' title="bbox 364 1741 1739 2093">
     <span class='ocr_line' id='line_1_11' title="bbox 413 1741 1739 1848; baseline 0.008 -32"><span class='ocrx_word' id='word_1_88' title='bbox 413 1741 478 1816; x_wconf 85' lang='lat' dir='ltr'>Die</span> <span class='ocrx_word' id='word_1_89' title='bbox 494 1749 615 1818; x_wconf 92' lang='lat' dir='ltr'>autem</span> <span class='ocrx_word' id='word_1_90' title='bbox 631 1748 678 1817; x_wconf 76' lang='lat'>20</span> <span class='ocrx_word' id='word_1_91' title='bbox 692 1743 828 1818; x_wconf 92' lang='lat' dir='ltr'>mensis</span> <span class='ocrx_word' id='word_1_92' title='bbox 839 1743 1056 1836; x_wconf 66' lang='lat' dir='ltr'>decembris</span> <span class='ocrx_word' id='word_1_93' title='bbox 1070 1748 1098 1820; x_wconf 92' lang='lat' dir='ltr'>si</span> <span class='ocrx_word' id='word_1_94' title='bbox 1113 1752 1211 1822; x_wconf 91' lang='lat' dir='ltr'>recte</span> <span class='ocrx_word' id='word_1_95' title='bbox 1227 1747 1390 1839; x_wconf 90' lang='lat' dir='ltr'>memini,</span> <span class='ocrx_word' id='word_1_96' title='bbox 1400 1752 1671 1848; x_wconf 80' lang='lat' dir='ltr'>postprandium,</span> <span class='ocrx_word' id='word_1_97' title='bbox 1738 1757 1739 1801; x_wconf 53' lang='grc' dir='ltr'>ἒ</span> 
     </span>
     <span class='ocr_line' id='line_1_12' title="bbox 367 1865 1739 1971; baseline 0.008 -31"><span class='ocrx_word' id='word_1_98' title='bbox 367 1867 464 1943; x_wconf 88' lang='lat' dir='ltr'>circa</span> <span class='ocrx_word' id='word_1_99' title='bbox 483 1869 611 1944; x_wconf 88' lang='lat' dir='ltr'>horam</span> <span class='ocrx_word' id='word_1_100' title='bbox 631 1891 865 1967; x_wconf 90' lang='lat' dir='ltr'>vesperorum</span> <span class='ocrx_word' id='word_1_101' title='bbox 885 1869 920 1942; x_wconf 94' lang='lat' dir='ltr'>in</span> <span class='ocrx_word' id='word_1_102' title='bbox 944 1868 1077 1966; x_wconf 89' lang='lat' dir='ltr'>palatia</span> <span class='ocrx_word' id='word_1_103' title='bbox 1099 1871 1299 1968; x_wconf 90' lang='lat' dir='ltr'>apostolico</span> <span class='ocrx_word' id='word_1_104' title='bbox 1322 1873 1415 1971; x_wconf 87' lang='lat' dir='ltr'>apud</span> <span class='ocrx_word' id='word_1_105' title='bbox 1438 1897 1467 1946; x_wconf 92' lang='lat' dir='ltr'>s.</span> <span class='ocrx_word' id='word_1_106' title='bbox 1495 1878 1631 1952; x_wconf 92' lang='lat' dir='ltr'>Petrum</span> <span class='ocrx_word' id='word_1_107' title='bbox 1648 1879 1673 1951; x_wconf 93' lang='lat' dir='ltr'>iu</span> <span class='ocrx_word' id='word_1_108' title='bbox 1738 1865 1739 1930; x_wconf 79' lang='lat' dir='ltr'>l</span> 
     </span>
     <span class='ocr_line' id='line_1_13' title="bbox 364 1995 1739 2093; baseline 0.008 -25"><span class='ocrx_word' id='word_1_109' title='bbox 364 1995 481 2092; x_wconf 90' lang='lat' dir='ltr'>prima</span> <span class='ocrx_word' id='word_1_110' title='bbox 496 1995 589 2087; x_wconf 90' lang='lat' dir='ltr'>aula,</span> <span class='ocrx_word' id='word_1_111' title='bbox 608 2000 865 2092; x_wconf 90' lang='lat' dir='ltr'>supraportam</span> <span class='ocrx_word' id='word_1_112' title='bbox 878 1995 1032 2093; x_wconf 87' lang='lat' dir='ltr'>primam</span> <span class='ocrx_word' id='word_1_113' title='bbox 1040 1995 1126 2071; x_wconf 90' lang='lat' dir='ltr'>dicti</span> <span class='ocrx_word' id='word_1_114' title='bbox 1139 1996 1260 2093; x_wconf 90' lang='lat' dir='ltr'>palatii</span> <span class='ocrx_word' id='word_1_115' title='bbox 1276 1997 1440 2073; x_wconf 91' lang='lat' dir='ltr'>habitum</span> <span class='ocrx_word' id='word_1_116' title='bbox 1451 2005 1674 2078; x_wconf 90' lang='lat' dir='ltr'>estsecretum</span> <span class='ocrx_word' id='word_1_117' title='bbox 1738 2015 1739 2058; x_wconf 63' lang='lat' dir='ltr'>i</span> 
     </span>
    </p>
   </div>
   <div class='ocr_carea' id='block_1_3' title="bbox 366 2119 1739 2222">
    <p class='ocr_par' dir='ltr' id='par_1_4' title="bbox 366 2119 1739 2222">
     <span class='ocr_line' id='line_1_14' title="bbox 366 2119 1739 2222; baseline 0.005 -28"><span class='ocrx_word' id='word_1_118' title='bbox 366 2119 619 2196; x_wconf 70' lang='lat' dir='ltr'>consistorium</span> <span class='ocrx_word' id='word_1_119' title='bbox 663 2121 880 2194; x_wconf 82' lang='lat' dir='ltr'>RRmorum.</span> <span class='ocrx_word' id='word_1_120' title='bbox 927 2124 1002 2198; x_wconf 86' lang='lat' dir='ltr'>DD.</span> <span class='ocrx_word' id='word_1_121' title='bbox 1048 2121 1284 2198; x_wconf 87' lang='lat' dir='ltr'>cardinalium</span> <span class='ocrx_word' id='word_1_122' title='bbox 1327 2130 1364 2200; x_wconf 91' lang='lat' dir='ltr'>et</span> <span class='ocrx_word' id='word_1_123' title='bbox 1401 2125 1617 2222; x_wconf 87' lang='lat' dir='ltr'>prelatorum</span> <span class='ocrx_word' id='word_1_124' title='bbox 1648 2129 1674 2202; x_wconf 90' lang='lat' dir='ltr'>iu</span> <span class='ocrx_word' id='word_1_125' title='bbox 1738 2119 1739 2182; x_wconf 73' lang='lat' dir='ltr'>l</span> 
     </span>
    </p>
   </div>
   <div class='ocr_carea' id='block_1_4' title="bbox 224 2247 1739 2348">
    <p class='ocr_par' dir='ltr' id='par_1_5' title="bbox 224 2247 1739 2348">
     <span class='ocr_line' id='line_1_15' title="bbox 224 2247 1739 2348; baseline 0.002 -26"><span class='ocrx_word' id='word_1_126' title='bbox 224 2326 233 2340; x_wconf 71' lang='grc'><strong>,</strong></span> <span class='ocrx_word' id='word_1_127' title='bbox 365 2268 515 2323; x_wconf 82' lang='lat' dir='ltr'>romana</span> <span class='ocrx_word' id='word_1_128' title='bbox 529 2247 628 2323; x_wconf 87' lang='lat' dir='ltr'>curia</span> <span class='ocrx_word' id='word_1_129' title='bbox 643 2247 887 2338; x_wconf 86' lang='lat' dir='ltr'>existentium,</span> <span class='ocrx_word' id='word_1_130' title='bbox 906 2250 970 2322; x_wconf 88' lang='lat' dir='ltr'>SS.</span> <span class='ocrx_word' id='word_1_131' title='bbox 989 2251 1032 2321; x_wconf 82' lang='lat' dir='ltr'>D.</span> <span class='ocrx_word' id='word_1_132' title='bbox 1051 2251 1092 2322; x_wconf 89' lang='lat' dir='ltr'>N.</span> <span class='ocrx_word' id='word_1_133' title='bbox 1111 2247 1253 2345; x_wconf 81' lang='lat' dir='ltr'>pluviali</span> <span class='ocrx_word' id='word_1_134' title='bbox 1269 2248 1374 2339; x_wconf 89' lang='lat' dir='ltr'>stola,</span> <span class='ocrx_word' id='word_1_135' title='bbox 1392 2250 1552 2348; x_wconf 90' lang='lat' dir='ltr'>cingulo,</span> <span class='ocrx_word' id='word_1_136' title='bbox 1566 2253 1674 2328; x_wconf 83' lang='lat' dir='ltr'>albeat</span> <span class='ocrx_word' id='word_1_137' title='bbox 1738 2247 1739 2310; x_wconf 61' lang='lat' dir='ltr'>l</span> 
     </span>
    </p>
   </div>
   <div class='ocr_carea' id='block_1_5' title="bbox 269 2373 1739 4490">
    <p class='ocr_par' dir='ltr' id='par_1_6' title="bbox 356 2373 1739 3206">
     <span class='ocr_line' id='line_1_16' title="bbox 366 2373 1739 2472; baseline 0.002 -25"><span class='ocrx_word' id='word_1_138' title='bbox 366 2375 500 2450; x_wconf 89' lang='lat' dir='ltr'>amictu</span> <span class='ocrx_word' id='word_1_139' title='bbox 519 2397 561 2448; x_wconf 93' lang='lat' dir='ltr'>ac</span> <span class='ocrx_word' id='word_1_140' title='bbox 584 2373 691 2448; x_wconf 91' lang='lat' dir='ltr'>mitra</span> <span class='ocrx_word' id='word_1_141' title='bbox 716 2397 760 2448; x_wconf 85' lang='lat' dir='ltr'>ex</span> <span class='ocrx_word' id='word_1_142' title='bbox 781 2374 890 2472; x_wconf 87' lang='lat' dir='ltr'>perlis</span> <span class='ocrx_word' id='word_1_143' title='bbox 911 2373 1073 2470; x_wconf 88' lang='lat' dir='ltr'>simplice</span> <span class='ocrx_word' id='word_1_144' title='bbox 1100 2379 1225 2472; x_wconf 88' lang='lat' dir='ltr'>parato</span> <span class='ocrx_word' id='word_1_145' title='bbox 1249 2373 1286 2447; x_wconf 95' lang='lat' dir='ltr'>in</span> <span class='ocrx_word' id='word_1_146' title='bbox 1311 2375 1396 2448; x_wconf 90' lang='lat' dir='ltr'>sede</span> <span class='ocrx_word' id='word_1_147' title='bbox 1424 2399 1490 2450; x_wconf 90' lang='lat' dir='ltr'>sua</span> <span class='ocrx_word' id='word_1_148' title='bbox 1516 2378 1674 2452; x_wconf 83' lang='lat' dir='ltr'>eminente</span> <span class='ocrx_word' id='word_1_149' title='bbox 1738 2375 1739 2438; x_wconf 78' lang='lat' dir='ltr'>l</span> 
     </span>
     <span class='ocr_line' id='line_1_17' title="bbox 356 2499 1739 2597; baseline 0.001 -25"><span class='ocrx_word' id='word_1_150' title='bbox 356 2499 640 2597; x_wconf 66' lang='lat' dir='ltr'>&#39;presidente,=in</span> <span class='ocrx_word' id='word_1_151' title='bbox 656 2521 727 2596; x_wconf 91' lang='lat' dir='ltr'>quo</span> <span class='ocrx_word' id='word_1_152' title='bbox 741 2503 785 2572; x_wconf 85' lang='grc' dir='ltr'>Ι).</span> <span class='ocrx_word' id='word_1_153' title='bbox 804 2499 1016 2574; x_wconf 86' lang='lat' dir='ltr'>Franciscus</span> <span class='ocrx_word' id='word_1_154' title='bbox 1029 2499 1074 2574; x_wconf 93' lang='lat' dir='ltr'>de</span> <span class='ocrx_word' id='word_1_155' title='bbox 1083 2499 1203 2574; x_wconf 85' lang='lat' dir='ltr'>Padus</span> <span class='ocrx_word' id='word_1_156' title='bbox 1213 2499 1406 2574; x_wconf 84' lang='lat' dir='ltr'>advocatus</span> <span class='ocrx_word' id='word_1_157' title='bbox 1420 2502 1673 2582; x_wconf 83' lang='lat' dir='ltr'>consistorialis.</span> <span class='ocrx_word' id='word_1_158' title='bbox 1738 2513 1739 2564; x_wconf 61' lang='lat' dir='ltr'><strong>f</strong></span> 
     </span>
     <span class='ocr_line' id='line_1_18' title="bbox 366 2622 1739 2724; baseline 0.004 -27"><span class='ocrx_word' id='word_1_159' title='bbox 366 2622 522 2700; x_wconf 81' lang='lat' dir='ltr'>breviter</span> <span class='ocrx_word' id='word_1_160' title='bbox 545 2625 631 2700; x_wconf 89' lang='lat' dir='ltr'>satis</span> <span class='ocrx_word' id='word_1_161' title='bbox 652 2625 842 2723; x_wconf 90' lang='lat' dir='ltr'>proposuit</span> <span class='ocrx_word' id='word_1_162' title='bbox 868 2626 976 2700; x_wconf 88' lang='lat' dir='ltr'>vitam</span> <span class='ocrx_word' id='word_1_163' title='bbox 1001 2651 1031 2700; x_wconf 90' lang='lat' dir='ltr'>s.</span> <span class='ocrx_word' id='word_1_164' title='bbox 1057 2624 1248 2722; x_wconf 90' lang='lat' dir='ltr'>Leepoldi,</span> <span class='ocrx_word' id='word_1_165' title='bbox 1275 2631 1312 2700; x_wconf 92' lang='lat' dir='ltr'>et</span> <span class='ocrx_word' id='word_1_166' title='bbox 1336 2627 1415 2724; x_wconf 87' lang='lat' dir='ltr'>ejus</span> <span class='ocrx_word' id='word_1_167' title='bbox 1439 2628 1674 2702; x_wconf 86' lang='lat' dir='ltr'>miraculorum</span> <span class='ocrx_word' id='word_1_168' title='bbox 1738 2649 1739 2688; x_wconf 58' lang='lat' dir='ltr'>t</span> 
     </span>
     <span class='ocr_line' id='line_1_19' title="bbox 366 2751 1739 2850; baseline 0.004 -28"><span class='ocrx_word' id='word_1_169' title='bbox 366 2751 544 2848; x_wconf 90' lang='lat' dir='ltr'>majorem</span> <span class='ocrx_word' id='word_1_170' title='bbox 569 2757 710 2850; x_wconf 90' lang='lat' dir='ltr'>partem</span> <span class='ocrx_word' id='word_1_171' title='bbox 743 2751 923 2842; x_wconf 87' lang='lat' dir='ltr'>recitarit,</span> <span class='ocrx_word' id='word_1_172' title='bbox 956 2761 1082 2850; x_wconf 90' lang='lat' dir='ltr'>petens</span> <span class='ocrx_word' id='word_1_173' title='bbox 1114 2751 1232 2849; x_wconf 91' lang='lat' dir='ltr'>ipsum</span> <span class='ocrx_word' id='word_1_174' title='bbox 1264 2751 1454 2850; x_wconf 80' lang='lat' dir='ltr'>cathalogo</span> <span class='ocrx_word' id='word_1_175' title='bbox 1488 2762 1674 2830; x_wconf 90' lang='lat' dir='ltr'>sauctorum</span> <span class='ocrx_word' id='word_1_176' title='bbox 1738 2751 1739 2812; x_wconf 70' lang='grc' dir='ltr'>ἕ</span> 
     </span>
     <span class='ocr_line' id='line_1_20' title="bbox 366 2873 1739 2978; baseline 0.004 -29"><span class='ocrx_word' id='word_1_177' title='bbox 366 2873 533 2950; x_wconf 92' lang='lat' dir='ltr'>adscribi.</span> <span class='ocrx_word' id='word_1_178' title='bbox 553 2877 661 2978; x_wconf 84' lang='lat' dir='ltr'>Cujus</span> <span class='ocrx_word' id='word_1_179' title='bbox 676 2878 921 2977; x_wconf 89' lang='lat' dir='ltr'>propositione</span> <span class='ocrx_word' id='word_1_180' title='bbox 938 2879 1071 2966; x_wconf 86' lang='lat' dir='ltr'>audita,</span> <span class='ocrx_word' id='word_1_181' title='bbox 1090 2881 1153 2953; x_wconf 89' lang='lat' dir='ltr'>SS.</span> <span class='ocrx_word' id='word_1_182' title='bbox 1173 2881 1266 2953; x_wconf 86' lang='lat' dir='ltr'><strong>D.N.</strong></span> <span class='ocrx_word' id='word_1_183' title='bbox 1285 2902 1305 2952; x_wconf 89' lang='lat' dir='ltr'>a</span> <span class='ocrx_word' id='word_1_184' title='bbox 1321 2879 1562 2955; x_wconf 87' lang='lat' dir='ltr'>cardinalibus</span> <span class='ocrx_word' id='word_1_185' title='bbox 1576 2881 1675 2978; x_wconf 86' lang='lat' dir='ltr'>primo</span> <span class='ocrx_word' id='word_1_186' title='bbox 1738 2897 1739 2942; x_wconf 54' lang='grc' dir='ltr'>ἒ</span> 
     </span>
     <span class='ocr_line' id='line_1_21' title="bbox 364 3003 1739 3104; baseline 0.004 -29"><span class='ocrx_word' id='word_1_187' title='bbox 364 3009 446 3077; x_wconf 81' lang='lat' dir='ltr'>vota</span> <span class='ocrx_word' id='word_1_188' title='bbox 459 3009 707 3101; x_wconf 82' lang='lat' dir='ltr'>perscrutatus</span> <span class='ocrx_word' id='word_1_189' title='bbox 723 3010 794 3080; x_wconf 92' lang='lat' dir='ltr'>est.</span> <span class='ocrx_word' id='word_1_190' title='bbox 817 3003 956 3078; x_wconf 88' lang='lat' dir='ltr'>Deinde</span> <span class='ocrx_word' id='word_1_191' title='bbox 976 3009 1011 3080; x_wconf 93' lang='lat' dir='ltr'>et</span> <span class='ocrx_word' id='word_1_192' title='bbox 1029 3003 1160 3101; x_wconf 90' lang='lat' dir='ltr'>singuli</span> <span class='ocrx_word' id='word_1_193' title='bbox 1182 3003 1310 3102; x_wconf 90' lang='lat' dir='ltr'>prelati</span> <span class='ocrx_word' id='word_1_194' title='bbox 1325 3004 1410 3104; x_wconf 90' lang='lat' dir='ltr'>quid</span> <span class='ocrx_word' id='word_1_195' title='bbox 1425 3005 1494 3079; x_wconf 90' lang='lat' dir='ltr'>sibi</span> <span class='ocrx_word' id='word_1_196' title='bbox 1510 3007 1618 3082; x_wconf 88' lang='lat' dir='ltr'>risum</span> <span class='ocrx_word' id='word_1_197' title='bbox 1632 3015 1674 3082; x_wconf 85' lang='lat' dir='ltr'>est</span> <span class='ocrx_word' id='word_1_198' title='bbox 1738 3063 1739 3066; x_wconf 63' lang='lat'>,</span> 
     </span>
     <span class='ocr_line' id='line_1_22' title="bbox 364 3127 502 3206; baseline 0.036 -5"><span class='ocrx_word' id='word_1_199' title='bbox 364 3127 502 3206; x_wconf 75' lang='lat' dir='ltr'>dixere.</span> 
     </span>
    </p>

    <p class='ocr_par' dir='ltr' id='par_1_7' title="bbox 411 3253 1406 3355">
     <span class='ocr_line' id='line_1_23' title="bbox 411 3253 1406 3355; baseline 0 -25"><span class='ocrx_word' id='word_1_200' title='bbox 411 3257 519 3330; x_wconf 87' lang='lat' dir='ltr'>Erant</span> <span class='ocrx_word' id='word_1_201' title='bbox 535 3262 656 3331; x_wconf 91' lang='lat' dir='ltr'>autem</span> <span class='ocrx_word' id='word_1_202' title='bbox 672 3255 875 3332; x_wconf 90' lang='lat' dir='ltr'>consistorii</span> <span class='ocrx_word' id='word_1_203' title='bbox 889 3253 1041 3355; x_wconf 86' lang='lat' dir='ltr'>predicti</span> <span class='ocrx_word' id='word_1_204' title='bbox 1055 3253 1136 3331; x_wconf 90' lang='lat' dir='ltr'>loca</span> <span class='ocrx_word' id='word_1_205' title='bbox 1152 3255 1203 3330; x_wconf 91' lang='lat' dir='ltr'>sic</span> <span class='ocrx_word' id='word_1_206' title='bbox 1217 3253 1381 3330; x_wconf 89' lang='lat' dir='ltr'>ordinata</span> <span class='ocrx_word' id='word_1_207' title='bbox 1398 3277 1406 3330; x_wconf 74' lang='grc' dir='ltr'><strong>ι</strong></span> 
     </span>
    </p>

    <p class='ocr_par' dir='ltr' id='par_1_8' title="bbox 269 3375 1739 4490">
     <span class='ocr_line' id='line_1_24' title="bbox 411 3375 1735 3480; baseline 0.002 -26"><span class='ocrx_word' id='word_1_208' title='bbox 411 3375 1672 3480; x_wconf 87' lang='lat' dir='ltr'>lncapiteauleaddextramintrantisinmedioparietisdictamaulam</span> <span class='ocrx_word' id='word_1_209' title='bbox 1729 3434 1735 3473; x_wconf 86' lang='lat'>,</span> 
     </span>
     <span class='ocr_line' id='line_1_25' title="bbox 361 3478 1736 3617; baseline 0 -38"><span class='ocrx_word' id='word_1_210' title='bbox 361 3507 565 3580; x_wconf 88' lang='lat' dir='ltr'>asecunda</span> <span class='ocrx_word' id='word_1_211' title='bbox 592 3508 675 3582; x_wconf 90' lang='lat' dir='ltr'>aula</span> <span class='ocrx_word' id='word_1_212' title='bbox 697 3508 898 3596; x_wconf 86' lang='lat' dir='ltr'>dividentis,</span> <span class='ocrx_word' id='word_1_213' title='bbox 927 3508 1045 3606; x_wconf 90' lang='lat' dir='ltr'>posita</span> <span class='ocrx_word' id='word_1_214' title='bbox 1071 3515 1147 3582; x_wconf 91' lang='lat' dir='ltr'>erat</span> <span class='ocrx_word' id='word_1_215' title='bbox 1172 3509 1277 3582; x_wconf 89' lang='lat' dir='ltr'>sedes</span> <span class='ocrx_word' id='word_1_216' title='bbox 1306 3508 1501 3606; x_wconf 89' lang='lat' dir='ltr'>pontificis,</span> <span class='ocrx_word' id='word_1_217' title='bbox 1526 3515 1562 3582; x_wconf 88' lang='lat' dir='ltr'>et</span> <span class='ocrx_word' id='word_1_218' title='bbox 1582 3509 1615 3582; x_wconf 94' lang='lat' dir='ltr'>iu</span> <span class='ocrx_word' id='word_1_219' title='bbox 1638 3530 1671 3580; x_wconf 87' lang='lat' dir='ltr'>ea</span> <span class='ocrx_word' id='word_1_220' title='bbox 1729 3478 1736 3617; x_wconf 76' lang='grc' dir='ltr'>Ι</span> 
     </span>
     <span class='ocr_line' id='line_1_26' title="bbox 360 3622 1737 3788; baseline -0.001 -84"><span class='ocrx_word' id='word_1_221' title='bbox 360 3631 521 3728; x_wconf 83' lang='lat' dir='ltr'>pontilex</span> <span class='ocrx_word' id='word_1_222' title='bbox 537 3632 699 3724; x_wconf 86' lang='lat' dir='ltr'>sedebat,</span> <span class='ocrx_word' id='word_1_223' title='bbox 717 3639 849 3707; x_wconf 86' lang='lat' dir='ltr'>etanta</span> <span class='ocrx_word' id='word_1_224' title='bbox 865 3657 946 3708; x_wconf 84' lang='lat' dir='ltr'>earn</span> <span class='ocrx_word' id='word_1_225' title='bbox 961 3636 997 3708; x_wconf 95' lang='lat' dir='ltr'>in</span> <span class='ocrx_word' id='word_1_226' title='bbox 1012 3636 1159 3718; x_wconf 91' lang='lat' dir='ltr'>modum</span> <span class='ocrx_word' id='word_1_227' title='bbox 1173 3626 1298 3708; x_wconf 89' lang='lat' dir='ltr'>circuli</span> <span class='ocrx_word' id='word_1_228' title='bbox 1311 3657 1422 3732; x_wconf 89' lang='lat' dir='ltr'>super</span> <span class='ocrx_word' id='word_1_229' title='bbox 1436 3633 1599 3709; x_wconf 90' lang='lat' dir='ltr'>scabellis</span> <span class='ocrx_word' id='word_1_230' title='bbox 1612 3632 1672 3705; x_wconf 87' lang='lat' dir='ltr'>suis</span> <span class='ocrx_word' id='word_1_231' title='bbox 1730 3622 1737 3788; x_wconf 52' lang='lat' dir='ltr'>p</span> 
     </span>
     <span class='ocr_line' id='line_1_27' title="bbox 361 3757 1739 3840; baseline -0.005 -6"><span class='ocrx_word' id='word_1_232' title='bbox 361 3759 486 3834; x_wconf 82' lang='lat' dir='ltr'>thmi.</span> <span class='ocrx_word' id='word_1_233' title='bbox 505 3765 580 3838; x_wconf 72' lang='grc' dir='ltr'><strong>ΠΙ).</strong></span> <span class='ocrx_word' id='word_1_234' title='bbox 597 3763 798 3838; x_wconf 90' lang='lat' dir='ltr'>cardinales</span> <span class='ocrx_word' id='word_1_235' title='bbox 814 3763 938 3836; x_wconf 90' lang='lat' dir='ltr'>ordine</span> <span class='ocrx_word' id='word_1_236' title='bbox 959 3767 1146 3836; x_wconf 89' lang='lat' dir='ltr'>consueto.</span> <span class='ocrx_word' id='word_1_237' title='bbox 1172 3763 1255 3834; x_wconf 91' lang='lat' dir='ltr'>Post</span> <span class='ocrx_word' id='word_1_238' title='bbox 1275 3759 1476 3836; x_wconf 89' lang='lat' dir='ltr'>cardinales</span> <span class='ocrx_word' id='word_1_239' title='bbox 1492 3785 1514 3836; x_wconf 90' lang='lat' dir='ltr'>a</span> <span class='ocrx_word' id='word_1_240' title='bbox 1528 3781 1623 3834; x_wconf 91' lang='lat' dir='ltr'>muro</span> <span class='ocrx_word' id='word_1_241' title='bbox 1636 3757 1688 3830; x_wconf 87' lang='lat' dir='ltr'>ad.</span> <span class='ocrx_word' id='word_1_242' title='bbox 1736 3757 1739 3840; x_wconf 82' lang='lat' dir='ltr'>l</span> 
     </span>
     <span class='ocr_line' id='line_1_28' title="bbox 362 3881 1739 3994; baseline -0.002 -35"><span class='ocrx_word' id='word_1_243' title='bbox 362 3886 541 3962; x_wconf 89' lang='lat' dir='ltr'>sinistram</span> <span class='ocrx_word' id='word_1_244' title='bbox 557 3889 722 3962; x_wconf 90' lang='lat' dir='ltr'>intrantis</span> <span class='ocrx_word' id='word_1_245' title='bbox 737 3888 883 3994; x_wconf 87' lang='lat' dir='ltr'>dictam,</span> <span class='ocrx_word' id='word_1_246' title='bbox 901 3909 1023 3960; x_wconf 76' lang='lat' dir='ltr'>versus</span> <span class='ocrx_word' id='word_1_247' title='bbox 1038 3884 1247 3984; x_wconf 87' lang='lat' dir='ltr'>pontificem</span> <span class='ocrx_word' id='word_1_248' title='bbox 1262 3885 1299 3958; x_wconf 91' lang='lat' dir='ltr'>ia</span> <span class='ocrx_word' id='word_1_249' title='bbox 1315 3891 1559 3960; x_wconf 82' lang='lat' dir='ltr'>transuersum</span> <span class='ocrx_word' id='word_1_250' title='bbox 1573 3881 1671 3983; x_wconf 88' lang='lat' dir='ltr'>posita</span> <span class='ocrx_word' id='word_1_251' title='bbox 1738 3915 1739 3956; x_wconf 76' lang='grc' dir='ltr'><strong>ι</strong></span> 
     </span>
     <span class='ocr_line' id='line_1_29' title="bbox 360 4008 1668 4110; baseline -0.006 -21"><span class='ocrx_word' id='word_1_252' title='bbox 360 4021 463 4089; x_wconf 91' lang='lat' dir='ltr'>erant</span> <span class='ocrx_word' id='word_1_253' title='bbox 480 4037 627 4089; x_wconf 91' lang='lat' dir='ltr'>scamna</span> <span class='ocrx_word' id='word_1_254' title='bbox 645 4014 715 4088; x_wconf 86' lang='lat' dir='ltr'>illis</span> <span class='ocrx_word' id='word_1_255' title='bbox 739 4013 880 4102; x_wconf 90' lang='lat' dir='ltr'>similia,</span> <span class='ocrx_word' id='word_1_256' title='bbox 902 4012 1032 4109; x_wconf 90' lang='lat' dir='ltr'>quibus</span> <span class='ocrx_word' id='word_1_257' title='bbox 1053 4013 1090 4085; x_wconf 95' lang='lat' dir='ltr'>in</span> <span class='ocrx_word' id='word_1_258' title='bbox 1114 4009 1278 4110; x_wconf 90' lang='lat' dir='ltr'>cappella</span> <span class='ocrx_word' id='word_1_259' title='bbox 1292 4011 1427 4084; x_wconf 91' lang='lat' dir='ltr'>utimur</span> <span class='ocrx_word' id='word_1_260' title='bbox 1446 4035 1511 4109; x_wconf 86' lang='lat' dir='ltr'>pro</span> <span class='ocrx_word' id='word_1_261' title='bbox 1527 4008 1668 4110; x_wconf 83' lang='lat' dir='ltr'>prelatis,</span> 
     </span>
     <span class='ocr_line' id='line_1_30' title="bbox 360 4137 1670 4236; baseline -0.006 -24"><span class='ocrx_word' id='word_1_262' title='bbox 360 4139 505 4214; x_wconf 89' lang='lat' dir='ltr'>circiter</span> <span class='ocrx_word' id='word_1_263' title='bbox 518 4164 582 4214; x_wconf 82' lang='lat' dir='ltr'>run</span> <span class='ocrx_word' id='word_1_264' title='bbox 593 4140 771 4214; x_wconf 91' lang='lat' dir='ltr'>linearum</span> <span class='ocrx_word' id='word_1_265' title='bbox 791 4139 839 4213; x_wconf 92' lang='lat' dir='ltr'>ita</span> <span class='ocrx_word' id='word_1_266' title='bbox 859 4139 1022 4213; x_wconf 91' lang='lat' dir='ltr'>ordinata</span> <span class='ocrx_word' id='word_1_267' title='bbox 1036 4137 1132 4236; x_wconf 93' lang='lat' dir='ltr'>quod</span> <span class='ocrx_word' id='word_1_268' title='bbox 1151 4137 1246 4213; x_wconf 92' lang='lat' dir='ltr'>inter</span> <span class='ocrx_word' id='word_1_269' title='bbox 1258 4137 1416 4236; x_wconf 90' lang='lat' dir='ltr'>primum</span> <span class='ocrx_word' id='word_1_270' title='bbox 1432 4161 1627 4225; x_wconf 82' lang='lat' dir='ltr'>scamnum,</span> <span class='ocrx_word' id='word_1_271' title='bbox 1641 4137 1670 4207; x_wconf 89' lang='lat' dir='ltr'>ct</span> 
     </span>
     <span class='ocr_line' id='line_1_31' title="bbox 358 4260 1668 4364; baseline -0.006 -25"><span class='ocrx_word' id='word_1_272' title='bbox 358 4260 503 4340; x_wconf 90' lang='lat' dir='ltr'>ultimos</span> <span class='ocrx_word' id='word_1_273' title='bbox 519 4264 718 4340; x_wconf 89' lang='lat' dir='ltr'>cardinales</span> <span class='ocrx_word' id='word_1_274' title='bbox 735 4271 831 4340; x_wconf 89' lang='lat' dir='ltr'>esset</span> <span class='ocrx_word' id='word_1_275' title='bbox 849 4266 1004 4364; x_wconf 88' lang='lat' dir='ltr'>spatium</span> <span class='ocrx_word' id='word_1_276' title='bbox 1025 4263 1169 4338; x_wconf 88' lang='lat' dir='ltr'>circiter</span> <span class='ocrx_word' id='word_1_277' title='bbox 1188 4288 1230 4337; x_wconf 88' lang='lat' dir='ltr'>ur</span> <span class='ocrx_word' id='word_1_278' title='bbox 1250 4283 1461 4354; x_wconf 91' lang='lat' dir='ltr'>cannarum,</span> <span class='ocrx_word' id='word_1_279' title='bbox 1485 4271 1522 4338; x_wconf 87' lang='lat' dir='ltr'>et</span> <span class='ocrx_word' id='word_1_280' title='bbox 1541 4279 1668 4339; x_wconf 89' lang='lat' dir='ltr'>scamna</span> 
     </span>
     <span class='ocr_line' id='line_1_32' title="bbox 269 4389 1665 4490; baseline -0.006 -24"><span class='ocrx_word' id='word_1_281' title='bbox 269 4473 272 4480; x_wconf 43' lang='lat'>,</span> <span class='ocrx_word' id='word_1_282' title='bbox 356 4389 393 4466; x_wconf 89' lang='lat' dir='ltr'>in</span> <span class='ocrx_word' id='word_1_283' title='bbox 409 4393 526 4490; x_wconf 89' lang='lat' dir='ltr'>capite</span> <span class='ocrx_word' id='word_1_284' title='bbox 539 4413 681 4468; x_wconf 91' lang='lat' dir='ltr'>murum</span> <span class='ocrx_word' id='word_1_285' title='bbox 693 4392 887 4490; x_wconf 83' lang='lat' dir='ltr'>tangebant</span> <span class='ocrx_word' id='word_1_286' title='bbox 904 4391 985 4466; x_wconf 88' lang='lat' dir='ltr'>ostii</span> <span class='ocrx_word' id='word_1_287' title='bbox 1002 4391 1219 4489; x_wconf 85' lang='lat' dir='ltr'>oppositum,</span> <span class='ocrx_word' id='word_1_288' title='bbox 1237 4408 1278 4464; x_wconf 89' lang='lat' dir='ltr'>ac</span> <span class='ocrx_word' id='word_1_289' title='bbox 1292 4391 1438 4465; x_wconf 87' lang='lat' dir='ltr'>interea</span> <span class='ocrx_word' id='word_1_290' title='bbox 1451 4389 1488 4464; x_wconf 90' lang='lat' dir='ltr'>et</span> <span class='ocrx_word' id='word_1_291' title='bbox 1501 4391 1665 4464; x_wconf 85' lang='lat' dir='ltr'>ostiumao</span> 
     </span>
    </p>
   </div>
   <div class='ocr_carea' id='block_1_6' title="bbox 357 4512 1666 4616">
    <p class='ocr_par' dir='ltr' id='par_1_9' title="bbox 357 4512 1666 4616">
     <span class='ocr_line' id='line_1_33' title="bbox 357 4512 1666 4616; baseline -0.006 -24"><span class='ocrx_word' id='word_1_292' title='bbox 357 4537 500 4593; x_wconf 86' lang='lat' dir='ltr'>murum</span> <span class='ocrx_word' id='word_1_293' title='bbox 514 4512 595 4594; x_wconf 88' lang='lat' dir='ltr'>ostii</span> <span class='ocrx_word' id='word_1_294' title='bbox 612 4519 764 4616; x_wconf 88' lang='lat' dir='ltr'>spatium</span> <span class='ocrx_word' id='word_1_295' title='bbox 780 4523 856 4593; x_wconf 88' lang='lat' dir='ltr'>erat</span> <span class='ocrx_word' id='word_1_296' title='bbox 872 4517 1017 4592; x_wconf 85' lang='lat' dir='ltr'>circiter</span> <span class='ocrx_word' id='word_1_297' title='bbox 1029 4517 1133 4592; x_wconf 86' lang='lat' dir='ltr'>unius</span> <span class='ocrx_word' id='word_1_298' title='bbox 1147 4535 1261 4590; x_wconf 75' lang='lat' dir='ltr'>carine</span> <span class='ocrx_word' id='word_1_299' title='bbox 1273 4531 1340 4614; x_wconf 78' lang='lat' dir='ltr'>pto</span> <span class='ocrx_word' id='word_1_300' title='bbox 1350 4539 1458 4614; x_wconf 90' lang='lat' dir='ltr'>passu</span> <span class='ocrx_word' id='word_1_301' title='bbox 1474 4515 1666 4592; x_wconf 88' lang='lat' dir='ltr'>intrantium</span> 
     </span>
    </p>
   </div>
   <div class='ocr_carea' id='block_1_7' title="bbox 180 4633 1664 4755">
    <p class='ocr_par' dir='ltr' id='par_1_10' title="bbox 180 4633 1664 4755">
     <span class='ocr_line' id='line_1_34' title="bbox 180 4633 1664 4755; baseline -0.009 -36"><span class='ocrx_word' id='word_1_302' title='bbox 180 4723 184 4730; x_wconf 72' lang='grc'><strong>,</strong></span> <span class='ocrx_word' id='word_1_303' title='bbox 290 4744 294 4755; x_wconf 21' lang='lat'>²</span> <span class='ocrx_word' id='word_1_304' title='bbox 359 4652 394 4717; x_wconf 91' lang='lat' dir='ltr'>et</span> <span class='ocrx_word' id='word_1_305' title='bbox 423 4639 631 4720; x_wconf 77' lang='lat' dir='ltr'>exeuntium</span> <span class='ocrx_word' id='word_1_306' title='bbox 660 4643 754 4717; x_wconf 90' lang='lat' dir='ltr'>inter</span> <span class='ocrx_word' id='word_1_307' title='bbox 775 4643 873 4741; x_wconf 90' lang='lat' dir='ltr'>ipsa;</span> <span class='ocrx_word' id='word_1_308' title='bbox 901 4651 937 4718; x_wconf 91' lang='lat' dir='ltr'>et</span> <span class='ocrx_word' id='word_1_309' title='bbox 961 4642 1179 4718; x_wconf 85' lang='lat' dir='ltr'>conveniens</span> <span class='ocrx_word' id='word_1_310' title='bbox 1204 4642 1360 4740; x_wconf 89' lang='lat' dir='ltr'>spatium</span> <span class='ocrx_word' id='word_1_311' title='bbox 1390 4649 1465 4715; x_wconf 83' lang='lat' dir='ltr'>erat</span> <span class='ocrx_word' id='word_1_312' title='bbox 1494 4648 1534 4716; x_wconf 89' lang='lat' dir='ltr'>ut</span> <span class='ocrx_word' id='word_1_313' title='bbox 1556 4633 1664 4738; x_wconf 90' lang='lat' dir='ltr'>prelati</span> 
     </span>
    </p>
   </div>
   <div class='ocr_carea' id='block_1_8' title="bbox 352 4765 1664 5237">
    <p class='ocr_par' dir='ltr' id='par_1_11' title="bbox 352 4765 1664 5237">
     <span class='ocr_line' id='line_1_35' title="bbox 357 4765 1664 4871; baseline -0.005 -29"><span class='ocrx_word' id='word_1_314' title='bbox 357 4771 546 4846; x_wconf 87' lang='lat' dir='ltr'>commode</span> <span class='ocrx_word' id='word_1_315' title='bbox 557 4776 705 4871; x_wconf 90' lang='lat' dir='ltr'>possent</span> <span class='ocrx_word' id='word_1_316' title='bbox 719 4769 915 4844; x_wconf 88' lang='lat' dir='ltr'>ascendere</span> <span class='ocrx_word' id='word_1_317' title='bbox 929 4765 983 4844; x_wconf 86' lang='lat' dir='ltr'>vel</span> <span class='ocrx_word' id='word_1_318' title='bbox 994 4766 1230 4844; x_wconf 85' lang='lat' dir='ltr'>descendere.</span> <span class='ocrx_word' id='word_1_319' title='bbox 1247 4767 1356 4840; x_wconf 88' lang='lat' dir='ltr'>Primi</span> <span class='ocrx_word' id='word_1_320' title='bbox 1369 4767 1498 4866; x_wconf 89' lang='lat' dir='ltr'>prelati</span> <span class='ocrx_word' id='word_1_321' title='bbox 1509 4765 1664 4842; x_wconf 85' lang='lat' dir='ltr'>sedebant</span> 
     </span>
     <span class='ocr_line' id='line_1_36' title="bbox 352 4889 1664 4994; baseline -0.006 -29"><span class='ocrx_word' id='word_1_322' title='bbox 352 4889 387 4966; x_wconf 89' lang='lat' dir='ltr'>in</span> <span class='ocrx_word' id='word_1_323' title='bbox 412 4913 559 4969; x_wconf 90' lang='lat' dir='ltr'>scamno</span> <span class='ocrx_word' id='word_1_324' title='bbox 581 4891 823 4970; x_wconf 87' lang='lat' dir='ltr'>cardinalibus</span> <span class='ocrx_word' id='word_1_325' title='bbox 846 4902 882 4969; x_wconf 92' lang='lat' dir='ltr'>et</span> <span class='ocrx_word' id='word_1_326' title='bbox 903 4893 1065 4994; x_wconf 90' lang='lat' dir='ltr'>pontillci</span> <span class='ocrx_word' id='word_1_327' title='bbox 1094 4894 1326 4994; x_wconf 82' lang='lat' dir='ltr'>proximiore.</span> <span class='ocrx_word' id='word_1_328' title='bbox 1359 4893 1498 4968; x_wconf 89' lang='lat' dir='ltr'>Deinde</span> <span class='ocrx_word' id='word_1_329' title='bbox 1529 4891 1586 4966; x_wconf 92' lang='lat' dir='ltr'>alii</span> <span class='ocrx_word' id='word_1_330' title='bbox 1614 4901 1664 4962; x_wconf 80' lang='lat' dir='ltr'>suro¹</span> 
     </span>
     <span class='ocr_line' id='line_1_37' title="bbox 353 5005 1663 5120; baseline -0.005 -31"><span class='ocrx_word' id='word_1_331' title='bbox 353 5018 493 5109; x_wconf 90' lang='lat' dir='ltr'>ordine,</span> <span class='ocrx_word' id='word_1_332' title='bbox 517 5027 552 5094; x_wconf 93' lang='lat' dir='ltr'>et</span> <span class='ocrx_word' id='word_1_333' title='bbox 572 5045 697 5096; x_wconf 91' lang='lat' dir='ltr'>omnes</span> <span class='ocrx_word' id='word_1_334' title='bbox 720 5027 823 5096; x_wconf 90' lang='lat' dir='ltr'>erant</span> <span class='ocrx_word' id='word_1_335' title='bbox 847 5021 884 5094; x_wconf 91' lang='lat' dir='ltr'>in</span> <span class='ocrx_word' id='word_1_336' title='bbox 903 5021 1026 5120; x_wconf 90' lang='lat' dir='ltr'>cappis</span> <span class='ocrx_word' id='word_1_337' title='bbox 1051 5021 1163 5095; x_wconf 86' lang='lat' dir='ltr'>solitis</span> <span class='ocrx_word' id='word_1_338' title='bbox 1188 5019 1318 5117; x_wconf 87' lang='lat' dir='ltr'>quibus</span> <span class='ocrx_word' id='word_1_339' title='bbox 1339 5018 1375 5092; x_wconf 91' lang='lat' dir='ltr'>in</span> <span class='ocrx_word' id='word_1_340' title='bbox 1395 5011 1535 5115; x_wconf 83' lang='lat' dir='ltr'>capella</span> <span class='ocrx_word' id='word_1_341' title='bbox 1552 5005 1663 5116; x_wconf 83' lang='lat' dir='ltr'>prelati</span> 
     </span>
     <span class='ocr_line' id='line_1_38' title="bbox 353 5144 1660 5237; baseline -0.002 -22"><span class='ocrx_word' id='word_1_342' title='bbox 353 5145 512 5218; x_wconf 87' lang='lat' dir='ltr'>utuntur.</span> <span class='ocrx_word' id='word_1_343' title='bbox 532 5145 696 5221; x_wconf 88' lang='lat' dir='ltr'>Collectis</span> <span class='ocrx_word' id='word_1_344' title='bbox 715 5144 875 5220; x_wconf 89' lang='lat' dir='ltr'>omnium</span> <span class='ocrx_word' id='word_1_345' title='bbox 896 5147 1002 5237; x_wconf 91' lang='lat' dir='ltr'>votis,</span> <span class='ocrx_word' id='word_1_346' title='bbox 1024 5149 1087 5222; x_wconf 88' lang='lat' dir='ltr'>SS.</span> <span class='ocrx_word' id='word_1_347' title='bbox 1111 5151 1153 5221; x_wconf 88' lang='lat' dir='ltr'>D.</span> <span class='ocrx_word' id='word_1_348' title='bbox 1173 5149 1214 5221; x_wconf 86' lang='lat' dir='ltr'>N.</span> <span class='ocrx_word' id='word_1_349' title='bbox 1243 5147 1451 5222; x_wconf 82' lang='lat' dir='ltr'>exhortatus</span> <span class='ocrx_word' id='word_1_350' title='bbox 1475 5153 1530 5222; x_wconf 90' lang='lat' dir='ltr'>est</span> <span class='ocrx_word' id='word_1_351' title='bbox 1550 5159 1660 5219; x_wconf 85' lang='lat' dir='ltr'>omncs</span> 
     </span>
    </p>
   </div>
   <div class='ocr_carea' id='block_1_9' title="bbox 0 0 1752 6056">
    <p class='ocr_par' dir='ltr' id='par_1_12' title="bbox 0 0 1752 6056">
     <span class='ocr_line' id='line_1_39' title="bbox 0 0 1752 6056; baseline 0 0"><span class='ocrx_word' id='word_1_352' title='bbox 0 0 1752 6056; x_wconf 95' lang='lat' dir='ltr'> </span> 
     </span>
    </p>
   </div>
  </div>
 </body>
</html>
