3436 6038
329 457 383 511 206
429 457 434 468 ·
780 455 955 514 JOHANNIS
980 457 1202 531 BURCHARDI,
1481 466 1577 530 [tortior
1594 472 1650 531 nas

324 614 586 693 illustrissimus
601 617 644 688 D·
664 615 712 684 Fu
725 627 747 678 ἢ
761 623 939 697 dinandus
957 645 1022 695 rex
1043 618 1213 716 Hispania
1229 627 1355 694 contra
1369 644 1493 719 regern
1514 625 1652 698 Granate

325 745 525 821 infidelem.
546 751 629 822 Post
640 749 843 824 orationem
855 749 998 823 solitam
1014 747 1101 820 dixit
1112 746 1315 822 orationem
1327 773 1392 846 pro
1404 771 1493 846 rege
1506 749 1572 823 sub
1589 777 1649 826 uno

321 897 385 970 pter
399 874 605 967 Dentinum,
623 877 859 973 quodpostea
871 875 960 949 mihi
972 873 1092 948 minus
1103 870 1296 948 convenire
1309 869 1424 946 risum
1435 879 1504 947 est.
1520 875 1649 948 Potuis-

328 999 503 1088 setenim,
518 1005 553 1074 et
568 999 709 1092 melius,
721 1002 881 1098 qualibet
903 1001 1018 1075 oratio
1036 1001 1103 1074 snb
1119 1022 1185 1072 suo
1198 1021 1264 1095 par
1278 995 1486 1089 Dominum,
1500 997 1578 1072 sine
1595 1023 1649 1073 sna

328 1122 561 1232 conclusione
577 1127 775 1200 terminari.
790 1115 1158 1201 I'nterlueruntmisse
1172 1124 1297 1197 anmi.
1315 1127 1388 1196 DD.
1404 1122 1646 1198 vicecancella-

329 1249 400 1322 rius
417 1273 499 1322 cum
511 1275 558 1323 xrr
574 1251 652 1324 aliis
667 1251 922 1343 cardinalibus,
942 1257 977 1326 et
993 1251 1030 1324 in
1042 1273 1125 1325 sero
1139 1250 1256 1323 lactus
1276 1249 1342 1322 luit
1356 1251 1450 1348 ignis
1469 1253 1649 1352 antepale.

329 1373 376 1446 tia
396 1378 491 1472 Pape
505 1383 540 1450 et
558 1377 793 1451 cardinalium
805 1393 845 1452 ac
861 1377 1023 1475 pluribus
1045 1376 1122 1452 aliis
1141 1374 1232 1450 locis
1249 1375 1354 1450 Urbis
1369 1376 1403 1450 in
1422 1377 1645 1476 triumphum.

377 1499 480 1576 Faria
492 1502 610 1592 tertia,
624 1507 668 1577 25
677 1503 771 1600 julii,
784 1503 916 1577 testum
931 1525 960 1576 s.
972 1502 1096 1577 Jacohi
1109 1501 1275 1601 apostoli,
1290 1507 1331 1576 R.
1347 1507 1386 1576 P.
1406 1507 1450 1578 D.
1466 1504 1646 1602 episcopus

330 1626 542 1702 Ussellensis
558 1633 671 1703 Rome
693 1629 728 1700 in
747 1629 902 1703 ecclesia
919 1653 948 1702 s.
967 1628 1279 1725 lacobipredicta,
1299 1629 1493 1704 celebravit
1509 1630 1645 1704 missam

328 1753 527 1827 solemnem
551 1755 607 1828 cui
625 1753 862 1829 interfuerunt
878 1753 1002 1828 unni.
1022 1758 1097 1828 DD.
1115 1754 1432 1829 vicecancellarius
1452 1755 1646 1853 Neapolita-

328 1902 407 1969 nus,
425 1878 707 1976 andegavensis,
724 1881 924 1979 Agriensis,
938 1881 984 1956 de
1000 1881 1211 1971 Comitibus,
1231 1881 1450 1971 Parmensis,
1470 1881 1645 1967 Senensis,

329 2005 554 2079 Camerarius
570 2013 606 2080 et
621 2006 665 2080 de
682 2005 832 2082 Sabellis
848 2007 893 2081 de
908 2007 1055 2082 licentia
1067 2007 1265 2106 primorum
1282 2005 1389 2080 trium
1405 2005 1644 2080 cardinalium.

330 2133 412 2204 Post
428 2131 626 2207 orationem
643 2131 712 2207 diei
728 2133 822 2207 dicta
837 2131 902 2205 luit
916 2133 1031 2208 oratio
1044 2156 1109 2232 pro
1126 2155 1211 2235 rege
1229 2131 1296 2206 sub
1316 2155 1389 2206 une
1406 2131 1644 2218 conclusione,

327 2256 423 2352 quod
443 2264 563 2332 tamen
583 2258 815 2356 postmodnm
834 2258 950 2332 visum
971 2265 1026 2333 est
1043 2259 1161 2332 minus
1182 2257 1389 2347 convenire,
1406 2257 1492 2332 licet
1511 2256 1645 2330 indicta

328 2381 483 2455 ecclesia
493 2389 706 2458 consuetum
718 2384 764 2457 sit
775 2384 942 2460 omnibus
953 2383 1080 2458 diebus
1091 2383 1127 2456 in
1140 2383 1249 2457 missa
1262 2383 1446 2480 propriam
1457 2382 1646 2456 orationem

329 2529 393 2602 pro
409 2531 495 2604 rege
510 2509 740 2606 interponere
755 2509 843 2582 :alia
860 2509 1093 2584 omniamore
1106 2508 1211 2583 solito
1228 2515 1311 2582 sunt
1327 2507 1530 2582 observata.
1548 2511 1649 2580 luter·

330 2625 379 2698 lui
395 2632 431 2700 et
446 2627 641 2702 ministravi
658 2630 693 2702 in
709 2631 778 2705 hac
795 2631 906 2708 missa
927 2659 948 2708 a
969 2634 1156 2732 capellano
1173 2635 1267 2708 dicte
1284 2633 1439 2709 ecclesie
1456 2631 1648 2730 specialiter
1706 2641 1707 2698 t

331 2773 369 2824 ro
397 2757 488 2826 atus.

373 2775 482 2956 irena
498 2883 633 2979 quinta,
658 2889 701 2956 27
724 2883 817 2982 julii,
846 2889 958 2960 Rome
985 2887 1021 2960 in
1045 2887 1194 2962 basilica
1218 2887 1389 2984 principis
1412 2883 1645 2985 apostolorum

331 3015 365 3084 at
380 3008 481 3082 altari
500 3009 605 3083 beate
625 3010 736 3084 Mario
751 3010 897 3110 virginis
913 3014 1017 3110 juxta
1036 3013 1242 3111 sepulcrum
1261 3011 1361 3086 l‘uuli
1381 3017 1479 3110 Pape
1495 3009 1644 3098 secundi,

330 3137 371 3206 R.
390 3139 428 3208 P.
445 3139 489 3209 D.
508 3139 616 3210 Cesar
631 3135 820 3234 episcopus
835 3137 1026 3212 Amerinus
1047 3137 1239 3212 celebravit
1260 3137 1408 3212 missam
1425 3135 1644 3212 anniversarii

321 3259 448 3358 *obitus
461 3261 586 3358 prelati
603 3262 702 3336 Pauli
718 3263 754 3334 in
766 3263 1052 3360 pontificalibus;
1070 3264 1158 3338 dixit
1171 3271 1293 3339 tamen
1306 3287 1415 3338 unam
1426 3263 1642 3338 orationem:
1705 3311 1706 3328 ἶ

328 3385 421 3460 Detur
443 3389 504 3484 qni
524 3388 614 3462 inter
636 3388 819 3486 apostolos,
849 3401 912 3462 etc.
938 3389 1179 3464 lntcrluernnt
1206 3391 1407 3465 cardinales
1431 3415 1461 3464 s.
1490 3388 1595 3462 Marci
1617 3393 1645 3460 el

328 3514 608 3610 audegavensis,
635 3515 803 3590 undecim
828 3517 968 3614 prelati,
991 3516 1157 3622 videlicet
1189 3539 1319 3590 novem
1353 3513 1531 3612 episcopi,
1565 3533 1644 3585 unns

329 3639 470 3712 auditor
495 3645 571 3714 rote
597 3647 633 3713 et
656 3641 827 3738 magister
848 3643 938 3716 sacri
962 3642 1098 3741 palatii.
1127 3647 1212 3716 Post
1237 3641 1443 3737 epistolam,
1471 3639 1644 3713 distributa

330 3761 395 3834 tuit
409 3785 506 3852 cera,
523 3764 687 3839 uidelicet
707 3767 948 3842 cardinalibus
963 3767 1144 3843 intorticia
1162 3768 1320 3864 quinque
1340 3765 1393 3840 vel
1410 3789 1475 3840 sex
1490 3763 1643 3839 librarum

330 3887 527 3982 quodlibet,
555 3890 700 3987 prelatis
728 3893 834 3966 unius
867 3893 971 3984 libre,
1004 3893 1220 3968 caudatariis
1249 3891 1367 3966 medie
1396 3890 1502 3982 libro,
1542 3887 1640 3962 facule

330 4013 513 4089 canonicis
529 4041 558 4088 s.
580 4017 674 4090 Petri
694 4024 729 4090 et
745 4017 822 4091 aliis
844 4043 951 4116 parre
972 4019 1134 4094 candele.
1161 4023 1277 4116 Super
1297 4014 1520 4112 sepulturam
1542 4011 1641 4110 posita

330 4139 394 4211 luit
404 4163 514 4237 capsa
530 4142 601 4215 alta
611 4166 743 4240 magno
764 4167 828 4218 sno
848 4141 955 4240 pallio
969 4151 1141 4243 cooperta
1155 4169 1264 4219 aureo
1292 4149 1328 4216 et
1341 4143 1445 4240 juxta
1467 4135 1640 4215 duodecin
1704 4175 1705 4256 3

331 4260 603 4340 intorticiahinc
619 4273 653 4341 el
672 4267 767 4344 inde.
782 4269 978 4367 Epistulam
994 4275 1030 4344 et
1041 4270 1269 4368 evangelium
1282 4271 1449 4345 dixerunt
1466 4271 1536 4344 duo
1550 4289 1639 4342 cano-

331 4389 399 4464 nici
426 4391 519 4466 dicte
551 4392 711 4468 basilice.
741 4393 859 4468 Finita
889 4391 1011 4486 missa,
1044 4395 1109 4470 luit
1142 4401 1326 4470 cantatum
1351 4393 1635 4492 responsorium:

334 4515 458 4589 Libero
472 4519 541 4608 nte,
561 4519 717 4608 Domine,
743 4531 806 4593 etc.
833 4521 1027 4596 Celebrans
1053 4529 1151 4596 stans
1165 4530 1247 4596 ante
1267 4521 1509 4596 faldistorium
1527 4541 1592 4617 quo
1609 4512 1636 4586 in

330 4639 438 4712 missa
448 4665 533 4715 usus
545 4649 598 4717 est
610 4645 706 4740 quod
719 4653 794 4719 crat
804 4643 906 4742 quasi
916 4647 952 4718 in
963 4642 1079 4744 capite
1096 4647 1277 4745 sepulture
1289 4649 1456 4746 aspersit,
1471 4652 1635 4745 postquam

333 4762 492 4862 incepit:
515 4767 627 4841 Pater
648 4781 778 4860 noster,
802 4782 883 4860 etc,
904 4772 1037 4846 ibidem
1058 4773 1166 4847 etiam
1183 4773 1315 4847 mansit
1331 4797 1405 4846 non
1424 4769 1588 4846 movendo
1604 4785 1634 4836 se

330 4887 489 4982 deloco,
513 4901 547 4967 et
565 4895 657 4968 male
684 4895 769 4992 quia
788 4897 910 4971 debuit
929 4923 966 4972 se
990 4899 1119 4996 girare,
1148 4899 1277 4974 deinde
1300 4899 1388 4973 dixit
1416 4923 1423 4972 :
1452 4897 1503 4971 Et
1525 4919 1565 4968 ne
1584 4911 1634 4962 att

331 5013 476 5088 trulucos
499 5017 536 5088 in
558 5020 795 5110 tentationem,
823 5033 903 5112 etc,
929 5030 963 5096 et
984 5024 1186 5099 orationem
1206 5051 1271 5124 pro
1289 5025 1515 5101 absolutione
1531 5045 1540 5095 ι
1556 5017 1634 5092 nen

330 5139 391 5236 qni
405 5139 497 5214 inter
509 5165 663 5216 summos·
678 5145 882 5218 sacerdotes.
901 5147 979 5221 ntia
997 5149 1182 5224 observata
1196 5157 1277 5224 sunt
1294 5173 1395 5226 more
1412 5151 1528 5224 solito.
1703 5129 1704 5146 ¹
