3436 6038
264 406 338 511 aso
721 449 896 506 coaluus
921 447 1143 516 conculam,
1360 451 1588 518 [caesariana]

264 606 546 698 advertentibus,
569 629 643 679 non
668 604 734 678 luit
749 604 860 702 petita
880 625 998 700 nequa
1014 626 1081 701 per
1097 609 1230 703 Papam
1247 605 1330 678 data
1354 605 1585 703 indulgentia;

262 755 371 806 nemo
400 739 522 806 tamen
549 733 594 804 ad
622 731 694 804 hoo
719 730 901 804 advertit:
928 737 1122 828 propterea
1141 730 1240 804 nulla
1268 731 1335 804 luit
1357 731 1585 828 reprehensio
1697 801 1698 828 ,

263 881 381 956 neque
395 857 603 932 scandalum
619 855 781 953 aliquod.
805 855 1053 932 Subdiaconus
1074 856 1244 932 tunicella
1264 863 1300 930 et
1321 857 1493 932 diaconus
1517 858 1587 934 dal-

264 985 396 1059 matica
411 984 524 1082 parati
542 985 700 1058 luerunt.

313 1112 447 1186 Eadem
461 1110 532 1200 die,
545 1109 640 1184 inter
653 1109 761 1183 horas
775 1133 823 1183 xx
838 1115 874 1182 et
888 1133 960 1200 xxr,
975 1111 1038 1183 SS.
1058 1112 1101 1182 D.
1121 1111 1179 1200 N.,
1197 1109 1474 1206 precedentibus
1486 1131 1586 1183 cruca

265 1245 302 1312 et
320 1237 467 1336 prelatis
492 1259 533 1310 ac
554 1235 790 1326 cadinalibus,
816 1233 982 1308 omnibus
1003 1234 1149 1332 paratio,
1174 1235 1240 1308 sub
1259 1233 1474 1310 baldachino
1499 1235 1588 1308 uenit
1698 1313 1699 1320 ,

265 1363 311 1437 ad
332 1363 518 1437 basilicam
541 1386 568 1436 s.
594 1361 690 1434 Petri
714 1360 1042 1458 processionaliter,
1071 1384 1115 1434 ax
1144 1360 1269 1433 ordine
1296 1359 1585 1450 vicecancellarii,

262 1487 487 1586 Neapolitani
513 1493 551 1562 et
571 1511 600 1561 s.
619 1485 730 1560 Marci
759 1485 993 1560 cardinalium
1025 1493 1152 1560 contra
1171 1488 1286 1560 bonas
1310 1485 1535 1561 ceremonias
1556 1491 1588 1558 et

263 1613 564 1688 consuetudinem
592 1612 767 1686 hactenus
801 1613 1029 1686 observatam
1062 1611 1099 1685 in
1130 1611 1278 1686 basilica
1309 1611 1483 1709 predicta.
1521 1611 1587 1684 Soli

262 1738 464 1813 cardinales
478 1738 641 1813 lecerunt
656 1737 894 1814 reverentiam
909 1741 1017 1836 Papo,
1035 1737 1120 1812 licet
1135 1737 1285 1812 intentio
1302 1759 1366 1810 sua
1386 1743 1483 1810 esset
1498 1737 1588 1832 quod

263 1864 372 1939 etiam
392 1887 519 1939 omnes
543 1864 669 1961 prelati
690 1864 802 1962 parati
825 1863 924 1938 illam
948 1863 1131 1956 lacerant;
1150 1869 1272 1938 tamen
1296 1863 1379 1960 quio
1398 1862 1586 1936 Sanctitate
1699 1913 1700 1924 ,

263 2013 329 2064 sua
344 2011 453 2086 super
467 1989 539 2062 hoc
556 1987 763 2086 opinionem
778 2012 799 2062 a
814 1987 983 2086 predictis
1001 1989 1112 2063 tribus
1127 1989 1366 2064 cardinalibus
1381 1989 1419 2062 in
1431 2011 1588 2063 reveren·

263 2116 311 2190 tia
326 2115 421 2189 locta
435 2119 596 2212 petente,
615 2121 650 2188 et
666 2114 735 2189 illis
751 2114 1056 2206 dissuadentibus,
1067 2115 1194 2213 prelati
1205 2115 1303 2188 illam
1313 2138 1386 2188 non
1402 2114 1582 2188 lecerunt:

263 2243 329 2317 alia
347 2242 469 2316 omnia
484 2245 567 2316 sunt
588 2242 775 2315 observata
788 2264 889 2314 more
906 2248 1095 2330 consueto,
1114 2248 1266 2339 excepto
1282 2241 1378 2337 quod
1393 2239 1586 2315 cardinales

262 2375 344 2466 post
358 2389 527 2464 vesperas
543 2365 768 2440 associarunt
788 2369 921 2463 Papam
941 2363 977 2438 in
997 2366 1216 2464 paramentis
1232 2389 1344 2462 usque
1358 2374 1456 2442 extm
1473 2367 1586 2441 eccle-

263 2491 366 2580 siam,
385 2490 493 2564 etiam
509 2495 631 2587 preter
643 2487 776 2563 bonam
791 2488 1106 2564 consuetudinem.
1125 2493 1255 2564 Comes
1274 2489 1449 2580 Tendille,
1472 2497 1586 2565 orator

264 2615 360 2711 regis
386 2613 640 2712 Hispaniarum
664 2619 700 2687 et
720 2617 763 2687 D.
789 2613 972 2688 Mauritius
997 2615 1099 2706 oibo,
1122 2615 1233 2689 trater
1256 2637 1450 2712 germanus
1481 2621 1581 2715 Pape,

263 2739 439 2813 incensati
455 2739 600 2812 luerunt
614 2744 696 2814 ante
713 2739 903 2837 episcopos
920 2739 1143 2815 assistentes

310 2867 348 2936 ln
364 2869 472 2937 nocte
492 2863 672 2958 sequenti,
693 2864 789 2936 inter
808 2865 917 2937 horas
942 2889 976 2938 rx
996 2871 1032 2938 et
1048 2889 1084 2958 x,
1107 2869 1170 2941 SS.
1196 2869 1239 2940 n.
1258 2869 1301 2941 N.
1318 2867 1463 2942 indutus
1478 2889 1582 2964 cappa
1701 2901 1702 2950 r

260 2989 303 3062 dc
317 2988 520 3062 cremesino
538 3011 648 3086 supra
668 2989 858 3062 rochetum
882 2987 959 3061 sino
982 2987 1130 3078 amictu,
1154 2989 1248 3076 alba,
1267 2989 1412 3087 cingulo
1432 2997 1468 3064 ct
1484 2989 1579 3077 stola,

260 3115 340 3212 quia
364 3113 514 3188 sacrista
542 3114 639 3188 illam
666 3136 739 3187 non
770 3119 986 3211 portaverat,
1018 3113 1114 3188 venit
1143 3114 1189 3188 ad
1213 3115 1389 3212 capellam
1413 3117 1580 3212 majorem

259 3238 379 3336 palatii
397 3239 464 3328 sui,
480 3238 540 3310 ubi
557 3239 649 3311 lacta
664 3237 786 3311 omnia
800 3237 836 3310 in
856 3237 1068 3327 faldistorio,
1091 3237 1254 3312 ascendit
1273 3237 1405 3312 solium
1421 3245 1457 3313 et
1472 3239 1554 3312 dixit
1570 3264 1577 3308 :

258 3367 370 3438 ¹Potor
384 3375 500 3436 noster
515 3369 550 3436 et
564 3363 712 3436 Domine
727 3363 832 3454 lobio,
849 3374 929 3452 etc,
947 3385 1049 3436 more
1059 3363 1177 3436 solitu.
1195 3365 1328 3436 Omnes
1344 3363 1579 3438 absolutiones

259 3494 294 3561 et
309 3487 579 3562 benedictiones
593 3485 690 3559 dedit
704 3509 748 3560 ex
762 3485 853 3560 libro
873 3511 880 3560 :
899 3485 1053 3582 primam
1063 3486 1258 3560 lectionem
1274 3487 1346 3561 dixi
1359 3511 1446 3586 ego;
1462 3511 1580 3561 sccun-

256 3613 352 3704 dam,
371 3612 454 3685 Pius
477 3611 683 3710 acolythus;
709 3611 866 3699 tertiam,
895 3611 1057 3708 Egerdus
1072 3611 1213 3710 Dorcap
1230 3613 1387 3703 auditor;
1408 3619 1576 3711 quartam,
1702 3603 1703 3668 ἶ

256 3735 447 3810 cardinalis
472 3759 502 3808 s.
530 3735 745 3825 Clementis3
771 3736 945 3832 quintam,
983 3738 1113 3808 Comes
1137 3737 1312 3828 Tendille,
1339 3739 1413 3835 qui,
1442 3740 1575 3833 incepto
1701 3761 1703 3810 3

255 3860 486 3957 responsorio
509 3869 662 3958 quatuor
684 3861 894 3952 lectionum,
923 3863 1019 3936 venit
1044 3869 1141 3938 retro
1168 3863 1344 3961 pulpitum
1364 3887 1473 3962 supra
1490 3859 1576 3960 quod
1702 3895 1703 3898 ¹

255 4008 442 4059 sormones
457 3985 535 4058 lieri
556 3987 673 4060 solent
691 4012 699 4060 :
718 3987 791 4078 ubi,
813 3993 963 4084 accepto
985 3987 1125 4085 pluviali
1144 3995 1181 4062 et
1202 3989 1358 4086 desuper
1377 4011 1464 4062 ense
1485 3987 1574 4060 cinc-

256 4121 325 4200 tus,
353 4111 530 4208 capellum
558 4111 595 4184 in
618 4112 734 4209 capite
762 4118 903 4202 tenens,
926 4113 1027 4187 finito
1052 4113 1297 4212 responsorio,
1325 4113 1476 4188 accessit
1498 4116 1571 4184 aute

254 4237 478 4333 pontificem,
494 4237 645 4310 extraxit
660 4259 799 4327 eusem,
823 4237 970 4312 vibravit
991 4243 1027 4312 et
1049 4239 1118 4312 alia
1136 4238 1223 4313 lecit
1246 4245 1354 4336 prout
1366 4239 1402 4312 in
1417 4257 1570 4313 ceremo-

253 4361 354 4450 niali;
380 4361 510 4436 deinde
531 4361 618 4434 dixit
640 4361 837 4436 lectionem
861 4369 1000 4436 sextam
1025 4367 1067 4438 ll.
1096 4365 1337 4464 Hieronymus
1362 4365 1568 4462 Calagronus

254 4485 512 4577 subdiaconus3
532 4486 736 4584 septimam,
755 4487 945 4561 cardinalis
961 4513 991 4562 s.
1011 4490 1172 4587 Georgii3
1194 4496 1368 4581 octavam,
1390 4487 1566 4564 cardinalis

251 4611 435 4699 Senensis,
452 4611 526 4706 qui,
544 4617 677 4686 etcum
696 4611 749 4686 eis
772 4614 1055 4690 Rechanatensis
1074 4617 1264 4715 presbyter
1278 4616 1468 4689 cardinalis
1482 4613 1566 4688 circa

249 4733 358 4808 finem
391 4737 505 4811 octavi
540 4737 759 4834 responsorii
789 4747 1022 4814 accesserunt
1067 4743 1111 4814 ad
1153 4741 1364 4838 pontificem
1400 4741 1459 4838 qui
1489 4735 1565 4810 dixit

246 4885 380 4935 nouam
403 4863 597 4940 lectionem
617 4890 690 4940 non
710 4872 831 4941 tamen
854 4871 981 4957 totam,
1008 4866 1073 4940 sed
1095 4866 1191 4940 circa
1208 4865 1369 4940 medium
1386 4867 1472 4940 dixit
1492 4889 1500 4937 :
1518 4859 1564 4934 To

246 4997 377 5077 autem,
408 4988 572 5082 Domine,
604 4993 779 5082 miserere,
810 5003 891 5081 eta,
928 4991 1110 5066 cardinale
1135 4992 1401 5068 Rechanatensi
1435 4989 1561 5064 seniore

249 5111 461 5210 presbytero
484 5113 614 5186 librum
632 5121 776 5190 tenente
806 5122 843 5190 et
859 5115 931 5189 duo
953 5116 1128 5214 acolythis
1152 5117 1187 5190 in
1212 5141 1337 5193 eorum
1362 5120 1481 5218 cappis
1499 5116 1560 5187 duo
