3600 6094
95 471 248 536 [roratur]
415 466 542 523 nunuu
567 463 796 524 uanuuuuuu
821 466 1083 524 couuaunuur.
1383 473 1419 527 aa

94 621 182 720 quod
200 620 246 694 ad
272 619 573 694 subscribendum
595 619 639 694 ad
666 619 842 716 capellam
861 619 982 693 venire
1003 619 1215 716 dignaretur
1236 645 1244 693 :
1265 621 1360 715 quod
1384 628 1420 695 et

93 748 166 822 feci.
185 745 386 844 Respondit
407 745 496 818 milri
516 745 630 841 quod,
658 745 807 818 dimisso
827 770 892 843 pro
916 769 980 819 sua
1002 743 1264 842 subscriptione
1288 747 1417 842 spatio,

93 873 143 948 alii
158 895 286 946 omnes
302 871 584 962 subscriberent,
602 877 639 945 et
653 872 819 945 omnibus
840 871 1065 970 subscriptis,
1082 870 1179 944 idem
1200 877 1236 945 et
1251 872 1327 968 ipse
1343 872 1418 945 fac-

92 1007 181 1072 turus
196 1004 295 1072 esset
313 1025 321 1071 :
340 997 391 1071 sic
407 997 503 1071 enim
519 1020 645 1071 ornnes
662 997 964 1094 subscripserunt,
981 997 1129 1070 dimisso
1145 1021 1209 1093 pro
1226 1021 1270 1069 eo
1286 997 1414 1094 spatio.

93 1129 279 1218 Postquam
295 1121 353 1194 alii
371 1121 570 1195 cardinales
587 1146 638 1213 se,
658 1127 697 1196 ut
718 1122 912 1220 prefertur,
935 1123 1235 1220 subscripserant,
1259 1123 1303 1195 de
1319 1147 1419 1196 man-

93 1249 167 1322 dato
205 1245 492 1320 vicecancellarii
529 1248 666 1344 portavi
710 1269 835 1322 omnes
878 1272 942 1322 sax
984 1248 1194 1344 quintemos
1236 1247 1417 1345 predictos

94 1373 229 1446 domino
258 1373 305 1446 de
335 1376 491 1446 Foscaro
522 1372 820 1464 subscribendoS,
853 1373 912 1470 qui
936 1374 1024 1446 mihi
1048 1374 1136 1447 dixit
1162 1398 1200 1447 se
1223 1397 1418 1469 numquam

95 1499 314 1576 subscribere
342 1499 433 1574 velle
460 1505 497 1574 et
525 1500 620 1596 quod
649 1499 859 1596 quintemos
888 1499 926 1572 in
952 1499 1090 1596 capella
1118 1525 1227 1597 supra
1254 1524 1418 1572 mensam

96 1649 316 1724 reponerem,
334 1624 424 1699 nihil
439 1625 576 1700 dicens.
596 1624 655 1699 Sic
670 1625 741 1699 feci
761 1631 797 1700 et
815 1648 923 1700 nemo
944 1625 1029 1722 quid
1049 1649 1071 1698 a
1092 1651 1151 1700 me
1173 1625 1415 1723 interrogavit.

138 1755 254 1826 Tenor
274 1775 361 1826 vero
389 1751 626 1850 capitulorum
649 1773 731 1825 cum
747 1750 820 1824 suis
844 1749 1167 1857 subscriptionibus
1183 1752 1228 1826 de
1244 1751 1354 1824 verbo
1374 1752 1419 1824 ad

96 1877 232 1952 verbum
248 1877 426 1973 sequitur,
444 1882 480 1950 et
495 1882 550 1950 est
565 1876 645 1950 talis
665 1899 672 1949 :

138 2005 222 2076 Cum
242 2002 370 2076 anmi.
398 2002 434 2075 in
457 2001 598 2076 Christo
619 2005 688 2076 ΡΡ.
717 2007 753 2075 ct
772 2004 848 2076 DD;
872 2001 1102 2078 sacrosancte
1123 2026 1271 2078 romane
1291 2003 1417 2078 Eccle-

97 2127 141 2200 sie
165 2127 366 2201 cardinales
393 2127 557 2202 membra
577 2126 648 2202 sint
674 2150 897 2201 summomm
916 2128 1143 2224 pontificum,
1168 2130 1292 2226 eisque
1314 2131 1419 2204 assis-

99 2259 166 2324 tant
180 2253 365 2344 continuo,
383 2260 419 2328 et
446 2275 596 2327 onerum
624 2253 785 2326 omnium
807 2259 844 2328 et
865 2255 1097 2328 consiliomm
1119 2255 1312 2353 participes
1332 2257 1416 2348 sint,

99 2401 220 2473 equum
247 2379 471 2453 censendum
503 2385 559 2452 est
591 2385 627 2452 et
655 2379 775 2452 officio
799 2379 911 2476 patris
939 2380 976 2452 in
1000 2380 1092 2454 filios
1118 2389 1416 2475 consentaneum,

99 2509 131 2574 ut
152 2503 333 2600 ampliori,
361 2528 468 2602 quam
490 2504 621 2594 ceteri,
653 2505 833 2602 gaudeant
866 2507 1111 2603 prerogativa,
1147 2514 1183 2582 et
1206 2531 1276 2606 quo
1300 2509 1420 2607 plures

101 2630 322 2704 sustentande
345 2629 527 2728 dignitatis
550 2653 659 2704 causa
682 2631 840 2705 habeant
865 2631 1062 2724 ministros,
1081 2659 1124 2709 eo
1149 2635 1217 2708 illis
1238 2637 1354 2732 major
1377 2637 1422 2709 ad

102 2753 184 2827 benc
200 2755 414 2830 merendum
441 2756 635 2852 prebeatur
656 2757 819 2831 facultas.
843 2759 934 2832 Hinc
962 2765 1017 2833 est
1039 2761 1134 2857 quod
1155 2784 1221 2834 nos
1245 2785 1371 2835 omnes
1388 2765 1424 2834 el

102 2878 218 2976 singuli
243 2903 272 2954 s.
301 2906 331 2954 r.
363 2884 403 2954 E.
432 2879 633 2956 cardinales
665 2883 902 2982 infrascripti,
927 2911 994 2984 pro
1018 2888 1115 2961 bono
1144 2893 1180 2960 et
1208 2886 1302 2962 felici
1328 2887 1423 2983 regi-

103 3009 189 3085 mine
214 3036 255 3086 ac
282 3011 404 3110 quiete
434 3016 558 3085 nostra
580 3012 744 3108 juramus
771 3018 807 3085 et
830 3034 1000 3086 vovemus
1027 3016 1103 3087 Deo
1128 3011 1366 3108 omnipotenti
1387 3018 1423 3084 et

103 3137 224 3211 sanctis
245 3136 417 3236 apostolis
442 3141 549 3210 Petro
572 3142 608 3210 et
631 3135 755 3228 Paulo,
776 3159 818 3210 ac
843 3136 1011 3209 omnibus
1031 3137 1165 3210 sanctis
1190 3135 1422 3231 Ecclesieque

103 3285 158 3334 suc
173 3269 294 3336 sancte
316 3261 574 3361 promittimus,
597 3264 694 3359 quod
717 3261 746 3335 si
762 3261 889 3358 aliquis
907 3285 951 3336 ax
973 3261 1077 3336 nobis
1100 3261 1236 3336 electus
1258 3260 1363 3334 fuerit
1386 3259 1423 3332 in

106 3391 238 3485 Papam,
255 3389 329 3479 ille,
349 3387 468 3462 statim
487 3393 570 3463 ante
591 3364 872 3486 publicationem
894 3387 1082 3462 electionis
1102 3387 1146 3462 de
1168 3409 1207 3462 sa
1227 3387 1422 3476 celebrate,

105 3514 225 3610 jurabit
251 3523 288 3590 et
315 3515 456 3590 vovebit
482 3538 585 3612 pure,
612 3513 824 3612 simpliciter
849 3537 893 3587 ao
922 3514 1017 3587 bona
1043 3512 1114 3586 fide
1140 3535 1282 3586 servare
1306 3511 1426 3586 facore

107 3645 235 3714 etcum
256 3639 389 3716 effectu
414 3639 612 3738 adimplere
636 3641 758 3714 omnia
779 3645 815 3714 et
836 3639 976 3736 singula
1000 3637 1157 3736 capitula
1179 3637 1423 3733 infrascripta;

108 3787 166 3837 uec
192 3791 261 3840 non
278 3774 365 3856 ‚tres
394 3766 585 3841 schedulas
614 3765 841 3864 infrascripta
874 3765 1030 3861 capitula
1062 3764 1289 3838 continentes
1319 3785 1426 3836 manu

108 3892 238 3988 propria
252 3892 421 3991 signabit,
439 3894 506 3966 sub
521 3891 637 3966 forma
651 3894 843 3967 verborum
859 3890 1166 3986 subsequentium,
1184 3889 1349 3962 videlicet
1368 3915 1375 3962 :

150 4016 334 4114 Egotalis,
359 4017 495 4092 electus
516 4015 551 4090 in
572 4039 751 4092 summum
770 4017 993 4116 pontificem,
1011 4015 1188 4114 premissa
1207 4015 1328 4087 omnia
1343 4035 1428 4111 pro-

111 4141 213 4233 mitto,
244 4167 355 4218 voveo
387 4150 423 4218 et
444 4145 527 4241 juro
552 4145 743 4218 observare
765 4149 801 4218 et
818 4142 1014 4239 adimplere
1044 4142 1081 4214 in
1105 4141 1270 4215 omnibus
1298 4147 1333 4216 ct
1363 4164 1429 4237 per

112 4267 231 4359 omnia,
252 4291 342 4366 pure
364 4274 400 4342 et
420 4267 642 4366 simpliciter,
665 4269 761 4342 bona
783 4267 867 4358 fule,
891 4267 1036 4340 realiter
1057 4272 1093 4340 ot
1114 4291 1196 4340 curn
1217 4265 1360 4351 effectu,
1383 4264 1428 4335 ad

87 4437 90 4443 ,
113 4389 239 4468 literam
253 4395 331 4470 sine
347 4395 467 4492 aliqua
479 4396 710 4472 excusatione
725 4399 760 4468 et
776 4391 1069 4490 tergiversatione
1083 4397 1119 4464 et
1134 4387 1428 4485 interpretatione

114 4519 289 4616 verborum
316 4522 381 4594 sub
401 4545 495 4619 pena
516 4521 665 4620 perjurii
690 4489 732 4594 et.
741 4517 992 4608 anathematis,
1015 4540 1035 4588 a
1058 4540 1128 4611 qua
1146 4538 1214 4586 nec
1235 4537 1292 4585 me
1314 4512 1430 4608 ipsum

117 4641 296 4740 absolvam,
322 4671 390 4722 nec
412 4647 676 4722 absolutionem
698 4645 803 4720 alicui
826 4643 1049 4718 committam
1068 4666 1075 4714 :
1100 4641 1228 4714 sicma
1250 4641 1345 4710 Deus
1368 4637 1431 4709 ad-

115 4766 200 4862 juvet
223 4778 258 4845 et
275 4771 345 4846 hec
368 4777 493 4846 sancta
517 4772 582 4848 Dei
607 4772 808 4870 evangelia;
835 4793 878 4844 ac
904 4766 983 4840 volo
1009 4766 1104 4861 quod
1128 4763 1224 4836 dicte
1247 4761 1372 4836 cedulc
1396 4764 1432 4834 et

120 4915 225 4969 earum
252 4897 411 4994 quelibet
436 4897 507 4970 vim
531 4899 721 4973 decretalis
745 4904 781 4972 et
803 4892 1066 4970 constitutionis
1091 4896 1264 4988 perpetue
1284 4888 1431 4972 inviola-

119 5013 220 5092 biliter
241 5021 461 5096 observanda
485 5045 566 5096 cunr
587 5023 734 5098 decreto
754 5019 907 5095 irritanti
926 5018 1096 5091 habeant.
1120 5018 1164 5088 Et
1188 5015 1217 5088 si
1238 5000 1431 5110 quidquam

121 5161 174 5235 per
196 5168 250 5220 me
275 5170 381 5222 secus
402 5147 536 5222 factum
559 5146 680 5237 fuerit,
703 5152 739 5220 et
758 5146 795 5220 in
814 5143 932 5240 aliquo
953 5140 1200 5216 contravenire
1216 5136 1431 5233 vel'dispen-

241 5306 265 5346 τ.
282 5308 300 5346 v.
1307 5279 1325 5331 3
