3578 6032
352 506 406 562 580
912 499 1125 558 APPENDICE.
1139 573 1148 592 ο

394 646 545 710 Julianus
560 647 601 708 de
615 651 751 724 llorere,
768 645 949 726 Episcopus
963 646 1159 720 Bostiensis,
1175 647 1207 708 S.
1225 647 1257 708 P.
1278 645 1320 707 ad
1335 645 1465 708 vincula
1481 648 1684 711 nominatus.

395 745 554 825 Baptista,
580 746 760 825 Episcopus
776 745 994 822 Tusculanus,
1019 749 1136 808 Sancte
1156 745 1254 808 Maris
1269 746 1303 808 in
1319 746 1446 809 Particu
1459 753 1681 826 nuncupatus.
1752 769 1753 792 ¹

394 845 444 906 lo.
458 845 639 923 Episcopus
654 843 867 908 Penestrinus
883 845 992 907 Sancti
1008 843 1125 925 Angeii
1148 844 1266 907 dictus.

397 943 569 1022 Georgius
586 944 766 1023 Episcopus
790 943 999 1018 libanensis
1022 943 1280 1024 Portugallcnsis
1304 959 1363 1005 seu
1383 943 1617 1007 Ulixboncnsis
1637 963 1685 1008 co·

356 1041 582 1122 gnominatus.

927 1157 1118 1238 Presbyteri.

397 1292 615 1372 Hieronymus
631 1291 697 1354 divi
712 1291 896 1372 Grisogoni‚
912 1291 1146 1356 Eacanatcnsis
1166 1290 1348 1371 Episcopus
1362 1288 1478 1353 dictus.

395 1389 584 1454 Dominicus
599 1389 669 1454 Divi
683 1389 859 1454 Clementis
874 1389 993 1453 dietus

396 1488 516 1552 Paulus
531 1487 597 1550 divi
613 1488 704 1563 sixti,
720 1488 897 1550 lanucnsis
910 1487 1027 1550 dictus

394 1589 537 1650 loannes
549 1587 691 1649 lacobus
707 1585 771 1648 divi
788 1587 944 1666 Stephani
959 1587 993 1648 in
1008 1585 1095 1650 Celio
1111 1587 1230 1662 Monte,
1245 1587 1285 1650 de
1301 1587 1415 1650 Parma
1426 1586 1543 1649 dictus.

396 1683 591 1746 Laurentius
606 1683 671 1746 divi
687 1684 796 1759 Marci,
811 1687 1064 1748 Beneventanus
1081 1685 1198 1748 dictus,

394 1783 559 1846 Arduinus
575 1784 660 1846 della
677 1785 770 1847 Porta
785 1784 856 1848 Divi
870 1787 1005 1848 ioannis
1021 1791 1053 1848 cl
1066 1785 1156 1849 Pauli
1170 1785 1351 1848 Aleriensis
1367 1784 1483 1847 dictus.

393 1881 556 1945 Antonius
570 1881 640 1943 dive
653 1883 828 1944 Anastasia
841 1889 989 1947 vocatus.

953 2049 1095 2114 Dioroci.

396 2185 587 2250 Franciscus
601 2185 771 2262 Senensis
785 2183 850 2248 divi
865 2184 1031 2248 Eustachii
1044 2203 1077 2264 p.

395 2286 539 2348 loannes
556 2285 701 2364 Baptista
717 2283 867 2347 Sabellus
882 2283 946 2346 divi
959 2283 1081 2345 Nicolai
1094 2281 1285 2346 incarcere.

397 2383 544 2462 Raphael
558 2384 697 2459 Riarius,
714 2381 780 2444 divi
795 2380 926 2459 Georgii
941 2378 984 2442 ad
1000 2379 1109 2442 velum
1121 2396 1271 2456 aureum,
1288 2380 1504 2445 Camerarius.

396 2481 539 2542 ioannes
553 2479 711 2544 Columna
728 2481 827 2540 Beate
843 2477 942 2540 llarie
957 2478 991 2539 in
1003 2479 1137 2558 Aquiro.

330 2623 333 2629 Α
395 2577 541 2656 Baptista
558 2576 695 2640 Ursinus
711 2577 810 2639 Beate
823 2577 922 2640 Maria
936 2579 1036 2641 Nova.

395 2673 554 2736 Ascanius
568 2673 666 2736 Maria
679 2673 847 2753 Sphorlzia
864 2676 973 2738 Sancti
985 2676 1048 2738 Viti
1062 2676 1096 2738 in
1107 2676 1239 2740 Macello
1256 2681 1449 2756 martyrum.

394 2772 536 2840 ioannes
552 2770 691 2834 Medicas
707 2774 805 2836 Beate
820 2771 920 2834 Maria
936 2773 970 2834 in
986 2773 1165 2836 [lominica.

397 2867 568 2930 Eadericus
583 2869 821 2932 Sansevcrinus
837 2870 994 2934 claudens
1007 2888 1144 2934 cornum
1158 2888 1274 2946 unum,
1289 2871 1467 2936 Rodcricus
1481 2871 1632 2934 alterum.

395 2967 529 3030 Maiieus
546 2965 702 3030 Girardus
714 2967 801 3030 tituli
816 2971 848 3031 S.
865 2969 899 3032 C.
917 2969 1091 3033 cardinalis
1111 2970 1294 3049 patriarcha
1313 2972 1469 3044 Venetus,
1487 2968 1677 3050 vigesimus.

395 3065 541 3128 Tertium
556 3063 709 3143 explebat
727 3065 837 3128 locum
853 3067 1114 3130 camaldulensis
1130 3067 1267 3144 ordinis,
1284 3067 1454 3148 proicssus
1471 3067 1585 3129 vir.....
1601 3063 1680 3142 capi-

356 3163 472 3226 tularis
489 3164 603 3244 etjam
618 3164 772 3242 precipua
784 3168 871 3227 etate
884 3165 1063 3229 coniectas.
1079 3167 1146 3243 iiic,
1160 3167 1272 3230 audito
1285 3167 1396 3230 obitus
1408 3165 1588 3228 innocentii
1603 3177 1679 3226 nun·

354 3256 412 3334 tio,
427 3259 563 3320 itomam
577 3277 692 3324 versus
710 3278 869 3344 prospero
888 3265 972 3343 pede
997 3266 1174 3329 maturavit
1187 3266 1403 3347 galerumquc
1417 3283 1437 3328 a
1455 3263 1679 3329 cardinalibus

353 3359 425 3416 lum
444 3355 587 3434 primum
606 3359 640 3422 in
664 3361 748 3423 Urbe
770 3363 922 3443 sumpsit,
939 3381 978 3426 ac
992 3362 1151 3427 feralibus
1172 3365 1205 3427 in
1230 3381 1295 3444 que
1316 3365 1475 3427 inciderat
1492 3361 1680 3441 perfunctus

355 3449 471 3514 oiflciis
499 3469 536 3516 ss
559 3471 692 3536 quoque
715 3457 749 3520 in
773 3459 933 3523 Gonclave
953 3459 1092 3524 infirmis
1115 3461 1242 3526 viribus
1268 3467 1301 3524 et
1324 3462 1379 3525 rix
1403 3461 1556 3542 spiritum
1577 3458 1681 3522 ferens

354 3549 466 3629 injecit
482 3550 536 3632 (1).

394 3650 552 3714 (lonclare
572 3653 651 3733 quid
673 3655 716 3716 sit
738 3659 771 3718 ct
793 3657 960 3734 quomodo
984 3669 1100 3723 notum
1117 3666 1169 3724 est
1183 3677 1225 3722 ex
1239 3657 1390 3740 capitulis
1406 3659 1539 3723 duobus
1553 3653 1681 3720 Pontifi-

354 3761 467 3808 corum
482 3746 652 3812 Canonum
666 3769 781 3814 verum
796 3759 907 3818 tamen
921 3773 987 3836 quo
1013 3759 1155 3838 quisque
1176 3758 1248 3822 loco
1272 3763 1304 3821 et
1328 3755 1463 3837 quando
1485 3773 1522 3820 se
1540 3755 1679 3834 recipiat,

354 3840 535 3907 referemus
547 3863 612 3926 que
628 3849 770 3914 vidimus
785 3851 840 3933 (E),
855 3859 915 3916 etc.

395 3995 476 4077 (nib.
493 3999 566 4060 Nat.
586 3999 627 4061 de
645 4001 746 4077 Paria,
770 4001 867 4067 fonds
889 4005 959 4082 lat,
985 4023 1047 4069 ms
1075 4007 1184 4085 iasio,
1208 4007 1265 4071 fol.
1287 4008 1321 4071 6l
1341 4027 1358 4072 a
1375 4009 1397 4071 b
1413 4027 1441 4070 c.
1462 4041 1502 4050 -
1522 4003 1678 4070 Conclave

352 4094 528 4158 Alexandri
544 4098 584 4160 Vl
600 4099 745 4162 Pontii.
761 4101 915 4166 illichaele
926 4106 1029 4167 Fcrno
1046 4106 1282 4170 Mediolanensi
1293 4105 1467 4185 Aulhorc.)

385 4303 407 4352 i.
426 4301 490 4367 Voy.
505 4302 531 4352 la
541 4308 605 4354 noic
621 4307 631 4354 i
647 4305 679 4356 de
692 4307 717 4356 ia
730 4307 847 4372 depcchc
864 4308 1021 4372 precedente
1037 4311 1079 4372 (n⁰
1092 4313 1140 4376 56),
1155 4324 1222 4377 paga
1238 4314 1293 4363 sis.

382 4383 406 4430 S.
425 4381 506 4447 Copia
519 4385 573 4433 tres
588 4385 686 4436 lautivc
697 4389 724 4438 at
737 4403 770 4439 cu
786 4387 919 4452 plusieurs
932 4391 1053 4442 endroits
1066 4392 1265 4457 inintelligilsse.

787 4657 1252 4670 -ssfflffl———n—-fi-——n—n—-n
