3576 6054
324 505 360 558 50
781 499 956 556 tounums
979 498 1201 568 nonensem,
1496 501 1576 562 [aaut
1591 502 1663 563 usq

328 663 480 754 nepotes
508 681 653 753 regum,
686 657 924 754 competentis
952 657 1156 748 literature,
1188 661 1225 729 et
1253 656 1298 728 de
1328 655 1479 730 consilio
1507 657 1665 730 duarum

329 783 484 878 partium
500 783 730 856 dominorum
750 762 999 856 cardinalium.
1022 787 1074 855 De
1095 781 1280 878 parentela
1300 787 1336 854 et
1351 783 1667 879 consanguinitate

331 931 407 996 sua,
438 931 511 979 non
540 909 662 1004 plures
691 932 799 1003 quam
830 932 942 980 unum
976 907 1160 981 dumtaxat
1193 907 1457 1004 qualificatum,
1488 914 1527 980 ut
1557 931 1668 1004 supra

331 1033 569 1130 promovebit,
587 1057 655 1106 nec
672 1057 828 1130 unquam
844 1034 995 1106 excedet
1014 1057 1205 1106 numerum
1227 1031 1350 1128 viginti
1370 1038 1527 1129 quatuor
1545 1033 1666 1106 cardi-

332 1158 465 1232 nalium
483 1158 702 1254 ubicumque
729 1165 765 1232 et
788 1160 1086 1256 quandocumque
1116 1164 1152 1231 et
1179 1159 1429 1255 undecumque
1458 1159 1664 1233 consisten-

332 1283 435 1374 tium,
453 1289 489 1356 et
504 1283 621 1374 aliter,
637 1285 693 1358 vel
708 1285 778 1357 alio
794 1285 903 1358 modo
925 1283 1035 1358 creati
1056 1289 1137 1381 post
1159 1289 1314 1358 mortem
1335 1283 1530 1381 pontificis,
1554 1284 1666 1358 etiam

332 1409 363 1480 si·
381 1409 525 1482 interim
546 1409 773 1483 exercuerint
795 1410 969 1500 officium,
996 1409 1067 1482 sint
1088 1408 1266 1482 inhabiles
1288 1409 1325 1482 in
1347 1409 1526 1484 electione
1548 1411 1668 1507 ponti-

330 1535 410 1606 licis
425 1535 538 1608 active
555 1540 591 1607 et
601 1537 753 1632 passive,
771 1559 840 1608 nec
857 1535 1094 1632 inposterum
1109 1535 1312 1609 habeantur
1325 1557 1391 1632 pro
1403 1536 1664 1625 cardinalibus;

330 1683 397 1733 nee
426 1659 563 1734 creabit
592 1685 749 1756 unquam
774 1661 947 1756 aliquem,
974 1660 1042 1732 nisi
1066 1659 1165 1758 prius
1189 1661 1383 1734 reducatur
1402 1661 1596 1759 collegium
1621 1663 1668 1736 ad

330 1809 521 1880 numerum
536 1784 715 1858 minorem
731 1806 820 1858 xxiv
835 1791 871 1858 et
886 1805 969 1858 eum
991 1805 1064 1859 non
1085 1787 1279 1876 excedant,
1305 1793 1345 1860 ut
1365 1787 1569 1884 predictum
1595 1794 1667 1878 est,

330 1909 499 2008 ipsosque
525 1911 701 1984 creandos
726 1911 842 1984 subito
871 1909 1067 2008 publicabit
1088 1936 1156 1986 nec
1178 1937 1241 1986 eos
1264 1912 1401 1986 tenebit
1426 1919 1585 2001 secrcto;
1611 1913 1670 1986 in-

332 2059 401 2132 que
426 2037 608 2111 creatione
634 2061 760 2110 eorum
786 2037 998 2110 convocabit
1022 2037 1188 2112 dominos
1214 2035 1416 2112 cardinales
1446 2060 1573 2112 ornnes
1605 2039 1668 2135 qui

331 2164 521 2238 commode
550 2165 671 2239 venire
700 2170 870 2260 poterunt
897 2165 941 2238 'in
977 2166 1077 2239 ltalia
1113 2167 1321 2257 existentes,
1363 2189 1385 2238 a
1417 2163 1581 2238 Bononia
1609 2165 1669 2236 val

332 2289 512 2364 Florentia
535 2291 638 2380 citra,
669 2291 835 2387 quodque
866 2291 1056 2387 exquisitio
1083 2291 1314 2364 dominorum
1341 2290 1576 2365 cardinalium
1601 2289 1669 2364 liet

330 2415 627 2490 consistorialiter
641 2422 676 2489 et
689 2439 761 2488 non
775 2415 1040 2506 auriculariter,
1059 2423 1094 2490 et
1108 2417 1179 2490 hoc
1193 2417 1414 2514 intelligatur
1427 2415 1464 2489 in
1479 2415 1667 2489 creatione

331 2540 566 2614 cardinalium
582 2547 734 2619 tantum.

380 2669 488 2758 ltem,
513 2666 609 2762 quod
633 2665 767 2738 nullam
791 2665 1032 2763 provisionem
1058 2688 1121 2738 seu
1152 2663 1455 2761 permutationem
1480 2663 1590 2739 saciet
1618 2663 1668 2738 de

330 2792 493 2865 eeclesiis
517 2791 796 2880 cathedralibus,
820 2791 985 2880 abbatiis,
1008 2791 1224 2888 prioratibus
1244 2797 1280 2863 et
1305 2792 1576 2889 magistratibus
1604 2799 1673 2867 aut

329 2916 407 2988 aliis
437 2917 723 3014 quibuscumque
749 2917 786 2989 in
810 2941 954 2991 camera
981 2917 1178 3015 apostolica
1207 2917 1334 2990 taxatis
1360 2925 1395 2990 et
1422 2941 1495 2990 uon
1522 2919 1670 3008 taxmis,

330 3041 439 3114 etiam
460 3043 524 3115 sub
545 3043 648 3116 titulo
669 3044 903 3132 commenda,
928 3041 1247 3116 administrationis
1267 3041 1325 3114 vel
1346 3041 1416 3116 alio
1437 3067 1670 3139 quocumque

332 3165 430 3238 titulo
454 3167 526 3240 sive
546 3169 674 3258 modo,
696 3169 765 3242 uisi
792 3167 1091 3242 consistorialiter
1114 3174 1174 3240 aut
1193 3167 1458 3243 interveniente
1485 3193 1671 3243 consensu

329 3290 456 3366 saltem
471 3293 619 3388 majoris
632 3294 743 3389 partis
759 3293 1008 3384 cardinalium,
1026 3298 1255 3390 preterquam
1270 3293 1314 3365 de
1330 3291 1399 3364 hiis
1415 3316 1485 3388 qua
1501 3293 1670 3368 conferet

329 3416 484 3488 dominis
499 3417 740 3490 cardinalibus
756 3427 793 3491 et
806 3425 1035 3515 preterquam
1050 3419 1094 3491 de
1114 3417 1279 3506 abbatiis,
1300 3440 1369 3513 que
1390 3441 1464 3490 non
1485 3417 1671 3492 excedunt

328 3539 486 3614 valorem
502 3541 741 3615 ducentorum
756 3543 983 3634 ducatorum,
999 3549 1035 3617 et
1050 3543 1138 3616 nihil
1153 3543 1247 3616 ultra
1261 3547 1380 3616 taxam
1396 3543 1560 3641 recipiet.

380 3667 488 3755 ltem,
517 3667 614 3762 quod
640 3668 775 3740 nullam
802 3669 1008 3742 facultatem
1030 3668 1261 3765 presentandi
1294 3676 1355 3742 aut
1385 3667 1594 3741 nominandi
1619 3667 1672 3742 ad

331 3789 733 3893 ecclesiascathedales
760 3801 796 3866 et
821 3794 1041 3867 monasteria
1069 3794 1245 3866 concedet
1275 3792 1497 3890 principibus
1529 3793 1673 3866 secula-

328 3915 426 3987 ribus
456 3921 516 3988 aul
547 3916 694 4014 prelatis
722 3917 979 3992 ecclesiasticis
1003 3919 1264 4016 cujuscumque
1289 3917 1525 4008 conditionis,
1553 3923 1670 3993 status

328 4046 389 4114 aut
404 4040 582 4136 qualitatis
601 4042 768 4135 existant,
794 4043 866 4117 sive
887 4043 1096 4141 imperialia,
1122 4043 1265 4140 regalia,
1290 4042 1442 4134 ducalis,
1464 4041 1669 4139 archiepis-

329 4164 482 4262 copalis,
511 4167 725 4264 episcopalis
747 4168 802 4242 vel
827 4169 1087 4266 cujuscumque
1112 4168 1262 4242 alterius
1287 4167 1569 4264 praeminentia,
1593 4166 1666 4239 nisi

326 4291 371 4365 da
388 4314 560 4388 expresso
576 4293 728 4366 consilio
743 4293 798 4367 vel
814 4318 965 4368 assensu
979 4295 1126 4392 majoris
1141 4293 1254 4392 partis
1270 4293 1522 4368 cardinalium.

375 4419 483 4509 ltem,
526 4417 623 4513 quod
659 4418 796 4492 nullam
828 4420 963 4494 bullam
998 4443 1157 4516 unquam
1187 4419 1347 4518 expediri
1380 4419 1565 4518 permittet
1595 4443 1663 4496 seu

326 4539 432 4614 alicui
452 4541 643 4634 concedet,
662 4567 728 4640 per
749 4567 856 4639 quam
875 4569 913 4620 se
928 4545 1103 4642 astringat
1122 4545 1344 4643 principibus
1361 4545 1416 4620 vel
1435 4544 1542 4620 alicui
1561 4545 1662 4643 ipso-

327 4688 424 4756 rum,
461 4674 522 4742 aut
554 4691 618 4743 eos
651 4667 829 4742 certificet
862 4671 958 4765 quod
983 4669 1100 4742 nullas
1132 4667 1328 4744 aecclesias
1361 4669 1590 4746 cathedrales
1626 4677 1662 4745 et

326 4793 545 4867 monasteria
560 4793 733 4887 conseret,
751 4793 820 4867 nisi
834 4794 879 4869 de
894 4795 1055 4892 ipsorum
1070 4793 1295 4890 beneplacito
1311 4801 1371 4870 aut
1385 4795 1582 4871 voluntate.

375 4917 482 5006 ltem,
515 4918 610 5012 quod
635 4941 708 4993 non
737 4919 896 5016 deponet
926 4925 986 4994 aut
1009 4919 1161 5018 privabit
1189 4919 1344 5015 aliquem
1374 4921 1421 4996 ad
1445 4920 1659 5018 petitionem

326 5037 478 5136 alicujus
507 5041 679 5138 principis
703 5043 772 5117 nisi
793 5045 951 5142 juridica
978 5070 1017 5119 se
1043 5046 1199 5118 instruat
1230 5047 1283 5121 val
1312 5047 1464 5121 crimina
1492 5047 1566 5122 sint
1599 5071 1659 5121 uo-

326 5163 418 5237 toria
443 5171 477 5240 et
509 5165 545 5238 in
572 5189 722 5242 romana
750 5169 860 5262 curia,
891 5171 1053 5269 partibus
1082 5171 1168 5247 binc
1201 5173 1285 5250 inde
1318 5173 1461 5266 auditis,
1497 5171 1657 5273 plenarie
