3436 6038
280 448 331 540 ltili
735 444 911 504 JOHANNIS
935 443 1157 518 bosculum,
1372 443 1580 508 [Novembrauas
1716 435 1717 464 ¹

279 605 322 676 b.
354 600 544 675 cardinalis
574 601 791 690 Parmensis,
818 599 938 674 rubeis
976 600 1196 698 paramentis
1228 603 1388 698 paratus,
1417 597 1591 672 celebrauit

279 726 428 802 missam
443 726 644 801 solemnem
670 727 715 801 dc
738 725 830 799 iesto
846 725 881 798 in
898 725 1000 799 altari
1015 727 1153 824 majore
1174 725 1323 798 basilice
1345 748 1380 796 s.
1401 723 1505 812 Petri,
1525 722 1591 796 sine
1716 727 1717 774 ³

279 851 389 942 bulla,
416 875 481 950 per
502 851 801 926 inadvertentiam
828 851 900 925 sive
925 850 1156 941 oblivionem,
1182 850 1266 948 quia
1288 848 1508 948 premonitus
1530 871 1594 922 non
1716 851 1717 896 ³

279 977 501 1076 ineratquod
517 975 651 1052 bullam
667 976 775 1052 scribi
799 976 965 1066 lecisset;
983 998 1051 1050 neo
1068 974 1167 1074 potui
1183 973 1392 1072 hujusmodi
1413 972 1593 1064 deiectum,
1716 976 1717 1020 ³

280 1101 407 1175 saltem
419 1108 648 1201 apparenter,
667 1101 848 1200 supplere,
866 1104 949 1198 quia
963 1124 1036 1177 non
1049 1103 1168 1200 reperi
1181 1101 1337 1200 aliquam
1355 1099 1489 1176 bullam
1503 1123 1596 1196 quam

277 1228 479 1327 potuissem
494 1227 576 1302 loco
597 1251 680 1302 vere
704 1226 801 1322 bullo
823 1229 1053 1326 appendisse.
1080 1228 1174 1302 Dixit
1195 1233 1334 1302 tantum
1357 1249 1467 1300 unam
1481 1225 1598 1300 oratio·
1716 1229 1717 1277 l

280 1377 365 1428 nem
381 1353 424 1427 de
439 1352 531 1428 iesto
543 1353 720 1444 videlicet,
737 1352 873 1450 absque
887 1353 1235 1429 commemoratione
1251 1353 1440 1428 advantus.
1716 1461 1717 1464 J

329 1481 393 1554 SS.
414 1483 457 1554 D.
475 1483 517 1554 N.
531 1479 627 1554 vonit
640 1479 686 1554 ad
701 1478 885 1554 basilicam
902 1479 1102 1578 prodiciam
1118 1484 1251 1552 etcum
1263 1477 1600 1552 cardinalibusmore
1716 1503 1717 1530 ι

281 1605 408 1698 solito;
427 1612 462 1680 et
483 1629 550 1703 per
576 1603 875 1712 inadvertentiam
898 1609 941 1679 D.
962 1604 1141 1680 Roberlus
1163 1610 1389 1680 remanserat
1409 1601 1447 1677 iu
1470 1625 1601 1678 camera
1716 1611 1717 1657 l

282 1755 359 1823 sua,
387 1737 581 1829 expectans
602 1730 701 1830 quod
723 1736 929 1823 uocaretur;
956 1731 1017 1828 qui
1041 1736 1169 1828 postea
1188 1753 1254 1830 per
1276 1753 1334 1804 me
1355 1735 1503 1804 vocatus
1517 1728 1603 1802 venit
1716 1739 1717 1782 ³

282 1857 327 1930 ad
338 1856 522 1930 basilicam
536 1855 750 1956 prodictam,
766 1879 825 1930 me
841 1863 980 1931 lantum
992 1857 1028 1930 in
1043 1854 1277 1933 familiaribus
1293 1856 1365 1932 suis
1379 1854 1602 1956 precedente,
1716 1865 1717 1910 ἓ

283 2010 304 2060 a
321 1984 395 2058 suis
411 1983 645 2058 servientibus
660 2007 845 2060 armorum
857 2007 899 2060 ac
914 1985 1093 2062 nobilibus
1109 1985 1184 2061 suis
1197 1985 1409 2074 associatus,
1425 1988 1462 2056 el
1475 1981 1605 2054 intrarit

282 2111 328 2186 ad
349 2110 461 2184 altare
491 2111 608 2208 majus
631 2132 713 2184 cum
741 2109 854 2184 Credo
877 2110 1070 2187 diceretur.
1096 2116 1148 2188 lie
1170 2110 1341 2186 mandato
1360 2111 1458 2204 Papo
1474 2106 1552 2179 dedi
1576 2105 1603 2178 ei
1716 2127 1717 2162 ι

281 2233 401 2308 locum
428 2233 465 2306 in
494 2233 606 2329 gradu
633 2233 749 2330 primo
776 2239 857 2332 post
889 2237 1114 2333 superiorem
1144 2237 1223 2312 solii
1253 2235 1432 2312 adextris
1458 2238 1550 2330 Papo
1575 2238 1605 2304 al
1716 2225 1717 2234 '

283 2357 433 2430 fratrem
449 2358 557 2452 Papo,
587 2354 645 2452 qui
674 2355 810 2428 ibidem
830 2357 959 2452 stabat,
986 2361 1031 2435 de
1056 2361 1225 2436 mandato
1247 2359 1293 2434 ad
1313 2359 1495 2433 sinistram
1519 2360 1606 2453 Papo
1716 2385 1717 2414 ³

283 2481 367 2568 duxi
381 2480 427 2555 ad
441 2479 612 2554 eumdem
627 2481 793 2578 gradum,
804 2481 937 2556 ibidem
952 2484 1071 2584 ipsum
1085 2486 1254 2560 locando.
1268 2484 1369 2558 ldem
1381 2487 1424 2556 D.
1437 2482 1606 2557 Roberlus
1716 2505 1717 2542 ι

282 2608 429 2683 vestitus
445 2613 522 2710 erat
537 2610 658 2679 manto
670 2605 715 2680 de
728 2606 897 2682 broccato
913 2611 1021 2708 pleno
1037 2611 1375 2707 richissimolongo,
1394 2607 1554 2684 fimbrias
1567 2606 1607 2682 ad

283 2731 374 2805 duos
403 2729 533 2832 digitos
559 2752 625 2827 per
652 2736 783 2804 terram
808 2734 987 2828 trahente,
1020 2743 1145 2834 aperto
1174 2735 1220 2810 ad
1248 2735 1434 2810 dexteram
1458 2739 1604 2822 tantum,
1716 2751 1717 2796 ι

282 2855 427 2928 suffulto
439 2854 589 2929 zendato
605 2857 808 2931 cremosino
825 2859 962 2934 circum
978 2861 1112 2934 collum
1127 2860 1324 2958 duplicato,
1336 2858 1409 2932 sive
1426 2857 1606 2932 collarium
1716 2887 1717 2920 ι

281 2981 439 3055 habente
453 2979 678 3076 largitudinis
693 2981 798 3055 unius
814 2983 923 3080 palmi
943 2991 978 3058 et
999 3009 1021 3058 a
1039 2986 1166 3060 dextra
1182 2989 1340 3083 quatuor
1360 2983 1517 3058 botonos
1536 3005 1607 3055 ma·
1716 3039 1717 3042 ,

283 3129 374 3200 gnos
387 3130 431 3178 ex
446 3105 573 3204 perlis;
592 3105 637 3180 de
654 3105 780 3182 subtus
793 3108 951 3184 babebat
965 3116 1103 3186 vestem
1119 3111 1266 3208 longam
1286 3132 1401 3206 usque
1419 3108 1465 3182 ad
1480 3115 1607 3183 terram

283 3231 327 3304 do
344 3231 450 3304 simili
471 3231 644 3306 bruccato
664 3231 848 3308 zebellinis
874 3235 1057 3312 suffultam
1077 3243 1113 3311 et
1131 3235 1299 3334 incapite
1316 3235 1489 3311 birretum
1509 3257 1607 3310 suum
1716 3235 1717 3298 ι

284 3355 440 3429 solitum.
455 3355 572 3430 Finita
586 3356 698 3430 missa
712 3365 748 3430 et
762 3381 828 3456 per
839 3359 1050 3454 pontificem
1062 3360 1316 3438 benedictione
1332 3360 1429 3450 data,
1446 3383 1521 3436 nou
1536 3360 1609 3434 lue·

285 3487 367 3553 runt
385 3479 564 3578 publicato
588 3481 811 3578 indulgentia
832 3484 915 3580 quia
934 3508 977 3558 ea
996 3484 1067 3576 dio,
1090 3510 1137 3560 ex
1157 3485 1295 3560 indulto
1314 3485 1429 3560 felicis
1450 3485 1610 3560 reeorda-

283 3603 391 3676 tionis
407 3603 458 3676 Pii
473 3627 566 3702 pape
583 3608 626 3697 11,
645 3616 728 3680 sunt
743 3609 902 3709 plenarie
919 3611 1104 3708 perpetuis
1121 3611 1346 3711 temporibus
1363 3612 1548 3686 duraturo.

333 3727 470 3802 Deinde
494 3735 634 3824 portata
657 3731 802 3807 luerunt
826 3756 947 3807 coram
973 3735 1145 3832 pontifice
1168 3735 1239 3810 duo
1263 3736 1406 3828 vexilla,
1428 3760 1514 3834 que,
1531 3759 1608 3835 pre-

284 3857 386 3926 sente
402 3853 584 3928 cardinale
597 3857 854 3933 Mediolanensi
870 3860 1164 3959 prostherorum
1178 3862 1313 3962 priore,
1324 3866 1421 3960 Papa
1432 3861 1608 3938 benedixit
1716 3877 1717 3932 ι

284 3983 389 4074 prout
405 3977 441 4050 in
455 3977 558 4054 libro.
572 3983 661 4054 Turn
679 3985 719 4056 D.
733 3984 911 4058 Robertus
928 4008 1050 4060 coram
1065 3982 1466 4085 pontilicogeuussoxus
1483 3987 1606 4085 jurarit

284 4108 392 4206 prout
415 4105 580 4202 superius
605 4112 659 4180 est
681 4114 863 4182 notatum·
855 4111 1133 4207 ‚juramentum
1157 4117 1278 4186 mmen
1302 4113 1426 4210 legere
1448 4112 1606 4198 nesciuit,

285 4252 463 4303 excusans
486 4253 524 4306 se
547 4230 629 4326 quia
648 4233 805 4306 ocularia
825 4257 890 4334 sua
904 4258 976 4310 uon
992 4235 1161 4328 babebat,
1180 4237 1278 4334 quod
1296 4237 1481 4336 predictus
1498 4236 1609 4313 cardi-

284 4354 375 4426 nalis
388 4355 665 4429 lllediolanensis
678 4381 744 4453 per
762 4331 902 4456 singula
917 4361 1026 4434 verba
1045 4360 1211 4459 prolegit‚
1232 4368 1268 4436 et
1287 4361 1346 4436 illc
1363 4363 1499 4450 eadem
1508 4361 1608 4436 verba

285 4479 479 4576 replicavit.
485 4441 671 4578 Rogatus
695 4480 762 4555 luit
786 4481 830 4556 de
858 4483 1068 4580 hujusmodi
1090 4486 1287 4584 juramenti
1315 4488 1566 4586 prestatione·
1562 4491 1605 4560 b

284 4603 505 4679 Hanichetus
526 4628 670 4678 camere
692 4607 888 4704 apostolice
905 4610 1088 4682 notarius·
1081 4635 1179 4708 ,quo
1198 4613 1365 4710 prestito,
1383 4613 1507 4710 Papa'
1497 4635 1606 4712 impo-

284 4731 354 4804 suit
369 4730 435 4804 sibi
452 4730 625 4805 birrelum
640 4731 837 4806 altitudinis
858 4733 964 4807 unius
980 4735 1088 4832 palmi
1108 4759 1192 4810 cum
1208 4736 1356 4812 dimidio
1371 4737 1427 4811 uel
1440 4738 1550 4828 circa,
1569 4760 1607 4811 er

283 4854 450 4928 salonino
467 4857 671 4932 cremosino
688 4856 838 4932 inferius
853 4859 898 4931 ab
918 4860 1171 4936 extrahabens
1188 4861 1363 4936 circulum
1378 4861 1605 4960 longitudinis

282 4977 388 5050 unius
403 4979 503 5076 digiti
524 5005 607 5056 cum
627 4981 775 5055 dimidio
802 4982 858 5056 vel
884 4983 1042 5059 circada
1065 4986 1236 5061 broccato
1256 4995 1429 5085 argenteo
1449 5011 1533 5063 curn
1552 4984 1606 5060 ali·

280 5098 409 5202 quibus
421 5104 545 5200 paucis
555 5106 682 5202 perlis;
697 5115 730 5180 ct
741 5108 951 5210 superiusin
962 5111 1081 5186 medio
1092 5110 1408 5210 habuitquoddam
1419 5114 1604 5188 rotundum
