3496 6056
72 500 244 569 [deuterum]
384 497 510 556 RERUM
534 495 763 556 UHBANAHUM
788 496 1050 560 coadunarunt.
1333 511 1382 568 139

69 661 189 751 septem
205 652 264 725 alii
278 657 441 725 oratores
453 651 629 726 Sereniss.
643 653 738 749 regis
752 653 900 728 Francia
910 654 955 727 ad
965 656 1197 752 prestandam
1210 657 1380 736 obedien·

71 781 139 854 tiam
154 782 216 854 SS.
234 782 278 852 D.
296 783 338 852 N.
356 777 470 868 missi,
497 779 626 875 quibus
645 779 778 854 familie
802 783 863 854 SS.
881 784 923 854 D.
942 784 984 855 N.
1003 806 1044 856 ac
1063 787 1280 859 RRmorum.
1301 790 1377 860 DI).

68 903 286 978 cardinalium
308 903 448 977 obviam
468 913 644 980 venerunt
665 913 701 980 et
720 929 784 980 eos
804 907 1027 982 associarunt
1046 933 1147 984 more
1164 911 1268 985 solito
1288 938 1295 987 :
1315 913 1380 986 sed

69 1037 97 1104 et
112 1034 225 1104 limus.
242 1033 285 1102 D.
305 1027 496 1103 cardinalis
508 1032 777 1128 Andagavensis
792 1033 887 1106 venit
897 1035 1135 1131 personaliter
1149 1061 1263 1134 usque
1280 1045 1381 1112 extra

69 1163 192 1253 portam
208 1155 408 1253 predictam
425 1155 543 1248 Urbis,
561 1157 620 1230 ubi
643 1161 804 1232 oratores
826 1159 924 1256 ipsos
945 1161 1155 1257 expectavit,
1178 1185 1219 1234 ac
1240 1163 1379 1260 primus

68 1284 118 1378 qui
136 1282 198 1356 luit
223 1305 348 1356 comes
369 1282 512 1372 Delfini,
540 1284 676 1380 recepit
700 1305 802 1357 more
824 1283 928 1358 solito
949 1308 989 1358 ac
1010 1309 1032 1358 a
1051 1285 1184 1360 dextris
1211 1287 1376 1384 ejusdem

68 1408 195 1481 comitis
209 1407 380 1504 equitavit
396 1429 510 1505 usque
526 1408 571 1481 ad
585 1408 734 1483 domum
750 1432 866 1498 suurn,
883 1407 954 1481 hoc
971 1413 1024 1481 ast
1041 1408 1151 1504 ipsius
1163 1407 1356 1482 cardinalis
1372 1428 1379 1494 ;

68 1535 118 1609 alii
140 1559 199 1609 sex
223 1535 430 1632 equitarunt
460 1533 589 1632 singuli
618 1533 712 1609 inter
736 1535 826 1609 duos
852 1534 1009 1632 prelatos
1035 1533 1175 1630 palatii,
1203 1534 1260 1607 alii
1286 1533 1380 1608 inter

67 1661 228 1758 prelatum
243 1659 364 1758 palatii
385 1685 407 1734 a
425 1661 560 1734 dextris
583 1667 619 1733 et
639 1683 751 1734 unum
772 1683 816 1733 ex
834 1660 939 1734 dictis
957 1659 1158 1734 oratoribus
1175 1660 1209 1732 in
1231 1681 1382 1736 romana

67 1787 155 1860 curia
170 1787 404 1860 residentibus
421 1811 442 1860 a
456 1785 621 1860 sinistris.
717 1773 718 1776 ¹
1478 1769 1482 1778 ⁸

111 1917 179 1986 Hoc
194 1913 318 1986 ordine
335 1913 540 2010 equitarunt
555 1935 667 2008 usque
682 1912 727 1984 ad
742 1907 1379 2008 domumcardinalisrtndegavensis,

68 2039 120 2111 ubi
142 2039 308 2114 remansit
331 2039 521 2114 cardinalis
545 2062 626 2112 cum
647 2037 782 2112 familia
806 2061 869 2111 sua
897 2060 961 2108 seu
987 2035 1082 2108 illius
1111 2042 1225 2130 parte.
1251 2041 1380 2112 Comes

67 2187 141 2237 vero
165 2165 280 2238 etalii
303 2189 367 2238 sex
390 2171 553 2239 oratores
574 2164 702 2262 prelati
723 2163 889 2237 associati
909 2163 1054 2239 fuerunt
1078 2165 1203 2238 ordine
1231 2163 1335 2236 solito
1361 2188 1381 2237 a

67 2289 197 2386 prelatis
211 2295 247 2364 et
257 2289 544 2363 aliisoratoribus
559 2313 672 2385 usque
685 2289 729 2362 ad
740 2290 888 2362 domum
901 2315 966 2388 pro
977 2291 1198 2365 habitatione
1216 2290 1380 2387 ejusdem

68 2415 193 2488 comitis
207 2421 450 2513 preparatam,
467 2416 620 2512 positam
634 2437 707 2486 nou
717 2413 824 2512 longe
836 2439 856 2488 a
867 2417 1038 2509 Minerva,
1052 2417 1125 2506 ubi,
1139 2417 1228 2490 actis
1240 2415 1377 2514 gratiis,

70 2547 280 2614 recesserunt
300 2565 400 2616 more
417 2547 590 2616 consueto
607 2546 769 2614 oratores
785 2541 1003 2638 hujusmodi.
1023 2543 1164 2618 Primus
1184 2541 1249 2615 luit
1265 2541 1382 2614 cardi-

71 2665 150 2738 nalis
167 2666 449 2762 ,audegavensis
471 2673 511 2739 ut
531 2665 722 2765 prefectum
746 2667 927 2740 secundus
945 2689 1069 2742 comes
1090 2666 1233 2758 Delfici,
1257 2663 1383 2741 tertius

72 2793 106 2863 ll.
124 2794 161 2863 D.
178 2793 367 2889 episcopus
390 2791 638 2882 duraicensis;
665 2798 812 2887 quartus
833 2797 867 2865 et
885 2791 1044 2888 quintus,
1067 2792 1383 2866 commendatores

71 2915 208 2990 duarum
232 2918 423 2992 domorum
449 2919 701 3016 religiosarum
731 2917 865 2990 ordinis
895 2919 1007 2992 sancti
1037 2918 1196 3007 Antonii,
1232 2918 1384 2990 sirecte

72 3041 221 3132 memini;
239 3047 362 3115 sextus
387 3049 421 3117 et
443 3043 616 3141 septimus
641 3044 834 3118 consiliarii
859 3045 903 3117 de
928 3044 1152 3140 parlamento
1177 3043 1381 3139 parisiensi,

71 3171 202 3238 octavus
217 3165 430 3241 secretarius
446 3165 542 3262 regis
558 3166 720 3240 Francia.
740 3171 782 3240 Et
799 3173 884 3240 nota
899 3167 994 3264 quod
1010 3165 1199 3240 cardinalis
1214 3165 1382 3262 Andaga-

72 3293 174 3365 rensis
189 3315 232 3366 ex
247 3292 393 3390 propria
412 3292 644 3383 authoritate,
671 3300 792 3390 preter
816 3293 945 3366 scitum
974 3299 1010 3368 et
1030 3291 1294 3367 ordinationem
1315 3294 1379 3365 SS.

74 3419 109 3488 b.
136 3422 173 3492 N.
194 3425 231 3492 ut
246 3419 439 3516 prefertur,
465 3419 606 3493 obviam
621 3419 721 3526 venit!
738 3419 861 3492 comiti
881 3419 1044 3517 prelato;
1068 3419 1112 3491 de
1137 3441 1209 3516 quo
1234 3417 1271 3490 iu
1297 3441 1340 3492 eo
1362 3441 1381 3492 a

68 3543 323 3642 quampluribus
338 3568 411 3618 non
427 3544 607 3619 immerito
625 3544 867 3642 reprehensus
883 3544 962 3616 luit.

110 3668 206 3744 lleria
218 3677 331 3760 sexta,
353 3676 391 3744 tt
411 3671 496 3746 dicti
513 3671 648 3744 mensis
664 3669 849 3758 februarii,
866 3669 903 3741 iu
923 3691 1030 3742 mano
1045 3676 1128 3742 ante
1146 3669 1276 3743 boram
1294 3691 1383 3744 con-

71 3793 199 3884 sistorii,
222 3818 345 3870 comes
369 3797 499 3870 Delfiui
522 3821 605 3871 cum
628 3797 706 3871 aliis
727 3821 770 3872 ex
795 3797 997 3870 oratoribus
1019 3796 1166 3892 collegis
1193 3797 1266 3868 suis
1289 3797 1385 3869 venit

71 3918 108 3991 ad
125 3920 265 3995 domum
286 3923 477 3997 cardinalis
503 3924 785 4021 andegavensis,
808 3945 890 3996 cum
915 3945 985 4018 quo
1001 3921 1206 4018 equitarunt
1225 3923 1270 3996 ad
1291 3923 1387 4022 pala-

70 4043 157 4137 tium,
180 4069 304 4120 comes
324 4072 345 4120 a
365 4049 516 4121 sinistris
537 4047 726 4122 cardinalis
743 4054 875 4145 etpost
895 4071 957 4121 eos
978 4045 1038 4121 alii
1056 4053 1218 4121 oratores
1236 4071 1301 4146 pro
1320 4072 1385 4121 suo

70 4171 195 4260 ordine,
223 4173 390 4247 associati
415 4197 436 4246 a
460 4175 605 4272 prelatis
633 4173 902 4271 quampluribus
931 4173 1029 4269 ipsos
1060 4171 1319 4245 honorantibus
1344 4195 1385 4244 ac

68 4297 187 4373 familia
202 4303 266 4374 SS.
287 4302 330 4372 D.
354 4303 395 4373 N.
415 4323 457 4372 ac
471 4299 616 4397 prelatis
631 4299 766 4396 palatii,
785 4298 858 4396 qui,
877 4299 921 4371 ad
937 4298 1211 4396 persuasionem
1225 4297 1385 4393 episcopi

68 4424 290 4498 turnacensis
304 4448 368 4498 seu
384 4423 503 4514 electi,
516 4425 785 4521 possessionem
800 4423 962 4497 Ecclesia
980 4448 1042 4496 sue
1059 4423 1239 4497 favoribus
1256 4421 1384 4518 hujus,-

71 4549 154 4622 modi
168 4551 309 4648 assequi
325 4549 577 4638 desiderantis,
593 4556 714 4648 preter
728 4549 1029 4645 consuetudinem
1043 4573 1085 4622 ac
1095 4549 1208 4622 bonas
1222 4561 1385 4621 ceremo-

71 4671 136 4746 nias
150 4677 192 4748 ad
210 4677 281 4749 boc
301 4681 498 4765 venerunt3
523 4674 790 4749 descenderunt
806 4697 849 4748 ex
865 4675 967 4770 equis
983 4674 1019 4746 in
1035 4673 1166 4770 palatio
1183 4675 1219 4746 in
1240 4697 1284 4748 eo
1302 4675 1385 4748 loco

70 4795 99 4868 in
113 4823 178 4895 quo
192 4801 394 4875 cardinales
414 4801 636 4876 descendere
659 4801 788 4891 solent,
808 4807 843 4874 et
858 4799 929 4873 illic
946 4821 990 4872 eo
1010 4799 1135 4873 ordine
1156 4805 1192 4873 et
1208 4801 1328 4888 simili,
1347 4809 1386 4874 ut

69 4933 242 5016 venerunt,
261 4926 501 5000 ascendentes
515 4927 559 4998 ad
574 4926 727 5023 primam
743 4927 921 5024 majorem
941 4925 1058 4999 aulam
1071 4925 1192 5023 palatii
1209 4933 1245 5000 et
1260 4927 1305 5000 ab
1318 4927 1388 5001 alia

71 5055 158 5140 parte
176 5051 453 5142 descendentes,
479 5053 716 5126 veneruntad
737 5053 855 5126 aulam
881 5075 1121 5142 camerarum,
1149 5053 1221 5126 sira
1242 5075 1386 5127 camere

73 5175 274 5268 apostolice,
297 5177 333 5248 in
356 5201 444 5273 qua,
471 5175 627 5250 dimissis
647 5178 716 5250 illis
739 5185 879 5275 septem
900 5177 1104 5252 oratoribus
1129 5176 1276 5275 collegis
1293 5178 1383 5266 suia,
