<?xml version="1.0" encoding="UTF-8"?>
<!DOCTYPE html PUBLIC "-//W3C//DTD XHTML 1.0 Transitional//EN"
    "http://www.w3.org/TR/xhtml1/DTD/xhtml1-transitional.dtd">
<html xmlns="http://www.w3.org/1999/xhtml" xml:lang="en" lang="en">
 <head>
  <title>
</title>
<meta http-equiv="Content-Type" content="text/html;charset=utf-8" />
  <meta name='ocr-system' content='tesseract 3.04.00' />
  <meta name='ocr-capabilities' content='ocr_page ocr_carea ocr_par ocr_line ocrx_word'/>
</head>
<body>
  <div class='ocr_page' id='page_1' title='image "./johannisburchar02burcgoog/johannisburchar02burcgoog_0449.png"; bbox 0 0 3508 6034; ppageno 0'>
   <div class='ocr_carea' id='block_1_1' title="bbox 340 451 1649 521">
    <p class='ocr_par' dir='ltr' id='par_1_1' title="bbox 340 451 1649 521">
     <span class='ocr_line' id='line_1_1' title="bbox 340 451 1649 521; baseline -0.003 -10"><span class='ocrx_word' id='word_1_1' title='bbox 340 457 391 511; x_wconf 77' lang='lat'>434</span> <span class='ocrx_word' id='word_1_2' title='bbox 794 451 969 508; x_wconf 82' lang='lat' dir='ltr'>lOllANNlS</span> <span class='ocrx_word' id='word_1_3' title='bbox 994 451 1216 520; x_wconf 81' lang='lat' dir='ltr'>BURCHARDI,</span> <span class='ocrx_word' id='word_1_4' title='bbox 1427 455 1649 521; x_wconf 76' lang='lat' dir='ltr'>sltovcmlsrcllll,l</span> 
     </span>
    </p>
   </div>
   <div class='ocr_carea' id='block_1_2' title="bbox 337 606 1725 714">
    <p class='ocr_par' dir='ltr' id='par_1_2' title="bbox 337 606 1725 714">
     <span class='ocr_line' id='line_1_2' title="bbox 337 606 1725 714; baseline 0.005 -34"><span class='ocrx_word' id='word_1_5' title='bbox 337 609 407 681; x_wconf 89' lang='lat' dir='ltr'>hoc</span> <span class='ocrx_word' id='word_1_6' title='bbox 433 609 603 704; x_wconf 88' lang='lat' dir='ltr'>deputato</span> <span class='ocrx_word' id='word_1_7' title='bbox 632 612 782 703; x_wconf 80' lang='lat' dir='ltr'><strong>possent</strong></span> <span class='ocrx_word' id='word_1_8' title='bbox 808 607 854 680; x_wconf 90' lang='lat' dir='ltr'>ad</span> <span class='ocrx_word' id='word_1_9' title='bbox 881 607 1028 702; x_wconf 90' lang='lat' dir='ltr'>plenum</span> <span class='ocrx_word' id='word_1_10' title='bbox 1050 607 1178 703; x_wconf 80' lang='lat' dir='ltr'>exequi</span> <span class='ocrx_word' id='word_1_11' title='bbox 1200 606 1288 703; x_wconf 91' lang='lat' dir='ltr'>ipsis</span> <span class='ocrx_word' id='word_1_12' title='bbox 1315 606 1497 698; x_wconf 86' lang='lat' dir='ltr'>mandata,</span> <span class='ocrx_word' id='word_1_13' title='bbox 1524 611 1648 705; x_wconf 85' lang='lat' dir='ltr'>agendo</span> <span class='ocrx_word' id='word_1_14' title='bbox 1724 703 1725 714; x_wconf 13' lang='grc' dir='ltr'><strong>ἶ</strong></span> 
     </span>
    </p>
   </div>
   <div class='ocr_carea' id='block_1_3' title="bbox 336 731 1725 966">
    <p class='ocr_par' dir='ltr' id='par_1_3' title="bbox 336 731 1725 966">
     <span class='ocr_line' id='line_1_3' title="bbox 337 731 1725 832; baseline 0.003 -26"><span class='ocrx_word' id='word_1_15' title='bbox 337 732 664 832; x_wconf 81' lang='lat' dir='ltr'>gratiasSanctitati</span> <span class='ocrx_word' id='word_1_16' title='bbox 680 755 743 806; x_wconf 90' lang='lat' dir='ltr'>suc</span> <span class='ocrx_word' id='word_1_17' title='bbox 760 755 824 828; x_wconf 94' lang='lat' dir='ltr'>pro</span> <span class='ocrx_word' id='word_1_18' title='bbox 840 733 978 804; x_wconf 79' lang='lat' dir='ltr'>honore</span> <span class='ocrx_word' id='word_1_19' title='bbox 995 733 1032 804; x_wconf 91' lang='lat' dir='ltr'>in</span> <span class='ocrx_word' id='word_1_20' title='bbox 1048 755 1175 806; x_wconf 92' lang='lat' dir='ltr'>eorum</span> <span class='ocrx_word' id='word_1_21' title='bbox 1187 731 1334 805; x_wconf 89' lang='lat' dir='ltr'>introitu</span> <span class='ocrx_word' id='word_1_22' title='bbox 1352 733 1438 830; x_wconf 91' lang='lat' dir='ltr'>ipsis</span> <span class='ocrx_word' id='word_1_23' title='bbox 1449 733 1605 830; x_wconf 90' lang='lat' dir='ltr'>impenso</span> <span class='ocrx_word' id='word_1_24' title='bbox 1618 745 1646 810; x_wconf 92' lang='lat' dir='ltr'>et</span> <span class='ocrx_word' id='word_1_25' title='bbox 1724 759 1725 766; x_wconf 53' lang='lat'>¹</span> 
     </span>
     <span class='ocr_line' id='line_1_4' title="bbox 336 857 1725 966; baseline 0.001 -34"><span class='ocrx_word' id='word_1_26' title='bbox 336 883 375 932; x_wconf 92' lang='lat' dir='ltr'>se</span> <span class='ocrx_word' id='word_1_27' title='bbox 397 859 514 933; x_wconf 91' lang='lat' dir='ltr'>eidem</span> <span class='ocrx_word' id='word_1_28' title='bbox 539 857 727 932; x_wconf 89' lang='lat' dir='ltr'>Sanctitali</span> <span class='ocrx_word' id='word_1_29' title='bbox 751 857 1064 948; x_wconf 89' lang='lat' dir='ltr'>commendando;</span> <span class='ocrx_word' id='word_1_30' title='bbox 1090 857 1225 954; x_wconf 89' lang='lat' dir='ltr'>adque</span> <span class='ocrx_word' id='word_1_31' title='bbox 1248 859 1371 931; x_wconf 88' lang='lat' dir='ltr'>omnia</span> <span class='ocrx_word' id='word_1_32' title='bbox 1393 859 1569 933; x_wconf 77' lang='lat' dir='ltr'><strong>Sanctitas</strong></span> <span class='ocrx_word' id='word_1_33' title='bbox 1594 886 1647 934; x_wconf 87' lang='lat' dir='ltr'>suu</span> <span class='ocrx_word' id='word_1_34' title='bbox 1724 899 1725 966; x_wconf 56' lang='lat'>3</span> 
     </span>
    </p>
   </div>
   <div class='ocr_carea' id='block_1_4' title="bbox 320 983 1648 5223">
    <p class='ocr_par' dir='ltr' id='par_1_4' title="bbox 331 983 1648 2468">
     <span class='ocr_line' id='line_1_5' title="bbox 336 983 1646 1082; baseline -0.001 -25"><span class='ocrx_word' id='word_1_35' title='bbox 336 985 559 1082; x_wconf 74' lang='lat' dir='ltr'>pertinenter</span> <span class='ocrx_word' id='word_1_36' title='bbox 574 984 739 1060; x_wconf 91' lang='lat' dir='ltr'>brevibus</span> <span class='ocrx_word' id='word_1_37' title='bbox 754 983 871 1057; x_wconf 90' lang='lat' dir='ltr'>verbis</span> <span class='ocrx_word' id='word_1_38' title='bbox 897 983 1096 1081; x_wconf 90' lang='lat' dir='ltr'>respoudit.</span> <span class='ocrx_word' id='word_1_39' title='bbox 1114 986 1202 1056; x_wconf 90' lang='lat' dir='ltr'>Tum</span> <span class='ocrx_word' id='word_1_40' title='bbox 1215 983 1331 1056; x_wconf 87' lang='lat' dir='ltr'>dictus</span> <span class='ocrx_word' id='word_1_41' title='bbox 1347 983 1539 1080; x_wconf 90' lang='lat' dir='ltr'>episcopus</span> <span class='ocrx_word' id='word_1_42' title='bbox 1553 987 1646 1057; x_wconf 89' lang='lat' dir='ltr'>Lom-</span> 
     </span>
     <span class='ocr_line' id='line_1_6' title="bbox 335 1108 1645 1207; baseline 0.002 -25"><span class='ocrx_word' id='word_1_43' title='bbox 335 1110 511 1184; x_wconf 89' lang='lat' dir='ltr'>barieusis</span> <span class='ocrx_word' id='word_1_44' title='bbox 533 1109 670 1200; x_wconf 86' lang='lat' dir='ltr'>literas,</span> <span class='ocrx_word' id='word_1_45' title='bbox 690 1133 778 1206; x_wconf 90' lang='lat' dir='ltr'>quas</span> <span class='ocrx_word' id='word_1_46' title='bbox 799 1108 844 1182; x_wconf 90' lang='lat' dir='ltr'>ad</span> <span class='ocrx_word' id='word_1_47' title='bbox 864 1108 1056 1206; x_wconf 79' lang='lat' dir='ltr'>collegium</span> <span class='ocrx_word' id='word_1_48' title='bbox 1077 1108 1246 1198; x_wconf 84' lang='lat' dir='ltr'>habebat,</span> <span class='ocrx_word' id='word_1_49' title='bbox 1268 1109 1563 1184; x_wconf 89' lang='lat' dir='ltr'>vicecancellario</span> <span class='ocrx_word' id='word_1_50' title='bbox 1576 1134 1645 1207; x_wconf 88' lang='lat' dir='ltr'>pre-</span> 
     </span>
     <span class='ocr_line' id='line_1_7' title="bbox 335 1232 1646 1332; baseline -0.002 -26"><span class='ocrx_word' id='word_1_51' title='bbox 335 1235 499 1323; x_wconf 91' lang='lat' dir='ltr'>sentavit,</span> <span class='ocrx_word' id='word_1_52' title='bbox 532 1235 593 1332; x_wconf 95' lang='lat' dir='ltr'>qui</span> <span class='ocrx_word' id='word_1_53' title='bbox 625 1233 827 1307; x_wconf 86' lang='lat' dir='ltr'>successive</span> <span class='ocrx_word' id='word_1_54' title='bbox 859 1233 1078 1330; x_wconf 88' lang='lat' dir='ltr'>presentavit</span> <span class='ocrx_word' id='word_1_55' title='bbox 1110 1232 1359 1330; x_wconf 86' lang='lat' dir='ltr'>Neapolitano,</span> <span class='ocrx_word' id='word_1_56' title='bbox 1397 1257 1581 1330; x_wconf 85' lang='lat' dir='ltr'>quousque</span> <span class='ocrx_word' id='word_1_57' title='bbox 1601 1233 1646 1306; x_wconf 85' lang='lat' dir='ltr'>&#39;ad</span> 
     </span>
     <span class='ocr_line' id='line_1_8' title="bbox 333 1358 1648 1458; baseline -0.002 -24"><span class='ocrx_word' id='word_1_58' title='bbox 333 1359 553 1434; x_wconf 77' lang='lat' dir='ltr'>cardinalem</span> <span class='ocrx_word' id='word_1_59' title='bbox 566 1360 678 1434; x_wconf 84' lang='lat' dir='ltr'>seneli</span> <span class='ocrx_word' id='word_1_60' title='bbox 694 1358 838 1455; x_wconf 84' lang='lat' dir='ltr'>Georgii</span> <span class='ocrx_word' id='word_1_61' title='bbox 854 1358 1010 1455; x_wconf 90' lang='lat' dir='ltr'>primum</span> <span class='ocrx_word' id='word_1_62' title='bbox 1030 1359 1223 1458; x_wconf 83' lang='lat' dir='ltr'>diaconum</span> <span class='ocrx_word' id='word_1_63' title='bbox 1239 1359 1510 1457; x_wconf 90' lang='lat' dir='ltr'>pervenissent;</span> <span class='ocrx_word' id='word_1_64' title='bbox 1527 1360 1596 1456; x_wconf 92' lang='lat' dir='ltr'>qui,</span> <span class='ocrx_word' id='word_1_65' title='bbox 1611 1361 1648 1432; x_wconf 86' lang='lat' dir='ltr'>ud</span> 
     </span>
     <span class='ocr_line' id='line_1_9' title="bbox 332 1470 1647 1582; baseline 0.001 -25"><span class='ocrx_word' id='word_1_66' title='bbox 332 1470 482 1559; x_wconf 86' lang='lat' dir='ltr'>verbum</span> <span class='ocrx_word' id='word_1_67' title='bbox 507 1483 805 1574; x_wconf 78' lang='lat' dir='ltr'>vicecancellarii,</span> <span class='ocrx_word' id='word_1_68' title='bbox 833 1507 894 1557; x_wconf 89' lang='lat' dir='ltr'>eas</span> <span class='ocrx_word' id='word_1_69' title='bbox 923 1484 1067 1560; x_wconf 80' lang='lat' dir='ltr'>tradidit</span> <span class='ocrx_word' id='word_1_70' title='bbox 1096 1485 1260 1582; x_wconf 91' lang='lat' dir='ltr'>predicto</span> <span class='ocrx_word' id='word_1_71' title='bbox 1289 1485 1461 1582; x_wconf 91' lang='lat' dir='ltr'>episcopo</span> <span class='ocrx_word' id='word_1_72' title='bbox 1491 1485 1647 1559; x_wconf 90' lang='lat' dir='ltr'>Pemsiuo</span> 
     </span>
     <span class='ocr_line' id='line_1_10' title="bbox 333 1608 1647 1708; baseline -0.001 -25"><span class='ocrx_word' id='word_1_73' title='bbox 333 1611 530 1685; x_wconf 87' lang='lat' dir='ltr'>secretario</span> <span class='ocrx_word' id='word_1_74' title='bbox 554 1615 649 1707; x_wconf 88' lang='lat' dir='ltr'>Papo</span> <span class='ocrx_word' id='word_1_75' title='bbox 676 1608 863 1707; x_wconf 81' lang='lat' dir='ltr'>legendas,</span> <span class='ocrx_word' id='word_1_76' title='bbox 891 1611 952 1705; x_wconf 94' lang='lat' dir='ltr'>qui</span> <span class='ocrx_word' id='word_1_77' title='bbox 977 1635 1039 1684; x_wconf 90' lang='lat' dir='ltr'>eas</span> <span class='ocrx_word' id='word_1_78' title='bbox 1061 1611 1149 1707; x_wconf 86' lang='lat' dir='ltr'>legit</span> <span class='ocrx_word' id='word_1_79' title='bbox 1172 1609 1314 1708; x_wconf 92' lang='lat' dir='ltr'>publice</span> <span class='ocrx_word' id='word_1_80' title='bbox 1338 1617 1373 1684; x_wconf 91' lang='lat' dir='ltr'>et</span> <span class='ocrx_word' id='word_1_81' title='bbox 1400 1610 1516 1706; x_wconf 91' lang='lat' dir='ltr'>primo</span> <span class='ocrx_word' id='word_1_82' title='bbox 1536 1635 1647 1708; x_wconf 88' lang='lat' dir='ltr'>super-</span> 
     </span>
     <span class='ocr_line' id='line_1_11' title="bbox 333 1736 1646 1835; baseline 0.002 -27"><span class='ocrx_word' id='word_1_83' title='bbox 333 1736 580 1833; x_wconf 89' lang='lat' dir='ltr'>scriptionem,</span> <span class='ocrx_word' id='word_1_84' title='bbox 617 1737 747 1832; x_wconf 88' lang='lat' dir='ltr'>deinde</span> <span class='ocrx_word' id='word_1_85' title='bbox 783 1737 1088 1834; x_wconf 79' lang='lat' dir='ltr'>subscriptionem</span> <span class='ocrx_word' id='word_1_86' title='bbox 1124 1763 1192 1835; x_wconf 92' lang='lat' dir='ltr'>que</span> <span class='ocrx_word' id='word_1_87' title='bbox 1228 1745 1306 1812; x_wconf 89' lang='lat' dir='ltr'>erat</span> <span class='ocrx_word' id='word_1_88' title='bbox 1340 1737 1498 1829; x_wconf 78' lang='lat' dir='ltr'>Clzorles,</span> <span class='ocrx_word' id='word_1_89' title='bbox 1532 1737 1646 1811; x_wconf 89' lang='lat' dir='ltr'>deiude</span> 
     </span>
     <span class='ocr_line' id='line_1_12' title="bbox 334 1862 1648 1962; baseline 0 -28"><span class='ocrx_word' id='word_1_90' title='bbox 334 1863 455 1937; x_wconf 88' lang='lat' dir='ltr'>datam</span> <span class='ocrx_word' id='word_1_91' title='bbox 483 1863 630 1937; x_wconf 85' lang='lat' dir='ltr'>Turonis</span> <span class='ocrx_word' id='word_1_92' title='bbox 660 1875 740 1947; x_wconf 67' lang='lat' dir='ltr'>etc„</span> <span class='ocrx_word' id='word_1_93' title='bbox 761 1871 889 1962; x_wconf 90' lang='lat' dir='ltr'>postea</span> <span class='ocrx_word' id='word_1_94' title='bbox 914 1865 1131 1962; x_wconf 91' lang='lat' dir='ltr'>principium</span> <span class='ocrx_word' id='word_1_95' title='bbox 1159 1865 1344 1938; x_wconf 87' lang='lat' dir='ltr'>literarum</span> <span class='ocrx_word' id='word_1_96' title='bbox 1373 1863 1567 1960; x_wconf 87' lang='lat' dir='ltr'>quoderat</span> <span class='ocrx_word' id='word_1_97' title='bbox 1592 1862 1648 1936; x_wconf 81' lang='lat' dir='ltr'>Co-</span> 
     </span>
     <span class='ocr_line' id='line_1_13' title="bbox 332 1988 1646 2088; baseline 0.002 -29"><span class='ocrx_word' id='word_1_98' title='bbox 332 1988 427 2061; x_wconf 82' lang='lat' dir='ltr'>rolus</span> <span class='ocrx_word' id='word_1_99' title='bbox 440 2013 503 2062; x_wconf 77' lang='lat' dir='ltr'>rec</span> <span class='ocrx_word' id='word_1_100' title='bbox 522 1989 749 2064; x_wconf 74' lang='lat' dir='ltr'>Fl¹orrcieetc</span> <span class='ocrx_word' id='word_1_101' title='bbox 769 1995 837 2066; x_wconf 90' lang='lat' dir='ltr'>Per</span> <span class='ocrx_word' id='word_1_102' title='bbox 851 1992 988 2066; x_wconf 89' lang='lat' dir='ltr'>litteras</span> <span class='ocrx_word' id='word_1_103' title='bbox 1012 2015 1077 2066; x_wconf 87' lang='lat' dir='ltr'>rex</span> <span class='ocrx_word' id='word_1_104' title='bbox 1100 1991 1178 2088; x_wconf 88' lang='lat' dir='ltr'>ipse</span> <span class='ocrx_word' id='word_1_105' title='bbox 1197 1989 1477 2064; x_wconf 76' lang='lat' dir='ltr'>commendabat</span> <span class='ocrx_word' id='word_1_106' title='bbox 1496 1989 1646 2063; x_wconf 89' lang='lat' dir='ltr'>cardina·</span> 
     </span>
     <span class='ocr_line' id='line_1_14' title="bbox 331 2113 1646 2216; baseline 0 -31"><span class='ocrx_word' id='word_1_107' title='bbox 331 2113 424 2187; x_wconf 94' lang='lat' dir='ltr'>libus</span> <span class='ocrx_word' id='word_1_108' title='bbox 437 2121 598 2191; x_wconf 91' lang='lat' dir='ltr'>oratores</span> <span class='ocrx_word' id='word_1_109' title='bbox 621 2118 802 2214; x_wconf 87' lang='lat' dir='ltr'>predictos</span> <span class='ocrx_word' id='word_1_110' title='bbox 822 2125 857 2192; x_wconf 92' lang='lat' dir='ltr'>et</span> <span class='ocrx_word' id='word_1_111' title='bbox 872 2143 938 2192; x_wconf 89' lang='lat' dir='ltr'>sua</span> <span class='ocrx_word' id='word_1_112' title='bbox 957 2117 1116 2216; x_wconf 86' lang='lat' dir='ltr'>negotia,</span> <span class='ocrx_word' id='word_1_113' title='bbox 1140 2123 1176 2192; x_wconf 93' lang='lat' dir='ltr'>et</span> <span class='ocrx_word' id='word_1_114' title='bbox 1189 2117 1241 2192; x_wconf 89' lang='lat' dir='ltr'>eis</span> <span class='ocrx_word' id='word_1_115' title='bbox 1255 2125 1328 2191; x_wconf 89' lang='lat' dir='ltr'>tam</span> <span class='ocrx_word' id='word_1_116' title='bbox 1344 2113 1461 2190; x_wconf 87' lang='lat' dir='ltr'>amice</span> <span class='ocrx_word' id='word_1_117' title='bbox 1483 2114 1646 2188; x_wconf 82' lang='lat' dir='ltr'>scribebat</span> 
     </span>
     <span class='ocr_line' id='line_1_15' title="bbox 333 2239 1645 2340; baseline 0 -28"><span class='ocrx_word' id='word_1_118' title='bbox 333 2239 546 2337; x_wconf 86' lang='lat' dir='ltr'>appellando</span> <span class='ocrx_word' id='word_1_119' title='bbox 563 2267 626 2316; x_wconf 90' lang='lat' dir='ltr'>eos</span> <span class='ocrx_word' id='word_1_120' title='bbox 641 2243 770 2317; x_wconf 82' lang='lat' dir='ltr'>amicos</span> <span class='ocrx_word' id='word_1_121' title='bbox 783 2243 922 2317; x_wconf 83' lang='lat' dir='ltr'>dilectos</span> <span class='ocrx_word' id='word_1_122' title='bbox 935 2269 978 2317; x_wconf 91' lang='lat' dir='ltr'>ac</span> <span class='ocrx_word' id='word_1_123' title='bbox 995 2244 1023 2317; x_wconf 93' lang='lat' dir='ltr'>si</span> <span class='ocrx_word' id='word_1_124' title='bbox 1039 2251 1160 2318; x_wconf 91' lang='lat' dir='ltr'>esseut</span> <span class='ocrx_word' id='word_1_125' title='bbox 1181 2242 1356 2340; x_wconf 90' lang='lat' dir='ltr'>capellani</span> <span class='ocrx_word' id='word_1_126' title='bbox 1373 2241 1443 2332; x_wconf 90' lang='lat' dir='ltr'>sui,</span> <span class='ocrx_word' id='word_1_127' title='bbox 1455 2239 1645 2316; x_wconf 84' lang='lat' dir='ltr'>denotando</span> 
     </span>
     <span class='ocr_line' id='line_1_16' title="bbox 333 2371 1387 2468; baseline 0.004 -30"><span class='ocrx_word' id='word_1_128' title='bbox 333 2388 395 2439; x_wconf 90' lang='lat' dir='ltr'>eos</span> <span class='ocrx_word' id='word_1_129' title='bbox 411 2391 476 2464; x_wconf 92' lang='lat' dir='ltr'>per</span> <span class='ocrx_word' id='word_1_130' title='bbox 491 2392 548 2442; x_wconf 86' lang='lat' dir='ltr'>uos</span> <span class='ocrx_word' id='word_1_131' title='bbox 560 2376 593 2442; x_wconf 91' lang='lat' dir='ltr'>el</span> <span class='ocrx_word' id='word_1_132' title='bbox 609 2393 681 2444; x_wconf 92' lang='lat' dir='ltr'>non</span> <span class='ocrx_word' id='word_1_133' title='bbox 696 2382 887 2468; x_wconf 83' lang='lat' dir='ltr'>perpetres</span> <span class='ocrx_word' id='word_1_134' title='bbox 902 2371 956 2455; x_wconf 89' lang='lat' dir='ltr'>vel</span> <span class='ocrx_word' id='word_1_135' title='bbox 969 2371 1230 2445; x_wconf 81' lang='lat' dir='ltr'>Dominotr&#39;onea</span> <span class='ocrx_word' id='word_1_136' title='bbox 1244 2381 1387 2443; x_wconf 84' lang='lat' dir='ltr'>vestros.</span> 
     </span>
    </p>

    <p class='ocr_par' dir='ltr' id='par_1_5' title="bbox 328 2492 1645 3464">
     <span class='ocr_line' id='line_1_17' title="bbox 383 2492 1645 2593; baseline 0.001 -27"><span class='ocrx_word' id='word_1_137' title='bbox 383 2493 500 2567; x_wconf 87' lang='lat' dir='ltr'>Lectis</span> <span class='ocrx_word' id='word_1_138' title='bbox 516 2493 572 2568; x_wconf 92' lang='lat' dir='ltr'>his</span> <span class='ocrx_word' id='word_1_139' title='bbox 588 2495 700 2568; x_wconf 90' lang='lat' dir='ltr'>literis</span> <span class='ocrx_word' id='word_1_140' title='bbox 716 2518 789 2568; x_wconf 92' lang='lat' dir='ltr'>non</span> <span class='ocrx_word' id='word_1_141' title='bbox 804 2496 871 2569; x_wconf 91' lang='lat' dir='ltr'>luit</span> <span class='ocrx_word' id='word_1_142' title='bbox 888 2496 1023 2570; x_wconf 90' lang='lat' dir='ltr'>dictum</span> <span class='ocrx_word' id='word_1_143' title='bbox 1040 2496 1294 2593; x_wconf 91' lang='lat' dir='ltr'>quodcumque</span> <span class='ocrx_word' id='word_1_144' title='bbox 1310 2493 1406 2568; x_wconf 90' lang='lat' dir='ltr'>aliud</span> <span class='ocrx_word' id='word_1_145' title='bbox 1418 2495 1574 2588; x_wconf 88' lang='lat' dir='ltr'>verbum,</span> <span class='ocrx_word' id='word_1_146' title='bbox 1592 2492 1645 2568; x_wconf 88' lang='lat' dir='ltr'>sed</span> 
     </span>
     <span class='ocr_line' id='line_1_18' title="bbox 334 2611 1642 2718; baseline 0.002 -29"><span class='ocrx_word' id='word_1_147' title='bbox 334 2626 568 2691; x_wconf 88' lang='lat' dir='ltr'>surrexerunt</span> <span class='ocrx_word' id='word_1_148' title='bbox 589 2611 751 2693; x_wconf 78' lang='lat' dir='ltr'>oratores</span> <span class='ocrx_word' id='word_1_149' title='bbox 777 2621 927 2718; x_wconf 88' lang='lat' dir='ltr'>predicti</span> <span class='ocrx_word' id='word_1_150' title='bbox 955 2628 991 2696; x_wconf 93' lang='lat' dir='ltr'>et</span> <span class='ocrx_word' id='word_1_151' title='bbox 1017 2647 1199 2697; x_wconf 87' lang='lat' dir='ltr'>cameram</span> <span class='ocrx_word' id='word_1_152' title='bbox 1226 2619 1430 2696; x_wconf 88' lang='lat' dir='ltr'>consistorii</span> <span class='ocrx_word' id='word_1_153' title='bbox 1459 2621 1642 2704; x_wconf 87' lang='lat' dir='ltr'>exiverunt,</span> 
     </span>
     <span class='ocr_line' id='line_1_19' title="bbox 332 2744 1643 2846; baseline 0 -31"><span class='ocrx_word' id='word_1_154' title='bbox 332 2765 424 2838; x_wconf 92' lang='lat' dir='ltr'>quos</span> <span class='ocrx_word' id='word_1_155' title='bbox 441 2744 554 2817; x_wconf 91' lang='lat' dir='ltr'>secuti</span> <span class='ocrx_word' id='word_1_156' title='bbox 571 2752 649 2820; x_wconf 91' lang='lat' dir='ltr'>sunt</span> <span class='ocrx_word' id='word_1_157' title='bbox 668 2745 728 2818; x_wconf 90' lang='lat' dir='ltr'>alii</span> <span class='ocrx_word' id='word_1_158' title='bbox 747 2753 909 2821; x_wconf 87' lang='lat' dir='ltr'>oratores</span> <span class='ocrx_word' id='word_1_159' title='bbox 930 2755 965 2821; x_wconf 88' lang='lat' dir='ltr'>et</span> <span class='ocrx_word' id='word_1_160' title='bbox 988 2748 1116 2846; x_wconf 86' lang='lat' dir='ltr'>prelati</span> <span class='ocrx_word' id='word_1_161' title='bbox 1141 2747 1262 2845; x_wconf 80' lang='lat' dir='ltr'>palatii</span> <span class='ocrx_word' id='word_1_162' title='bbox 1278 2748 1339 2844; x_wconf 94' lang='lat' dir='ltr'>qui</span> <span class='ocrx_word' id='word_1_163' title='bbox 1357 2747 1454 2820; x_wconf 90' lang='lat' dir='ltr'>iutus</span> <span class='ocrx_word' id='word_1_164' title='bbox 1475 2755 1589 2838; x_wconf 83' lang='lat' dir='ltr'>erant;</span> <span class='ocrx_word' id='word_1_165' title='bbox 1614 2752 1643 2817; x_wconf 92' lang='lat' dir='ltr'>et</span> 
     </span>
     <span class='ocr_line' id='line_1_20' title="bbox 332 2867 1644 2971; baseline 0.002 -32"><span class='ocrx_word' id='word_1_166' title='bbox 332 2867 408 2942; x_wconf 91' lang='lat' dir='ltr'>sine</span> <span class='ocrx_word' id='word_1_167' title='bbox 425 2893 528 2944; x_wconf 91' lang='lat' dir='ltr'>mora</span> <span class='ocrx_word' id='word_1_168' title='bbox 543 2869 652 2944; x_wconf 88' lang='lat' dir='ltr'>iidem</span> <span class='ocrx_word' id='word_1_169' title='bbox 669 2879 832 2946; x_wconf 84' lang='lat' dir='ltr'>oratores</span> <span class='ocrx_word' id='word_1_170' title='bbox 856 2873 1008 2948; x_wconf 87' lang='lat' dir='ltr'>Franoie</span> <span class='ocrx_word' id='word_1_171' title='bbox 1033 2899 1077 2948; x_wconf 91' lang='lat' dir='ltr'>eo</span> <span class='ocrx_word' id='word_1_172' title='bbox 1100 2875 1227 2948; x_wconf 90' lang='lat' dir='ltr'>ordine</span> <span class='ocrx_word' id='word_1_173' title='bbox 1253 2881 1360 2971; x_wconf 91' lang='lat' dir='ltr'>prout</span> <span class='ocrx_word' id='word_1_174' title='bbox 1374 2877 1593 2947; x_wconf 90' lang='lat' dir='ltr'>veneruntel</span> <span class='ocrx_word' id='word_1_175' title='bbox 1607 2869 1644 2943; x_wconf 87' lang='lat' dir='ltr'>ab</span> 
     </span>
     <span class='ocr_line' id='line_1_21' title="bbox 330 2991 1644 3094; baseline 0.002 -30"><span class='ocrx_word' id='word_1_176' title='bbox 330 2991 467 3067; x_wconf 90' lang='lat' dir='ltr'>eisdem</span> <span class='ocrx_word' id='word_1_177' title='bbox 493 2997 639 3092; x_wconf 85' lang='lat' dir='ltr'>prelatis</span> <span class='ocrx_word' id='word_1_178' title='bbox 662 2998 827 3072; x_wconf 86' lang='lat' dir='ltr'>associati</span> <span class='ocrx_word' id='word_1_179' title='bbox 851 3000 896 3072; x_wconf 91' lang='lat' dir='ltr'>ad</span> <span class='ocrx_word' id='word_1_180' title='bbox 913 3001 1062 3074; x_wconf 92' lang='lat' dir='ltr'>domum</span> <span class='ocrx_word' id='word_1_181' title='bbox 1085 3001 1130 3075; x_wconf 93' lang='lat' dir='ltr'>de</span> <span class='ocrx_word' id='word_1_182' title='bbox 1157 2999 1287 3090; x_wconf 88' lang='lat' dir='ltr'>Flisco,</span> <span class='ocrx_word' id='word_1_183' title='bbox 1316 2999 1354 3071; x_wconf 92' lang='lat' dir='ltr'>in</span> <span class='ocrx_word' id='word_1_184' title='bbox 1376 3022 1449 3094; x_wconf 87' lang='lat' dir='ltr'>qua</span> <span class='ocrx_word' id='word_1_185' title='bbox 1468 2997 1644 3094; x_wconf 88' lang='lat' dir='ltr'>episcopus</span> 
     </span>
     <span class='ocr_line' id='line_1_22' title="bbox 329 3119 1643 3222; baseline -0.001 -30"><span class='ocrx_word' id='word_1_186' title='bbox 329 3119 596 3198; x_wconf 87' lang='lat' dir='ltr'>Lombariensis</span> <span class='ocrx_word' id='word_1_187' title='bbox 620 3125 825 3222; x_wconf 87' lang='lat' dir='ltr'>hospitatus</span> <span class='ocrx_word' id='word_1_188' title='bbox 845 3132 913 3216; x_wconf 92' lang='lat' dir='ltr'>est,</span> <span class='ocrx_word' id='word_1_189' title='bbox 937 3132 1019 3200; x_wconf 86' lang='lat' dir='ltr'>sunt</span> <span class='ocrx_word' id='word_1_190' title='bbox 1035 3125 1184 3216; x_wconf 90' lang='lat' dir='ltr'>reversi,</span> <span class='ocrx_word' id='word_1_191' title='bbox 1202 3125 1273 3198; x_wconf 91' lang='lat' dir='ltr'>hoc</span> <span class='ocrx_word' id='word_1_192' title='bbox 1293 3123 1370 3198; x_wconf 93' lang='lat' dir='ltr'>solo</span> <span class='ocrx_word' id='word_1_193' title='bbox 1391 3125 1537 3220; x_wconf 89' lang='lat' dir='ltr'>dempto</span> <span class='ocrx_word' id='word_1_194' title='bbox 1556 3119 1643 3217; x_wconf 89' lang='lat' dir='ltr'>quod</span> 
     </span>
     <span class='ocr_line' id='line_1_23' title="bbox 331 3243 1644 3348; baseline 0.001 -32"><span class='ocrx_word' id='word_1_195' title='bbox 331 3243 441 3318; x_wconf 85' lang='lat' dir='ltr'>abbas</span> <span class='ocrx_word' id='word_1_196' title='bbox 458 3271 487 3319; x_wconf 81' lang='lat' dir='ltr'>s,</span> <span class='ocrx_word' id='word_1_197' title='bbox 506 3249 651 3321; x_wconf 77' lang='lat' dir='ltr'>Antonii</span> <span class='ocrx_word' id='word_1_198' title='bbox 667 3249 838 3324; x_wconf 91' lang='lat' dir='ltr'>continuo</span> <span class='ocrx_word' id='word_1_199' title='bbox 855 3250 948 3325; x_wconf 91' lang='lat' dir='ltr'>inter</span> <span class='ocrx_word' id='word_1_200' title='bbox 969 3251 1128 3348; x_wconf 91' lang='lat' dir='ltr'>priorem</span> <span class='ocrx_word' id='word_1_201' title='bbox 1145 3249 1311 3324; x_wconf 82' lang='lat' dir='ltr'>Alvernie</span> <span class='ocrx_word' id='word_1_202' title='bbox 1326 3273 1346 3322; x_wconf 87' lang='lat' dir='ltr'>a</span> <span class='ocrx_word' id='word_1_203' title='bbox 1360 3247 1495 3321; x_wconf 86' lang='lat' dir='ltr'>dextris</span> <span class='ocrx_word' id='word_1_204' title='bbox 1511 3256 1545 3321; x_wconf 93' lang='lat' dir='ltr'>et</span> <span class='ocrx_word' id='word_1_205' title='bbox 1558 3245 1644 3342; x_wconf 93' lang='lat' dir='ltr'>epis-</span> 
     </span>
     <span class='ocr_line' id='line_1_24' title="bbox 328 3371 1517 3464; baseline 0.002 -24"><span class='ocrx_word' id='word_1_206' title='bbox 328 3389 458 3464; x_wconf 92' lang='lat' dir='ltr'>copum</span> <span class='ocrx_word' id='word_1_207' title='bbox 475 3372 777 3447; x_wconf 88' lang='lat' dir='ltr'>Concordiensem</span> <span class='ocrx_word' id='word_1_208' title='bbox 795 3399 817 3448; x_wconf 89' lang='lat' dir='ltr'>a</span> <span class='ocrx_word' id='word_1_209' title='bbox 836 3374 991 3448; x_wconf 90' lang='lat' dir='ltr'>sinistris</span> <span class='ocrx_word' id='word_1_210' title='bbox 1011 3373 1152 3448; x_wconf 90' lang='lat' dir='ltr'>medius</span> <span class='ocrx_word' id='word_1_211' title='bbox 1169 3373 1241 3446; x_wconf 92' lang='lat' dir='ltr'>ibat</span> <span class='ocrx_word' id='word_1_212' title='bbox 1256 3373 1294 3444; x_wconf 93' lang='lat' dir='ltr'>in</span> <span class='ocrx_word' id='word_1_213' title='bbox 1309 3372 1404 3446; x_wconf 94' lang='lat' dir='ltr'>diclo</span> <span class='ocrx_word' id='word_1_214' title='bbox 1422 3371 1517 3445; x_wconf 90' lang='lat' dir='ltr'>loco.</span> 
     </span>
    </p>

    <p class='ocr_par' dir='ltr' id='par_1_6' title="bbox 321 3494 1641 4596">
     <span class='ocr_line' id='line_1_25' title="bbox 377 3494 1641 3589; baseline -0.002 -20"><span class='ocrx_word' id='word_1_215' title='bbox 377 3494 481 3569; x_wconf 87' lang='lat' dir='ltr'>Feria</span> <span class='ocrx_word' id='word_1_216' title='bbox 492 3503 604 3587; x_wconf 88' lang='lat' dir='ltr'>sexta,</span> <span class='ocrx_word' id='word_1_217' title='bbox 627 3503 669 3571; x_wconf 87' lang='lat'>18</span> <span class='ocrx_word' id='word_1_218' title='bbox 682 3500 817 3573; x_wconf 88' lang='lat' dir='ltr'>mensis</span> <span class='ocrx_word' id='word_1_219' title='bbox 832 3499 1051 3589; x_wconf 85' lang='lat' dir='ltr'>novembris,</span> <span class='ocrx_word' id='word_1_220' title='bbox 1069 3497 1412 3572; x_wconf 85' lang='lat' dir='ltr'>lestodedicatiouis</span> <span class='ocrx_word' id='word_1_221' title='bbox 1427 3495 1641 3570; x_wconf 88' lang='lat' dir='ltr'>basilicarum</span> 
     </span>
     <span class='ocr_line' id='line_1_26' title="bbox 328 3618 1640 3722; baseline 0.002 -34"><span class='ocrx_word' id='word_1_222' title='bbox 328 3618 423 3690; x_wconf 84' lang='lat' dir='ltr'>beati</span> <span class='ocrx_word' id='word_1_223' title='bbox 439 3620 534 3692; x_wconf 90' lang='lat' dir='ltr'>Petri</span> <span class='ocrx_word' id='word_1_224' title='bbox 546 3630 581 3694; x_wconf 93' lang='lat' dir='ltr'>et</span> <span class='ocrx_word' id='word_1_225' title='bbox 599 3624 713 3712; x_wconf 86' lang='lat' dir='ltr'>Pauli,</span> <span class='ocrx_word' id='word_1_226' title='bbox 729 3649 801 3699; x_wconf 94' lang='lat' dir='ltr'>non</span> <span class='ocrx_word' id='word_1_227' title='bbox 814 3624 878 3698; x_wconf 89' lang='lat' dir='ltr'>tuit</span> <span class='ocrx_word' id='word_1_228' title='bbox 891 3623 1042 3722; x_wconf 89' lang='lat' dir='ltr'>capella.</span> <span class='ocrx_word' id='word_1_229' title='bbox 1059 3623 1194 3696; x_wconf 89' lang='lat' dir='ltr'>Eadem</span> <span class='ocrx_word' id='word_1_230' title='bbox 1211 3622 1268 3696; x_wconf 92' lang='lat' dir='ltr'>die</span> <span class='ocrx_word' id='word_1_231' title='bbox 1285 3629 1366 3718; x_wconf 89' lang='lat' dir='ltr'>post</span> <span class='ocrx_word' id='word_1_232' title='bbox 1378 3621 1508 3695; x_wconf 87' lang='lat' dir='ltr'>horam</span> <span class='ocrx_word' id='word_1_233' title='bbox 1524 3619 1640 3720; x_wconf 81' lang='lat' dir='ltr'>vigesi-</span> 
     </span>
     <span class='ocr_line' id='line_1_27' title="bbox 326 3745 1639 3844; baseline 0.001 -30"><span class='ocrx_word' id='word_1_234' title='bbox 326 3765 437 3831; x_wconf 82' lang='lat' dir='ltr'>mam,</span> <span class='ocrx_word' id='word_1_235' title='bbox 451 3767 516 3840; x_wconf 93' lang='lat' dir='ltr'>per</span> <span class='ocrx_word' id='word_1_236' title='bbox 530 3755 671 3842; x_wconf 86' lang='lat' dir='ltr'>portam</span> <span class='ocrx_word' id='word_1_237' title='bbox 681 3750 849 3823; x_wconf 84' lang='lat' dir='ltr'>Viridarii</span> <span class='ocrx_word' id='word_1_238' title='bbox 865 3750 1006 3823; x_wconf 88' lang='lat' dir='ltr'>intravit</span> <span class='ocrx_word' id='word_1_239' title='bbox 1025 3753 1066 3821; x_wconf 86' lang='lat' dir='ltr'>R.</span> <span class='ocrx_word' id='word_1_240' title='bbox 1085 3752 1128 3821; x_wconf 88' lang='lat' dir='ltr'>D.</span> <span class='ocrx_word' id='word_1_241' title='bbox 1149 3747 1327 3821; x_wconf 88' lang='lat' dir='ltr'>Robertus</span> <span class='ocrx_word' id='word_1_242' title='bbox 1344 3745 1535 3844; x_wconf 91' lang='lat' dir='ltr'>episcopus</span> <span class='ocrx_word' id='word_1_243' title='bbox 1550 3745 1639 3820; x_wconf 79' lang='lat' dir='ltr'>Glos-</span> 
     </span>
     <span class='ocr_line' id='line_1_28' title="bbox 326 3868 1635 3978; baseline 0 -39"><span class='ocrx_word' id='word_1_244' title='bbox 326 3868 488 3963; x_wconf 89' lang='lat' dir='ltr'>quensis,</span> <span class='ocrx_word' id='word_1_245' title='bbox 506 3878 628 3944; x_wconf 93' lang='lat' dir='ltr'>orator</span> <span class='ocrx_word' id='word_1_246' title='bbox 650 3873 746 3948; x_wconf 88' lang='lat' dir='ltr'>Illos.</span> <span class='ocrx_word' id='word_1_247' title='bbox 765 3875 889 3948; x_wconf 90' lang='lat' dir='ltr'>Jacobi</span> <span class='ocrx_word' id='word_1_248' title='bbox 914 3879 1104 3978; x_wconf 83' lang='lat' dir='ltr'>Scotorum</span> <span class='ocrx_word' id='word_1_249' title='bbox 1119 3873 1229 3970; x_wconf 82' lang='lat' dir='ltr'>regis,</span> <span class='ocrx_word' id='word_1_250' title='bbox 1248 3871 1307 3968; x_wconf 94' lang='lat' dir='ltr'>qui</span> <span class='ocrx_word' id='word_1_251' title='bbox 1328 3872 1510 3947; x_wconf 86' lang='lat' dir='ltr'>alemiliis</span> <span class='ocrx_word' id='word_1_252' title='bbox 1526 3875 1585 3945; x_wconf 91' lang='lat' dir='ltr'>SS.</span> <span class='ocrx_word' id='word_1_253' title='bbox 1600 3874 1635 3942; x_wconf 89' lang='lat' dir='ltr'>ll.</span> 
     </span>
     <span class='ocr_line' id='line_1_29' title="bbox 324 3993 1637 4096; baseline -0.001 -30"><span class='ocrx_word' id='word_1_254' title='bbox 324 3994 438 4068; x_wconf 91' lang='lat' dir='ltr'>nostri</span> <span class='ocrx_word' id='word_1_255' title='bbox 451 4019 543 4093; x_wconf 91' lang='lat' dir='ltr'>pape</span> <span class='ocrx_word' id='word_1_256' title='bbox 559 4003 595 4070; x_wconf 91' lang='lat' dir='ltr'>et</span> <span class='ocrx_word' id='word_1_257' title='bbox 609 3993 844 4073; x_wconf 90' lang='lat' dir='ltr'>cardinalium</span> <span class='ocrx_word' id='word_1_258' title='bbox 861 4025 904 4074; x_wconf 87' lang='lat' dir='ltr'>ac</span> <span class='ocrx_word' id='word_1_259' title='bbox 923 3999 1126 4074; x_wconf 89' lang='lat' dir='ltr'>oratoribus</span> <span class='ocrx_word' id='word_1_260' title='bbox 1142 4021 1268 4096; x_wconf 86' lang='lat' dir='ltr'>regum</span> <span class='ocrx_word' id='word_1_261' title='bbox 1281 4005 1317 4072; x_wconf 90' lang='lat' dir='ltr'>et</span> <span class='ocrx_word' id='word_1_262' title='bbox 1331 3998 1533 4096; x_wconf 89' lang='lat' dir='ltr'>principum</span> <span class='ocrx_word' id='word_1_263' title='bbox 1552 4005 1637 4071; x_wconf 84' lang='lat' dir='ltr'>extra</span> 
     </span>
     <span class='ocr_line' id='line_1_30' title="bbox 323 4123 1634 4224; baseline -0.003 -29"><span class='ocrx_word' id='word_1_264' title='bbox 323 4129 464 4220; x_wconf 89' lang='lat' dir='ltr'>portam</span> <span class='ocrx_word' id='word_1_265' title='bbox 482 4131 649 4220; x_wconf 87' lang='lat' dir='ltr'>receptus</span> <span class='ocrx_word' id='word_1_266' title='bbox 666 4130 733 4214; x_wconf 92' lang='lat' dir='ltr'>est,</span> <span class='ocrx_word' id='word_1_267' title='bbox 763 4130 798 4199; x_wconf 90' lang='lat' dir='ltr'>et</span> <span class='ocrx_word' id='word_1_268' title='bbox 819 4149 932 4222; x_wconf 92' lang='lat' dir='ltr'>usque</span> <span class='ocrx_word' id='word_1_269' title='bbox 959 4127 1005 4216; x_wconf 83' lang='lat' dir='ltr'>ad</span> <span class='ocrx_word' id='word_1_270' title='bbox 1028 4125 1226 4224; x_wconf 91' lang='lat' dir='ltr'>hospitium</span> <span class='ocrx_word' id='word_1_271' title='bbox 1248 4147 1354 4197; x_wconf 91' lang='lat' dir='ltr'>suum</span> <span class='ocrx_word' id='word_1_272' title='bbox 1380 4123 1477 4197; x_wconf 93' lang='lat' dir='ltr'>inter</span> <span class='ocrx_word' id='word_1_273' title='bbox 1501 4126 1634 4196; x_wconf 89' lang='lat' dir='ltr'>Puteum</span> 
     </span>
     <span class='ocr_line' id='line_1_31' title="bbox 322 4242 1635 4345; baseline -0.006 -25"><span class='ocrx_word' id='word_1_274' title='bbox 322 4247 453 4320; x_wconf 79' lang='lat' dir='ltr'>Album</span> <span class='ocrx_word' id='word_1_275' title='bbox 465 4254 498 4322; x_wconf 89' lang='lat' dir='ltr'>el</span> <span class='ocrx_word' id='word_1_276' title='bbox 511 4247 681 4345; x_wconf 88' lang='lat' dir='ltr'>palatium</span> <span class='ocrx_word' id='word_1_277' title='bbox 695 4249 739 4322; x_wconf 92' lang='lat' dir='ltr'>de</span> <span class='ocrx_word' id='word_1_278' title='bbox 752 4247 883 4338; x_wconf 88' lang='lat' dir='ltr'>Flisco‚</span> <span class='ocrx_word' id='word_1_279' title='bbox 900 4273 1005 4323; x_wconf 91' lang='lat' dir='ltr'>secus</span> <span class='ocrx_word' id='word_1_280' title='bbox 1020 4272 1122 4323; x_wconf 91' lang='lat' dir='ltr'>more</span> <span class='ocrx_word' id='word_1_281' title='bbox 1138 4248 1244 4322; x_wconf 91' lang='lat' dir='ltr'>solito</span> <span class='ocrx_word' id='word_1_282' title='bbox 1258 4246 1472 4336; x_wconf 86' lang='lat' dir='ltr'>associatus,</span> <span class='ocrx_word' id='word_1_283' title='bbox 1484 4242 1635 4342; x_wconf 79' lang='lat' dir='ltr'>equitavit</span> 
     </span>
     <span class='ocr_line' id='line_1_32' title="bbox 322 4369 1634 4472; baseline -0.002 -29"><span class='ocrx_word' id='word_1_284' title='bbox 322 4372 416 4446; x_wconf 88' lang='lat' dir='ltr'>inter</span> <span class='ocrx_word' id='word_1_285' title='bbox 430 4375 710 4470; x_wconf 79' lang='lat' dir='ltr'>gubernatorem</span> <span class='ocrx_word' id='word_1_286' title='bbox 731 4373 836 4447; x_wconf 92' lang='lat' dir='ltr'>Urbis</span> <span class='ocrx_word' id='word_1_287' title='bbox 858 4379 893 4446; x_wconf 92' lang='lat' dir='ltr'>et</span> <span class='ocrx_word' id='word_1_288' title='bbox 917 4374 1229 4472; x_wconf 88' lang='lat' dir='ltr'>archiepiscopum</span> <span class='ocrx_word' id='word_1_289' title='bbox 1258 4373 1470 4446; x_wconf 89' lang='lat' dir='ltr'>Thebanum</span> <span class='ocrx_word' id='word_1_290' title='bbox 1496 4369 1634 4444; x_wconf 87' lang='lat' dir='ltr'>electum</span> 
     </span>
     <span class='ocr_line' id='line_1_33' title="bbox 321 4499 633 4596; baseline 0.013 -26"><span class='ocrx_word' id='word_1_291' title='bbox 321 4499 633 4596; x_wconf 85' lang='lat' dir='ltr'>Andegavensem.</span> 
     </span>
    </p>

    <p class='ocr_par' dir='ltr' id='par_1_7' title="bbox 320 4615 1633 5076">
     <span class='ocr_line' id='line_1_34' title="bbox 369 4615 1631 4722; baseline 0.001 -27"><span class='ocrx_word' id='word_1_292' title='bbox 369 4625 572 4715; x_wconf 87' lang='lat' dir='ltr'>Dominica,</span> <span class='ocrx_word' id='word_1_293' title='bbox 601 4631 644 4698; x_wconf 75' lang='lat'>27</span> <span class='ocrx_word' id='word_1_294' title='bbox 670 4624 889 4715; x_wconf 88' lang='lat' dir='ltr'>novembris,</span> <span class='ocrx_word' id='word_1_295' title='bbox 925 4624 1041 4722; x_wconf 91' lang='lat' dir='ltr'>prima</span> <span class='ocrx_word' id='word_1_296' title='bbox 1074 4623 1255 4698; x_wconf 88' lang='lat' dir='ltr'>dominica</span> <span class='ocrx_word' id='word_1_297' title='bbox 1283 4621 1458 4696; x_wconf 87' lang='lat' dir='ltr'>adventus</span> <span class='ocrx_word' id='word_1_298' title='bbox 1491 4615 1631 4696; x_wconf 63' lang='lat' dir='ltr'>Domini,</span> 
     </span>
     <span class='ocr_line' id='line_1_35' title="bbox 321 4741 1633 4848; baseline -0.007 -28"><span class='ocrx_word' id='word_1_299' title='bbox 321 4749 362 4820; x_wconf 85' lang='lat' dir='ltr'>R.</span> <span class='ocrx_word' id='word_1_300' title='bbox 382 4753 421 4821; x_wconf 88' lang='lat' dir='ltr'>P.</span> <span class='ocrx_word' id='word_1_301' title='bbox 455 4754 497 4823; x_wconf 88' lang='lat' dir='ltr'>D.</span> <span class='ocrx_word' id='word_1_302' title='bbox 527 4751 711 4825; x_wconf 86' lang='lat' dir='ltr'>lohannes</span> <span class='ocrx_word' id='word_1_303' title='bbox 732 4751 1024 4848; x_wconf 87' lang='lat' dir='ltr'>archiepiscopus</span> <span class='ocrx_word' id='word_1_304' title='bbox 1050 4749 1251 4847; x_wconf 80' lang='lat' dir='ltr'>Ragusinus</span> <span class='ocrx_word' id='word_1_305' title='bbox 1274 4747 1433 4821; x_wconf 81' lang='lat' dir='ltr'>deterius</span> <span class='ocrx_word' id='word_1_306' title='bbox 1459 4741 1633 4822; x_wconf 87' lang='lat' dir='ltr'>celebravit</span> 
     </span>
     <span class='ocr_line' id='line_1_36' title="bbox 320 4870 1633 4972; baseline -0.005 -28"><span class='ocrx_word' id='word_1_307' title='bbox 320 4873 469 4948; x_wconf 90' lang='lat' dir='ltr'>missam</span> <span class='ocrx_word' id='word_1_308' title='bbox 486 4877 687 4951; x_wconf 89' lang='lat' dir='ltr'>solemnem</span> <span class='ocrx_word' id='word_1_309' title='bbox 701 4877 739 4949; x_wconf 90' lang='lat' dir='ltr'>in</span> <span class='ocrx_word' id='word_1_310' title='bbox 755 4875 892 4972; x_wconf 88' lang='lat' dir='ltr'>capella</span> <span class='ocrx_word' id='word_1_311' title='bbox 905 4874 1124 4972; x_wconf 86' lang='lat' dir='ltr'>supradicta,</span> <span class='ocrx_word' id='word_1_312' title='bbox 1141 4878 1237 4972; x_wconf 87' lang='lat' dir='ltr'>Papa</span> <span class='ocrx_word' id='word_1_313' title='bbox 1252 4877 1422 4970; x_wconf 90' lang='lat' dir='ltr'>presente</span> <span class='ocrx_word' id='word_1_314' title='bbox 1432 4893 1445 4946; x_wconf 86' lang='lat'>¹:</span> <span class='ocrx_word' id='word_1_315' title='bbox 1460 4870 1545 4948; x_wconf 82' lang='lat' dir='ltr'>dixit</span> <span class='ocrx_word' id='word_1_316' title='bbox 1558 4891 1633 4966; x_wconf 88' lang='lat' dir='ltr'>que·</span> 
     </span>
     <span class='ocr_line' id='line_1_37' title="bbox 320 4989 1591 5076; baseline 0.004 -9"><span class='ocrx_word' id='word_1_317' title='bbox 320 5005 404 5069; x_wconf 93' lang='lat' dir='ltr'>tuor</span> <span class='ocrx_word' id='word_1_318' title='bbox 417 5001 599 5076; x_wconf 89' lang='lat' dir='ltr'>orationes</span> <span class='ocrx_word' id='word_1_319' title='bbox 615 5003 738 5076; x_wconf 88' lang='lat' dir='ltr'>solitas</span> <span class='ocrx_word' id='word_1_320' title='bbox 755 5011 790 5076; x_wconf 94' lang='lat' dir='ltr'>et</span> <span class='ocrx_word' id='word_1_321' title='bbox 801 5001 871 5074; x_wconf 90' lang='lat' dir='ltr'>alia</span> <span class='ocrx_word' id='word_1_322' title='bbox 886 5001 1008 5074; x_wconf 90' lang='lat' dir='ltr'>omnia</span> <span class='ocrx_word' id='word_1_323' title='bbox 1028 5023 1129 5074; x_wconf 89' lang='lat' dir='ltr'>more</span> <span class='ocrx_word' id='word_1_324' title='bbox 1151 5005 1341 5073; x_wconf 86' lang='lat' dir='ltr'>consueto.</span> <span class='ocrx_word' id='word_1_325' title='bbox 1585 4989 1591 4999; x_wconf 57' lang='lat'><strong>¹</strong></span> 
     </span>
    </p>

    <p class='ocr_par' dir='ltr' id='par_1_8' title="bbox 368 5119 1629 5223">
     <span class='ocr_line' id='line_1_38' title="bbox 368 5119 1629 5223; baseline -0.007 -28"><span class='ocrx_word' id='word_1_326' title='bbox 368 5123 473 5198; x_wconf 86' lang='lat' dir='ltr'>Feria</span> <span class='ocrx_word' id='word_1_327' title='bbox 489 5127 662 5218; x_wconf 90' lang='lat' dir='ltr'>secunda,</span> <span class='ocrx_word' id='word_1_328' title='bbox 687 5131 731 5200; x_wconf 73' lang='lat'>28</span> <span class='ocrx_word' id='word_1_329' title='bbox 749 5125 833 5200; x_wconf 93' lang='lat' dir='ltr'>dicti</span> <span class='ocrx_word' id='word_1_330' title='bbox 859 5125 1009 5214; x_wconf 91' lang='lat' dir='ltr'>mensis,</span> <span class='ocrx_word' id='word_1_331' title='bbox 1025 5125 1061 5198; x_wconf 92' lang='lat' dir='ltr'>in</span> <span class='ocrx_word' id='word_1_332' title='bbox 1078 5127 1161 5200; x_wconf 87' lang='lat' dir='ltr'>aula</span> <span class='ocrx_word' id='word_1_333' title='bbox 1174 5125 1293 5223; x_wconf 88' lang='lat' dir='ltr'>prima</span> <span class='ocrx_word' id='word_1_334' title='bbox 1310 5126 1465 5221; x_wconf 87' lang='lat' dir='ltr'>majore,</span> <span class='ocrx_word' id='word_1_335' title='bbox 1484 5119 1629 5196; x_wconf 85' lang='lat' dir='ltr'>videlicet</span> 
     </span>
    </p>
   </div>
   <div class='ocr_carea' id='block_1_5' title="bbox 0 0 1758 6034">
    <p class='ocr_par' dir='ltr' id='par_1_9' title="bbox 0 0 1758 6034">
     <span class='ocr_line' id='line_1_39' title="bbox 0 0 1758 6034; baseline 0 4"><span class='ocrx_word' id='word_1_336' title='bbox 0 0 1758 6034; x_wconf 95' lang='lat' dir='ltr'> </span> 
     </span>
    </p>
   </div>
  </div>
 </body>
</html>
