3424 6038
65 476 116 542 [Μαι
130 472 196 538 tter]
382 469 508 526 RERUM
532 468 759 529 uflsslnautttu
783 469 1046 530 COMMENTARll.
1325 478 1381 534 2o5

61 629 112 705 ubi
127 632 223 728 Papa
236 627 400 704 ascendit
414 628 638 720 cathedram,
657 633 692 700 et
711 633 874 722 portatus
894 625 961 702 luit
978 629 1024 704 ad
1040 627 1226 704 basilicam
1241 631 1380 728 predic-

60 766 123 831 tam
134 777 237 830 mora
254 759 444 828 consueto.
467 835 474 850 ,

100 883 189 955 llnta
205 879 342 953 ostium
356 901 441 953 vero
456 875 604 952 basilice
618 875 778 974 predicte
795 876 977 974 genuflexi
988 883 1090 952 erant
1105 878 1190 952 nudi
1199 879 1272 954 duo
1286 882 1380 955 cives

60 1003 315 1095 bononienses,
351 1026 506 1100 quorum
540 1001 630 1076 alios
657 1009 740 1076 ante
771 1001 892 1098 plures
930 1027 1075 1078 menses
1111 1004 1380 1080 confalonerius

55 1128 182 1224 justitio
212 1128 368 1203 civitatis
404 1126 643 1202 Bononiensis
671 1126 841 1218 existens,
871 1127 960 1202 duos
996 1127 1240 1228 presbyteros,
1267 1155 1380 1232 unum

58 1254 269 1342 secularem,
287 1252 397 1328 alium
412 1253 615 1350 regularem
640 1251 775 1326 ordinis
796 1277 824 1326 s.
847 1254 1029 1328 Francisoi
1053 1254 1132 1352 oapi
1147 1255 1233 1330 lecit
1255 1264 1291 1329 et
1312 1279 1378 1353 pro

58 1402 171 1454 eorum
186 1378 324 1454 delicto
339 1377 509 1476 suspendi
525 1402 590 1475 per
605 1401 709 1452 suam
727 1379 943 1453 sententiam
955 1379 1002 1454 ad
1015 1379 1087 1453 hoc
1102 1380 1378 1458 condemnatos.

58 1508 113 1580 SS.
128 1509 171 1578 b.
194 1509 253 1594 N.‚
273 1509 470 1602 propiores
487 1527 570 1579 oum
585 1505 630 1579 do
653 1526 718 1578 suo
739 1503 818 1578 loro
839 1529 912 1578 uon
930 1505 1094 1596 luissent,
1118 1505 1238 1604 ipsum
1259 1504 1380 1581 officio

56 1629 257 1728 hujusmodi
283 1638 320 1704 et
344 1630 442 1703 omni
466 1629 638 1726 dignitate
666 1629 813 1727 privavit
834 1635 871 1704 et
894 1653 978 1706 suos
1008 1629 1196 1724 officiales,
1226 1655 1380 1728 quorum

56 1761 202 1852 quatuor
223 1778 344 1852 nuper
364 1753 600 1852 penitentiam
617 1753 653 1828 in
678 1753 774 1828 dicto
798 1755 880 1830 loco
900 1763 1131 1854 receperunt,
1158 1763 1309 1855 excepto
1336 1780 1381 1834 eo

56 1883 109 1978 qui
126 1881 197 1956 hoo
216 1903 327 1954 mane
344 1903 468 1954 secum
491 1887 581 1970 erat,
604 1879 706 1976 penis
729 1879 917 1977 condignis
934 1881 1053 1976 puniri
1073 1881 1171 1958 lecit.
1195 1883 1296 1958 Circa
1313 1885 1380 1958 hos

57 2007 138 2081 duos
151 2006 312 2097 stabant,
330 2003 613 2080 sacerdotalibus
624 2005 842 2102 paramentis
855 2005 983 2096 induti,
998 2029 1126 2082 omnes
1139 2008 1380 2104 penitentiarii

56 2127 194 2203 basilice
218 2127 398 2226 predicte,
420 2127 576 2225 virgulas
596 2129 669 2204 siva
691 2128 841 2204 baculos
861 2131 1079 2206 inmanibus
1097 2137 1276 2225 tenentes,
1300 2134 1381 2208 illos

56 2255 296 2352 percutientes
314 2259 351 2328 et
372 2254 552 2351 psalmum
573 2253 744 2326 Miserere
766 2255 836 2328 mei
857 2255 957 2328 Deua
984 2255 1177 2331 recitantes
1200 2259 1382 2355 usquead

58 2381 177 2469 linem;
205 2401 282 2476 quo
304 2378 499 2476 completo,
527 2372 619 2452 uuus'
646 2402 690 2454 ex
711 2379 798 2476 ipsis
822 2381 1082 2477 penitentiariis
1105 2404 1169 2455 eos
1189 2406 1255 2480 per
1271 2381 1380 2458 verbo

57 2510 225 2580 consueta
242 2503 449 2594 admonuit;
466 2511 541 2578 tum
562 2506 625 2578 SS.
649 2507 693 2578 D.
716 2509 756 2580 N.
781 2506 922 2604 prelato
946 2505 1121 2603 penitenti
1144 2507 1380 2604 penitentiam

58 2632 200 2726 injunxit
218 2629 320 2728 quod
338 2629 383 2704 de
403 2629 508 2703 bonis
535 2629 609 2704 suis
636 2631 791 2728 propriis
817 2631 966 2706 lundare
996 2631 1147 2708 deberet
1171 2632 1209 2706 in
1238 2633 1378 2710 civitate

60 2757 212 2832 Bononio
228 2778 340 2830 unam
359 2754 535 2852 capellam
553 2761 589 2828 et
609 2755 708 2829 illam
724 2755 760 2828 in
782 2779 893 2830 uuum
909 2755 1127 2831 beneficium
1143 2763 1179 2831 et
1194 2756 1380 2834 sullioieu-

61 2889 107 2956 ter
128 2907 192 2980 pro
218 2905 294 2956 uno
319 2881 531 2980 presbytero
558 2882 697 2972 dotare,
719 2883 780 2980 qui
807 2883 957 2980 singulis
985 2883 1112 2957 diebus
1135 2883 1324 2958 dominicis
1345 2891 1381 2958 et

61 3008 183 3082 leslivis
207 3009 246 3082 iu
270 3009 350 3105 ipsa
375 3008 515 3104 capedo
538 3007 687 3082 missam
707 3006 923 3096 celebraret3
952 3031 1060 3102 quam
1088 3007 1235 3080 missam
1263 3007 1381 3082 dictus

60 3134 184 3228 primus
211 3134 301 3210 civis
327 3158 350 3208 a
374 3134 548 3233 principio
584 3157 697 3230 usque
724 3134 770 3208 ad
796 3133 907 3208 finem
936 3133 1161 3231 genuflexus,
1192 3133 1381 3208 candelam

60 3259 239 3334 ardentem
258 3260 296 3332 in
317 3259 485 3334 manibus
506 3259 677 3349 tenendo,
701 3259 825 3333 audire
845 3268 882 3331 et
898 3257 947 3330 illi
968 3257 1142 3333 iuteresse
1165 3257 1315 3332 deberet
1339 3281 1381 3331 ac

61 3385 165 3456 [lenm
180 3407 250 3482 pro
266 3383 455 3458 animabus
477 3383 620 3458 illorum
635 3384 788 3459 duorum
808 3384 1102 3484 presbyterorum
1118 3407 1220 3480 quos,
1243 3390 1282 3458 ut
1297 3406 1381 3481 pre-

61 3506 173 3592 tortor,
193 3509 369 3608 suspendi
385 3509 535 3600 lecerat,
557 3533 686 3608 rogare
708 3517 745 3586 et
764 3533 886 3601 orare;
909 3534 1018 3608 quam
1033 3509 1270 3609 penitentiam
1285 3509 1381 3584 idem

61 3634 262 3730 acceptarit.

103 3761 344 3835 Surrexerunt
373 3760 482 3834 ambo
510 3767 547 3834 et
574 3763 683 3856 Papa,
711 3759 816 3834 solito
847 3783 963 3852 more,
988 3759 1166 3858 prooessit
1194 3761 1240 3836 ad
1262 3765 1381 3861 maJus

63 3882 174 3978 altare,
191 3885 253 3960 ubi
265 3891 348 3983 post
364 3883 452 3960 lecit
466 3884 755 3976 contessionem,¹
771 3891 806 3958 et
823 3885 892 3960 alia
908 3908 1009 3960 more
1030 3885 1135 3960 solito
1156 3893 1239 3960 sunt
1261 3887 1383 3962 obser-

63 4013 142 4082 vata.
171 4013 387 4085 Sermonem
404 4010 562 4084 lecturus
581 4017 659 4083 erat
679 4013 722 4082 b.
747 4010 956 4085 Guillelmus
974 4015 1077 4086 locet
1097 4011 1207 4101 Brito,
1228 4013 1382 4110 scriptor

64 4136 294 4230 apostolicus3
314 4143 436 4210 tamen
455 4136 631 4232 quianon
655 4135 722 4209 tuit
740 4137 944 4210 intimatum
964 4137 1206 4212 cardinalibus
1226 4137 1285 4233 qui
1305 4162 1382 4212 ser-

63 4281 199 4336 monem
212 4261 372 4336 laoturus
385 4269 493 4352 esset,
511 4265 607 4359 Papa
619 4260 764 4335 admisit
776 4262 1037 4362 etvoluitquod
1051 4270 1232 4337 nonesset
1243 4285 1377 4356 sermo,

64 4395 159 4478 pmut
177 4409 253 4461 non
275 4387 353 4462 fuit.
377 4392 417 4460 ln
438 4387 510 4462 fine
532 4386 655 4477 misse,
683 4409 756 4460 uon
781 4387 925 4461 luerunt
941 4387 1122 4485 publicata
1142 4388 1377 4485 indulgentie,

66 4511 121 4584 aed
133 4515 229 4611 Papa
247 4535 331 4587 oum
345 4535 457 4610 regno
473 4513 509 4585 in
525 4511 642 4608 capite
660 4534 770 4609 quem
786 4512 895 4586 etiam
910 4513 980 4586 hoo
995 4535 1101 4586 mane
1115 4514 1160 4586 de
1178 4513 1381 4588 cameraad

65 4635 243 4712 ecclesiam
264 4639 429 4735 portavit,
452 4637 629 4736 processit
650 4659 717 4734 per
736 4661 862 4712 navem
891 4637 1053 4711 ultimam
1077 4635 1241 4712 videlicet
1264 4639 1379 4712 vultus
1418 4656 1424 4667 “

66 4761 244 4838 Salvatoris
263 4765 375 4837 nostri
398 4764 458 4860 qui
479 4769 645 4837 ostensus
666 4771 734 4854 est,
758 4762 888 4838 deiude
908 4787 1022 4860 usque
1044 4763 1090 4838 ad
1103 4761 1224 4838 locum
1237 4763 1378 4861 publice

66 4883 327 4976 benedictoria
343 4887 548 4962 Cardinales
574 4895 609 4960 et
625 4887 752 4986 prelati
772 4911 900 4962 omnes
916 4889 1061 4962 luerunt
1075 4888 1113 4962 in
1128 4889 1251 4988 cappis
1266 4889 1381 4964 solitis

66 5009 132 5084 sine
146 5013 378 5109 paramentis.
399 5017 494 5110 Papa
512 5013 609 5088 dedit
628 5013 917 5089 benedictionem
937 5037 1040 5090 more
1058 5016 1177 5108 solito,
1199 5021 1235 5090 et
1249 5019 1373 5092 RRmi.

70 5135 133 5208 [to.
148 5139 347 5214 cardinales
358 5141 528 5216 Senensis
544 5140 580 5212 iu
595 5139 707 5214 latino
719 5147 753 5216 et
767 5165 796 5214 s.
816 5141 958 5239 Georgii
972 5141 1008 5214 in
1019 5141 1139 5218 italico
1149 5141 1375 5238 publicarunt
