<?xml version="1.0" encoding="UTF-8"?>
<!DOCTYPE html PUBLIC "-//W3C//DTD XHTML 1.0 Transitional//EN"
    "http://www.w3.org/TR/xhtml1/DTD/xhtml1-transitional.dtd">
<html xmlns="http://www.w3.org/1999/xhtml" xml:lang="en" lang="en">
 <head>
  <title>
</title>
<meta http-equiv="Content-Type" content="text/html;charset=utf-8" />
  <meta name='ocr-system' content='tesseract 3.04.00' />
  <meta name='ocr-capabilities' content='ocr_page ocr_carea ocr_par ocr_line ocrx_word'/>
</head>
<body>
  <div class='ocr_page' id='page_1' title='image "./johannisburchar02burcgoog/johannisburchar02burcgoog_0452.png"; bbox 0 0 3508 6034; ppageno 0'>
   <div class='ocr_carea' id='block_1_1' title="bbox 165 446 1501 516">
    <p class='ocr_par' dir='ltr' id='par_1_1' title="bbox 165 446 1501 516">
     <span class='ocr_line' id='line_1_1' title="bbox 165 446 1501 516; baseline 0.009 -14"><span class='ocrx_word' id='word_1_1' title='bbox 165 453 314 505; x_wconf 74' lang='lat' dir='ltr'>Decembre</span> <span class='ocrx_word' id='word_1_2' title='bbox 328 451 398 514; x_wconf 73' lang='lat' dir='ltr'>tuot]</span> <span class='ocrx_word' id='word_1_3' title='bbox 497 447 624 504; x_wconf 83' lang='lat' dir='ltr'>RERUM</span> <span class='ocrx_word' id='word_1_4' title='bbox 648 446 876 506; x_wconf 77' lang='lat' dir='ltr'>uassnunauu</span> <span class='ocrx_word' id='word_1_5' title='bbox 900 449 1163 510; x_wconf 76' lang='lat' dir='ltr'>couuuuunau.</span> <span class='ocrx_word' id='word_1_6' title='bbox 1446 456 1501 516; x_wconf 69' lang='lat'>437</span> 
     </span>
    </p>
   </div>
   <div class='ocr_carea' id='block_1_2' title="bbox 103 597 1499 4323">
    <p class='ocr_par' dir='ltr' id='par_1_2' title="bbox 103 597 1499 3050">
     <span class='ocr_line' id='line_1_2' title="bbox 208 597 1496 690; baseline 0.002 -14"><span class='ocrx_word' id='word_1_7' title='bbox 208 601 314 676; x_wconf 84' lang='lat' dir='ltr'>Faria</span> <span class='ocrx_word' id='word_1_8' title='bbox 334 599 453 690; x_wconf 90' lang='lat' dir='ltr'>tertia,</span> <span class='ocrx_word' id='word_1_9' title='bbox 479 603 500 672; x_wconf 88' lang='lat'>6</span> <span class='ocrx_word' id='word_1_10' title='bbox 522 597 740 688; x_wconf 83' lang='lat' dir='ltr'>decembris,</span> <span class='ocrx_word' id='word_1_11' title='bbox 765 599 857 675; x_wconf 91' lang='lat' dir='ltr'>testo</span> <span class='ocrx_word' id='word_1_12' title='bbox 882 626 911 673; x_wconf 93' lang='lat' dir='ltr'>s.</span> <span class='ocrx_word' id='word_1_13' title='bbox 937 601 1087 690; x_wconf 88' lang='lat' dir='ltr'>Nicolai,</span> <span class='ocrx_word' id='word_1_14' title='bbox 1106 605 1147 674; x_wconf 91' lang='lat' dir='ltr'>R.</span> <span class='ocrx_word' id='word_1_15' title='bbox 1165 601 1203 673; x_wconf 91' lang='lat' dir='ltr'>in</span> <span class='ocrx_word' id='word_1_16' title='bbox 1224 600 1366 677; x_wconf 83' lang='lat' dir='ltr'>Christo</span> <span class='ocrx_word' id='word_1_17' title='bbox 1389 606 1428 678; x_wconf 88' lang='lat' dir='ltr'>P.</span> <span class='ocrx_word' id='word_1_18' title='bbox 1455 607 1496 680; x_wconf 87' lang='lat' dir='ltr'>D.</span> 
     </span>
     <span class='ocr_line' id='line_1_3' title="bbox 103 721 1499 830; baseline 0.002 -31"><span class='ocrx_word' id='word_1_19' title='bbox 103 817 108 828; x_wconf 94' lang='lat'>.</span> <span class='ocrx_word' id='word_1_20' title='bbox 165 726 265 800; x_wconf 87' lang='lat' dir='ltr'>Paris</span> <span class='ocrx_word' id='word_1_21' title='bbox 300 725 490 822; x_wconf 90' lang='lat' dir='ltr'>episcopus</span> <span class='ocrx_word' id='word_1_22' title='bbox 527 721 805 796; x_wconf 82' lang='lat' dir='ltr'>Auximanensis</span> <span class='ocrx_word' id='word_1_23' title='bbox 835 724 1028 798; x_wconf 84' lang='lat' dir='ltr'>celebrarit</span> <span class='ocrx_word' id='word_1_24' title='bbox 1057 725 1205 798; x_wconf 91' lang='lat' dir='ltr'>missam</span> <span class='ocrx_word' id='word_1_25' title='bbox 1235 725 1499 830; x_wconf 89' lang='lat' dir='ltr'>solemnemin</span> 
     </span>
     <span class='ocr_line' id='line_1_4' title="bbox 163 849 1498 940; baseline 0.004 -15"><span class='ocrx_word' id='word_1_26' title='bbox 163 850 320 926; x_wconf 87' lang='lat' dir='ltr'>ecclesia</span> <span class='ocrx_word' id='word_1_27' title='bbox 336 875 365 923; x_wconf 92' lang='lat' dir='ltr'>s.</span> <span class='ocrx_word' id='word_1_28' title='bbox 383 849 520 923; x_wconf 90' lang='lat' dir='ltr'>Nicolai</span> <span class='ocrx_word' id='word_1_29' title='bbox 543 849 741 922; x_wconf 88' lang='lat' dir='ltr'>incarcere</span> <span class='ocrx_word' id='word_1_30' title='bbox 763 849 939 940; x_wconf 89' lang='lat' dir='ltr'>Tulliano,</span> <span class='ocrx_word' id='word_1_31' title='bbox 962 849 1019 922; x_wconf 91' lang='lat' dir='ltr'>cui</span> <span class='ocrx_word' id='word_1_32' title='bbox 1042 849 1282 926; x_wconf 79' lang='lat' dir='ltr'>interfuerunt</span> <span class='ocrx_word' id='word_1_33' title='bbox 1305 851 1498 930; x_wconf 85' lang='lat' dir='ltr'>duodecim</span> 
     </span>
     <span class='ocr_line' id='line_1_5' title="bbox 164 974 1498 1066; baseline 0.002 -16"><span class='ocrx_word' id='word_1_34' title='bbox 164 976 380 1065; x_wconf 71' lang='lat' dir='ltr'>cardinales</span> <span class='ocrx_word' id='word_1_35' title='bbox 397 974 566 1050; x_wconf 89' lang='lat' dir='ltr'>videlicet</span> <span class='ocrx_word' id='word_1_36' title='bbox 580 974 909 1061; x_wconf 84' lang='lat' dir='ltr'>vicecancellarius,</span> <span class='ocrx_word' id='word_1_37' title='bbox 928 999 956 1048; x_wconf 91' lang='lat' dir='ltr'>s.</span> <span class='ocrx_word' id='word_1_38' title='bbox 976 975 1072 1049; x_wconf 91' lang='lat' dir='ltr'>Petri</span> <span class='ocrx_word' id='word_1_39' title='bbox 1095 975 1140 1048; x_wconf 92' lang='lat' dir='ltr'>ad</span> <span class='ocrx_word' id='word_1_40' title='bbox 1154 975 1320 1066; x_wconf 81' lang='lat' dir='ltr'>Vincula,</span> <span class='ocrx_word' id='word_1_41' title='bbox 1339 1003 1368 1052; x_wconf 93' lang='lat' dir='ltr'>s.</span> <span class='ocrx_word' id='word_1_42' title='bbox 1386 980 1498 1054; x_wconf 87' lang='lat' dir='ltr'>Maria</span> 
     </span>
     <span class='ocr_line' id='line_1_6' title="bbox 163 1098 1499 1196; baseline 0.003 -22"><span class='ocrx_word' id='word_1_43' title='bbox 163 1103 198 1174; x_wconf 92' lang='lat' dir='ltr'>in</span> <span class='ocrx_word' id='word_1_44' title='bbox 215 1102 375 1190; x_wconf 87' lang='lat' dir='ltr'>Porticu,</span> <span class='ocrx_word' id='word_1_45' title='bbox 394 1125 423 1173; x_wconf 91' lang='lat' dir='ltr'>s.</span> <span class='ocrx_word' id='word_1_46' title='bbox 440 1099 583 1195; x_wconf 82' lang='lat' dir='ltr'>Angeli,</span> <span class='ocrx_word' id='word_1_47' title='bbox 602 1098 774 1196; x_wconf 82' lang='lat' dir='ltr'>episcopi,</span> <span class='ocrx_word' id='word_1_48' title='bbox 800 1123 828 1172; x_wconf 91' lang='lat' dir='ltr'>s.</span> <span class='ocrx_word' id='word_1_49' title='bbox 852 1099 1062 1189; x_wconf 67' lang='lat' dir='ltr'>Clementis</span> <span class='ocrx_word' id='word_1_50' title='bbox 1083 1099 1288 1194; x_wconf 64' lang='lat' dir='ltr'>tunnensis</span> <span class='ocrx_word' id='word_1_51' title='bbox 1312 1105 1499 1178; x_wconf 88' lang='lat' dir='ltr'>Beneven-</span> 
     </span>
     <span class='ocr_line' id='line_1_7' title="bbox 161 1223 1498 1321; baseline 0.003 -20"><span class='ocrx_word' id='word_1_52' title='bbox 161 1234 281 1318; x_wconf 77' lang='lat' dir='ltr'>tanuS,</span> <span class='ocrx_word' id='word_1_53' title='bbox 294 1225 506 1313; x_wconf 84' lang='lat' dir='ltr'>Aleriensis,</span> <span class='ocrx_word' id='word_1_54' title='bbox 526 1249 555 1296; x_wconf 91' lang='lat' dir='ltr'>s.</span> <span class='ocrx_word' id='word_1_55' title='bbox 573 1225 776 1312; x_wconf 77' lang='lat' dir='ltr'>Anastasia,</span> <span class='ocrx_word' id='word_1_56' title='bbox 788 1223 1005 1321; x_wconf 83' lang='lat' dir='ltr'>presbyteri,</span> <span class='ocrx_word' id='word_1_57' title='bbox 1017 1223 1201 1315; x_wconf 86' lang='lat' dir='ltr'>Senensis,</span> <span class='ocrx_word' id='word_1_58' title='bbox 1218 1223 1262 1299; x_wconf 90' lang='lat' dir='ltr'>de</span> <span class='ocrx_word' id='word_1_59' title='bbox 1273 1227 1450 1304; x_wconf 80' lang='lat' dir='ltr'>Columna</span> <span class='ocrx_word' id='word_1_60' title='bbox 1462 1236 1498 1305; x_wconf 90' lang='lat' dir='ltr'>et</span> 
     </span>
     <span class='ocr_line' id='line_1_8' title="bbox 160 1349 1498 1448; baseline 0.001 -24"><span class='ocrx_word' id='word_1_61' title='bbox 160 1353 207 1426; x_wconf 91' lang='lat' dir='ltr'>de</span> <span class='ocrx_word' id='word_1_62' title='bbox 223 1351 377 1425; x_wconf 81' lang='lat' dir='ltr'>Sabellis</span> <span class='ocrx_word' id='word_1_63' title='bbox 393 1349 465 1448; x_wconf 90' lang='lat' dir='ltr'>(qui</span> <span class='ocrx_word' id='word_1_64' title='bbox 481 1350 648 1423; x_wconf 90' lang='lat' dir='ltr'>ultimum</span> <span class='ocrx_word' id='word_1_65' title='bbox 663 1350 784 1422; x_wconf 93' lang='lat' dir='ltr'>locum</span> <span class='ocrx_word' id='word_1_66' title='bbox 799 1349 1011 1446; x_wconf 91' lang='lat' dir='ltr'>occupabat,</span> <span class='ocrx_word' id='word_1_67' title='bbox 1028 1373 1110 1427; x_wconf 92' lang='lat' dir='ltr'>cum</span> <span class='ocrx_word' id='word_1_68' title='bbox 1122 1356 1220 1426; x_wconf 90' lang='lat' dir='ltr'>esset</span> <span class='ocrx_word' id='word_1_69' title='bbox 1230 1351 1286 1427; x_wconf 91' lang='lat' dir='ltr'>sui</span> <span class='ocrx_word' id='word_1_70' title='bbox 1296 1350 1498 1428; x_wconf 87' lang='lat' dir='ltr'>cardinala-</span> 
     </span>
     <span class='ocr_line' id='line_1_9' title="bbox 160 1473 1498 1570; baseline 0.001 -19"><span class='ocrx_word' id='word_1_71' title='bbox 160 1487 219 1552; x_wconf 89' lang='lat' dir='ltr'>tus</span> <span class='ocrx_word' id='word_1_72' title='bbox 236 1473 402 1570; x_wconf 87' lang='lat' dir='ltr'>ecclesia)</span> <span class='ocrx_word' id='word_1_73' title='bbox 420 1474 574 1548; x_wconf 90' lang='lat' dir='ltr'>diaconi.</span> <span class='ocrx_word' id='word_1_74' title='bbox 593 1475 698 1548; x_wconf 89' lang='lat' dir='ltr'>Dicta</span> <span class='ocrx_word' id='word_1_75' title='bbox 713 1481 767 1550; x_wconf 90' lang='lat' dir='ltr'>est</span> <span class='ocrx_word' id='word_1_76' title='bbox 782 1500 855 1551; x_wconf 90' lang='lat' dir='ltr'>una</span> <span class='ocrx_word' id='word_1_77' title='bbox 869 1484 1009 1554; x_wconf 86' lang='lat' dir='ltr'>tantum</span> <span class='ocrx_word' id='word_1_78' title='bbox 1032 1476 1148 1552; x_wconf 89' lang='lat' dir='ltr'>oratio</span> <span class='ocrx_word' id='word_1_79' title='bbox 1164 1482 1200 1554; x_wconf 89' lang='lat' dir='ltr'>et</span> <span class='ocrx_word' id='word_1_80' title='bbox 1219 1475 1332 1551; x_wconf 82' lang='lat' dir='ltr'>Credo</span> <span class='ocrx_word' id='word_1_81' title='bbox 1349 1485 1385 1552; x_wconf 92' lang='lat' dir='ltr'>et</span> <span class='ocrx_word' id='word_1_82' title='bbox 1400 1479 1498 1552; x_wconf 93' lang='lat' dir='ltr'>nulla</span> 
     </span>
     <span class='ocr_line' id='line_1_10' title="bbox 160 1600 1497 1694; baseline 0.001 -20"><span class='ocrx_word' id='word_1_83' title='bbox 160 1603 205 1676; x_wconf 90' lang='lat' dir='ltr'>de</span> <span class='ocrx_word' id='word_1_84' title='bbox 223 1601 379 1675; x_wconf 88' lang='lat' dir='ltr'>adventu</span> <span class='ocrx_word' id='word_1_85' title='bbox 402 1600 702 1674; x_wconf 74' lang='lat' dir='ltr'>commemoratio</span> <span class='ocrx_word' id='word_1_86' title='bbox 724 1601 860 1694; x_wconf 89' lang='lat' dir='ltr'>habita,</span> <span class='ocrx_word' id='word_1_87' title='bbox 878 1625 961 1676; x_wconf 92' lang='lat' dir='ltr'>cum</span> <span class='ocrx_word' id='word_1_88' title='bbox 983 1602 1053 1678; x_wconf 88' lang='lat' dir='ltr'>alie</span> <span class='ocrx_word' id='word_1_89' title='bbox 1075 1601 1185 1678; x_wconf 88' lang='lat' dir='ltr'>misse</span> <span class='ocrx_word' id='word_1_90' title='bbox 1207 1602 1249 1676; x_wconf 83' lang='lat' dir='ltr'>de</span> <span class='ocrx_word' id='word_1_91' title='bbox 1269 1603 1439 1677; x_wconf 84' lang='lat' dir='ltr'>Adventu</span> <span class='ocrx_word' id='word_1_92' title='bbox 1460 1604 1497 1676; x_wconf 94' lang='lat' dir='ltr'>in</span> 
     </span>
     <span class='ocr_line' id='line_1_11' title="bbox 158 1725 1498 1826; baseline 0 -25"><span class='ocrx_word' id='word_1_93' title='bbox 158 1727 290 1802; x_wconf 88' lang='lat' dir='ltr'>eadem</span> <span class='ocrx_word' id='word_1_94' title='bbox 306 1725 463 1798; x_wconf 89' lang='lat' dir='ltr'>ecclesia</span> <span class='ocrx_word' id='word_1_95' title='bbox 477 1725 572 1799; x_wconf 91' lang='lat' dir='ltr'>dicte</span> <span class='ocrx_word' id='word_1_96' title='bbox 595 1731 730 1801; x_wconf 90' lang='lat' dir='ltr'>essent.</span> <span class='ocrx_word' id='word_1_97' title='bbox 754 1730 794 1800; x_wconf 91' lang='lat' dir='ltr'>ln</span> <span class='ocrx_word' id='word_1_98' title='bbox 816 1727 902 1818; x_wconf 90' lang='lat' dir='ltr'>fine,</span> <span class='ocrx_word' id='word_1_99' title='bbox 926 1752 985 1803; x_wconf 92' lang='lat' dir='ltr'>me</span> <span class='ocrx_word' id='word_1_100' title='bbox 1007 1735 1167 1826; x_wconf 77' lang='lat' dir='ltr'>pelonis,</span> <span class='ocrx_word' id='word_1_101' title='bbox 1193 1727 1394 1802; x_wconf 79' lang='lat' dir='ltr'>cardinales</span> <span class='ocrx_word' id='word_1_102' title='bbox 1414 1751 1498 1803; x_wconf 93' lang='lat' dir='ltr'>con-</span> 
     </span>
     <span class='ocr_line' id='line_1_12' title="bbox 158 1850 1496 1951; baseline -0.001 -25"><span class='ocrx_word' id='word_1_103' title='bbox 158 1857 349 1928; x_wconf 87' lang='lat' dir='ltr'>cesserunt</span> <span class='ocrx_word' id='word_1_104' title='bbox 365 1850 626 1946; x_wconf 73' lang='lat' dir='ltr'>indulgentiam</span> <span class='ocrx_word' id='word_1_105' title='bbox 642 1857 789 1926; x_wconf 92' lang='lat' dir='ltr'>centum</span> <span class='ocrx_word' id='word_1_106' title='bbox 803 1852 943 1927; x_wconf 89' lang='lat' dir='ltr'>dierum</span> <span class='ocrx_word' id='word_1_107' title='bbox 960 1854 1120 1942; x_wconf 89' lang='lat' dir='ltr'>cuilibet,</span> <span class='ocrx_word' id='word_1_108' title='bbox 1139 1877 1246 1950; x_wconf 91' lang='lat' dir='ltr'>quam</span> <span class='ocrx_word' id='word_1_109' title='bbox 1261 1851 1496 1951; x_wconf 87' lang='lat' dir='ltr'>pronunciavi</span> 
     </span>
     <span class='ocr_line' id='line_1_13' title="bbox 159 1975 1497 2074; baseline -0.002 -24"><span class='ocrx_word' id='word_1_110' title='bbox 159 1978 229 2051; x_wconf 90' lang='lat' dir='ltr'>sub</span> <span class='ocrx_word' id='word_1_111' title='bbox 252 1977 310 2049; x_wconf 93' lang='lat' dir='ltr'>his</span> <span class='ocrx_word' id='word_1_112' title='bbox 331 1975 451 2050; x_wconf 85' lang='lat' dir='ltr'>verbis</span> <span class='ocrx_word' id='word_1_113' title='bbox 476 1999 484 2048; x_wconf 94' lang='lat'><strong>:</strong></span> <span class='ocrx_word' id='word_1_114' title='bbox 512 2005 529 2042; x_wconf 92' lang='lat'>«</span> <span class='ocrx_word' id='word_1_115' title='bbox 545 1975 670 2050; x_wconf 88' lang='lat' dir='ltr'>RRmi.</span> <span class='ocrx_word' id='word_1_116' title='bbox 695 1975 733 2049; x_wconf 91' lang='lat' dir='ltr'>in</span> <span class='ocrx_word' id='word_1_117' title='bbox 755 1977 896 2051; x_wconf 88' lang='lat' dir='ltr'>Christo</span> <span class='ocrx_word' id='word_1_118' title='bbox 918 1985 1039 2074; x_wconf 87' lang='lat' dir='ltr'>patres</span> <span class='ocrx_word' id='word_1_119' title='bbox 1059 1985 1095 2052; x_wconf 91' lang='lat' dir='ltr'>et</span> <span class='ocrx_word' id='word_1_120' title='bbox 1116 1981 1190 2052; x_wconf 85' lang='lat' dir='ltr'>ou.</span> <span class='ocrx_word' id='word_1_121' title='bbox 1214 1977 1360 2052; x_wconf 89' lang='lat' dir='ltr'>Domini</span> <span class='ocrx_word' id='word_1_122' title='bbox 1379 1976 1497 2051; x_wconf 90' lang='lat' dir='ltr'>cardi-</span> 
     </span>
     <span class='ocr_line' id='line_1_14' title="bbox 155 2099 1495 2200; baseline 0 -26"><span class='ocrx_word' id='word_1_123' title='bbox 155 2102 260 2176; x_wconf 88' lang='lat' dir='ltr'>nales</span> <span class='ocrx_word' id='word_1_124' title='bbox 276 2102 337 2175; x_wconf 91' lang='lat' dir='ltr'>hic</span> <span class='ocrx_word' id='word_1_125' title='bbox 351 2107 554 2200; x_wconf 70' lang='lat' dir='ltr'>presentes,</span> <span class='ocrx_word' id='word_1_126' title='bbox 571 2099 742 2175; x_wconf 88' lang='lat' dir='ltr'>videlicet</span> <span class='ocrx_word' id='word_1_127' title='bbox 763 2101 914 2198; x_wconf 80' lang='lat' dir='ltr'>quilibet</span> <span class='ocrx_word' id='word_1_128' title='bbox 939 2126 1078 2192; x_wconf 90' lang='lat' dir='ltr'>eorum,</span> <span class='ocrx_word' id='word_1_129' title='bbox 1102 2101 1162 2175; x_wconf 91' lang='lat' dir='ltr'>dat</span> <span class='ocrx_word' id='word_1_130' title='bbox 1178 2109 1213 2177; x_wconf 89' lang='lat' dir='ltr'>et</span> <span class='ocrx_word' id='word_1_131' title='bbox 1234 2101 1401 2176; x_wconf 89' lang='lat' dir='ltr'>concedit</span> <span class='ocrx_word' id='word_1_132' title='bbox 1416 2125 1495 2174; x_wconf 88' lang='lat' dir='ltr'>orn-</span> 
     </span>
     <span class='ocr_line' id='line_1_15' title="bbox 154 2225 1493 2324; baseline -0.002 -23"><span class='ocrx_word' id='word_1_133' title='bbox 154 2227 265 2302; x_wconf 87' lang='lat' dir='ltr'>nibus</span> <span class='ocrx_word' id='word_1_134' title='bbox 286 2225 347 2300; x_wconf 89' lang='lat' dir='ltr'>hic</span> <span class='ocrx_word' id='word_1_135' title='bbox 367 2225 597 2324; x_wconf 89' lang='lat' dir='ltr'>presentibus</span> <span class='ocrx_word' id='word_1_136' title='bbox 621 2233 767 2300; x_wconf 91' lang='lat' dir='ltr'>centum</span> <span class='ocrx_word' id='word_1_137' title='bbox 790 2226 867 2300; x_wconf 90' lang='lat' dir='ltr'>dies</span> <span class='ocrx_word' id='word_1_138' title='bbox 892 2227 1114 2324; x_wconf 83' lang='lat' dir='ltr'>indulgentie</span> <span class='ocrx_word' id='word_1_139' title='bbox 1137 2227 1174 2298; x_wconf 95' lang='lat' dir='ltr'>in</span> <span class='ocrx_word' id='word_1_140' title='bbox 1196 2226 1312 2300; x_wconf 91' lang='lat' dir='ltr'>torma</span> <span class='ocrx_word' id='word_1_141' title='bbox 1333 2226 1493 2300; x_wconf 84' lang='lat' dir='ltr'>Ecclesia</span> 
     </span>
     <span class='ocr_line' id='line_1_16' title="bbox 162 2349 1495 2447; baseline -0.002 -21"><span class='ocrx_word' id='word_1_142' title='bbox 162 2359 342 2426; x_wconf 90' lang='lat' dir='ltr'>consueta</span> <span class='ocrx_word' id='word_1_143' title='bbox 359 2375 367 2426; x_wconf 92' lang='lat'><strong>:</strong></span> <span class='ocrx_word' id='word_1_144' title='bbox 386 2359 486 2426; x_wconf 90' lang='lat' dir='ltr'>orate</span> <span class='ocrx_word' id='word_1_145' title='bbox 503 2355 619 2425; x_wconf 89' lang='lat' dir='ltr'>Deum</span> <span class='ocrx_word' id='word_1_146' title='bbox 634 2349 809 2447; x_wconf 83' lang='lat' dir='ltr'>prosatici</span> <span class='ocrx_word' id='word_1_147' title='bbox 826 2356 921 2424; x_wconf 90' lang='lat' dir='ltr'>statu</span> <span class='ocrx_word' id='word_1_148' title='bbox 941 2351 1102 2424; x_wconf 82' lang='lat' dir='ltr'>Ecclesia</span> <span class='ocrx_word' id='word_1_149' title='bbox 1118 2373 1280 2423; x_wconf 91' lang='lat' dir='ltr'>romane.</span> <span class='ocrx_word' id='word_1_150' title='bbox 1299 2381 1316 2416; x_wconf 78' lang='lat' dir='ltr'>n</span> <span class='ocrx_word' id='word_1_151' title='bbox 1335 2349 1415 2423; x_wconf 82' lang='lat' dir='ltr'>Alia</span> <span class='ocrx_word' id='word_1_152' title='bbox 1430 2351 1495 2424; x_wconf 91' lang='lat' dir='ltr'>ob-</span> 
     </span>
     <span class='ocr_line' id='line_1_17' title="bbox 154 2475 1493 2572; baseline -0.004 -20"><span class='ocrx_word' id='word_1_153' title='bbox 154 2484 300 2552; x_wconf 85' lang='lat' dir='ltr'>servata</span> <span class='ocrx_word' id='word_1_154' title='bbox 321 2482 403 2550; x_wconf 92' lang='lat' dir='ltr'>sunt</span> <span class='ocrx_word' id='word_1_155' title='bbox 425 2498 527 2549; x_wconf 89' lang='lat' dir='ltr'>more</span> <span class='ocrx_word' id='word_1_156' title='bbox 550 2475 670 2550; x_wconf 91' lang='lat' dir='ltr'>solito.</span> <span class='ocrx_word' id='word_1_157' title='bbox 687 2475 893 2548; x_wconf 75' lang='lat' dir='ltr'>cardinales</span> <span class='ocrx_word' id='word_1_158' title='bbox 909 2475 1082 2550; x_wconf 90' lang='lat' dir='ltr'>sederunt</span> <span class='ocrx_word' id='word_1_159' title='bbox 1103 2475 1140 2548; x_wconf 94' lang='lat' dir='ltr'>in</span> <span class='ocrx_word' id='word_1_160' title='bbox 1161 2481 1262 2572; x_wconf 89' lang='lat' dir='ltr'>parte</span> <span class='ocrx_word' id='word_1_161' title='bbox 1279 2475 1441 2550; x_wconf 81' lang='lat' dir='ltr'>Ecclesia</span> <span class='ocrx_word' id='word_1_162' title='bbox 1456 2476 1493 2548; x_wconf 95' lang='lat' dir='ltr'>in</span> 
     </span>
     <span class='ocr_line' id='line_1_18' title="bbox 155 2599 1492 2699; baseline -0.003 -21"><span class='ocrx_word' id='word_1_163' title='bbox 155 2626 271 2678; x_wconf 87' lang='lat' dir='ltr'>cornu</span> <span class='ocrx_word' id='word_1_164' title='bbox 288 2600 478 2698; x_wconf 89' lang='lat' dir='ltr'>evangelii,</span> <span class='ocrx_word' id='word_1_165' title='bbox 496 2599 625 2697; x_wconf 89' lang='lat' dir='ltr'>prelati</span> <span class='ocrx_word' id='word_1_166' title='bbox 641 2600 678 2672; x_wconf 91' lang='lat' dir='ltr'>in</span> <span class='ocrx_word' id='word_1_167' title='bbox 693 2601 763 2674; x_wconf 86' lang='lat' dir='ltr'>alia</span> <span class='ocrx_word' id='word_1_168' title='bbox 782 2606 882 2697; x_wconf 91' lang='lat' dir='ltr'>parte</span> <span class='ocrx_word' id='word_1_169' title='bbox 901 2601 953 2674; x_wconf 93' lang='lat' dir='ltr'>illi</span> <span class='ocrx_word' id='word_1_170' title='bbox 971 2601 1136 2699; x_wconf 89' lang='lat' dir='ltr'>opposita</span> <span class='ocrx_word' id='word_1_171' title='bbox 1147 2601 1315 2675; x_wconf 90' lang='lat' dir='ltr'>videlicet</span> <span class='ocrx_word' id='word_1_172' title='bbox 1331 2601 1368 2674; x_wconf 92' lang='lat' dir='ltr'>in</span> <span class='ocrx_word' id='word_1_173' title='bbox 1380 2625 1492 2676; x_wconf 90' lang='lat' dir='ltr'>cornu</span> 
     </span>
     <span class='ocr_line' id='line_1_19' title="bbox 156 2725 1493 2826; baseline -0.001 -24"><span class='ocrx_word' id='word_1_174' title='bbox 156 2727 324 2826; x_wconf 91' lang='lat' dir='ltr'>epistole.</span> <span class='ocrx_word' id='word_1_175' title='bbox 355 2725 550 2800; x_wconf 90' lang='lat' dir='ltr'>Celebrans</span> <span class='ocrx_word' id='word_1_176' title='bbox 584 2725 677 2800; x_wconf 90' lang='lat' dir='ltr'>sedit</span> <span class='ocrx_word' id='word_1_177' title='bbox 710 2725 803 2800; x_wconf 89' lang='lat' dir='ltr'>tacie</span> <span class='ocrx_word' id='word_1_178' title='bbox 830 2725 875 2800; x_wconf 91' lang='lat' dir='ltr'>ad</span> <span class='ocrx_word' id='word_1_179' title='bbox 896 2727 1069 2824; x_wconf 93' lang='lat' dir='ltr'>poputum</span> <span class='ocrx_word' id='word_1_180' title='bbox 1096 2751 1199 2802; x_wconf 89' lang='lat' dir='ltr'>versa</span> <span class='ocrx_word' id='word_1_181' title='bbox 1224 2728 1261 2800; x_wconf 93' lang='lat' dir='ltr'>in</span> <span class='ocrx_word' id='word_1_182' title='bbox 1288 2750 1399 2802; x_wconf 91' lang='lat' dir='ltr'>cornu</span> <span class='ocrx_word' id='word_1_183' title='bbox 1427 2729 1493 2800; x_wconf 90' lang='lat' dir='ltr'>sub</span> 
     </span>
     <span class='ocr_line' id='line_1_20' title="bbox 153 2849 1491 2947; baseline 0.001 -21"><span class='ocrx_word' id='word_1_184' title='bbox 153 2851 316 2926; x_wconf 90' lang='lat' dir='ltr'>tribuna.</span> <span class='ocrx_word' id='word_1_185' title='bbox 351 2853 525 2925; x_wconf 88' lang='lat' dir='ltr'>Cantores</span> <span class='ocrx_word' id='word_1_186' title='bbox 554 2849 691 2947; x_wconf 89' lang='lat' dir='ltr'>capelle</span> <span class='ocrx_word' id='word_1_187' title='bbox 714 2857 837 2924; x_wconf 90' lang='lat' dir='ltr'>nostre</span> <span class='ocrx_word' id='word_1_188' title='bbox 867 2849 952 2923; x_wconf 90' lang='lat' dir='ltr'>huic</span> <span class='ocrx_word' id='word_1_189' title='bbox 981 2853 1091 2924; x_wconf 90' lang='lat' dir='ltr'>misse</span> <span class='ocrx_word' id='word_1_190' title='bbox 1124 2853 1364 2928; x_wconf 82' lang='lat' dir='ltr'>interfuerunt</span> <span class='ocrx_word' id='word_1_191' title='bbox 1390 2877 1491 2929; x_wconf 90' lang='lat' dir='ltr'>more</span> 
     </span>
     <span class='ocr_line' id='line_1_21' title="bbox 154 2977 462 3050; baseline -0.006 0"><span class='ocrx_word' id='word_1_192' title='bbox 154 2977 262 3050; x_wconf 91' lang='lat' dir='ltr'>solito</span> <span class='ocrx_word' id='word_1_193' title='bbox 278 2981 462 3050; x_wconf 76' lang='lat' dir='ltr'>canentes</span> 
     </span>
    </p>

    <p class='ocr_par' dir='ltr' id='par_1_3' title="bbox 152 3099 1491 3450">
     <span class='ocr_line' id='line_1_22' title="bbox 204 3099 1488 3190; baseline 0.001 -13"><span class='ocrx_word' id='word_1_194' title='bbox 204 3101 399 3177; x_wconf 74' lang='lat' dir='ltr'>[lominica</span> <span class='ocrx_word' id='word_1_195' title='bbox 418 3101 527 3174; x_wconf 91' lang='lat' dir='ltr'>tertia</span> <span class='ocrx_word' id='word_1_196' title='bbox 542 3101 730 3189; x_wconf 68' lang='lat' dir='ltr'>adventus</span> <span class='ocrx_word' id='word_1_197' title='bbox 751 3106 789 3171; x_wconf 91' lang='lat' dir='ltr'>tt</span> <span class='ocrx_word' id='word_1_198' title='bbox 811 3099 1027 3190; x_wconf 86' lang='lat' dir='ltr'>decembris,</span> <span class='ocrx_word' id='word_1_199' title='bbox 1046 3105 1169 3174; x_wconf 89' lang='lat' dir='ltr'>Rmus.</span> <span class='ocrx_word' id='word_1_200' title='bbox 1189 3105 1231 3174; x_wconf 79' lang='lat' dir='ltr'>l).</span> <span class='ocrx_word' id='word_1_201' title='bbox 1251 3101 1488 3178; x_wconf 79' lang='lat' dir='ltr'>cardinalias.</span> 
     </span>
     <span class='ocr_line' id='line_1_23' title="bbox 153 3223 1491 3322; baseline -0.001 -21"><span class='ocrx_word' id='word_1_202' title='bbox 153 3227 352 3302; x_wconf 80' lang='lat' dir='ltr'>Clementis</span> <span class='ocrx_word' id='word_1_203' title='bbox 375 3225 569 3300; x_wconf 91' lang='lat' dir='ltr'>celebravit</span> <span class='ocrx_word' id='word_1_204' title='bbox 589 3225 737 3297; x_wconf 91' lang='lat' dir='ltr'>missam</span> <span class='ocrx_word' id='word_1_205' title='bbox 758 3224 959 3298; x_wconf 91' lang='lat' dir='ltr'>solemnem</span> <span class='ocrx_word' id='word_1_206' title='bbox 979 3226 1016 3297; x_wconf 91' lang='lat' dir='ltr'>in</span> <span class='ocrx_word' id='word_1_207' title='bbox 1038 3224 1176 3321; x_wconf 88' lang='lat' dir='ltr'>capella</span> <span class='ocrx_word' id='word_1_208' title='bbox 1193 3223 1370 3320; x_wconf 89' lang='lat' dir='ltr'>predicta,</span> <span class='ocrx_word' id='word_1_209' title='bbox 1396 3229 1491 3322; x_wconf 89' lang='lat' dir='ltr'>Papa</span> 
     </span>
     <span class='ocr_line' id='line_1_24' title="bbox 152 3348 1487 3450; baseline -0.002 -24"><span class='ocrx_word' id='word_1_210' title='bbox 152 3358 337 3450; x_wconf 89' lang='lat' dir='ltr'>presente.</span> <span class='ocrx_word' id='word_1_211' title='bbox 356 3353 570 3424; x_wconf 88' lang='lat' dir='ltr'>Sermonem</span> <span class='ocrx_word' id='word_1_212' title='bbox 587 3350 672 3424; x_wconf 90' lang='lat' dir='ltr'>tecit</span> <span class='ocrx_word' id='word_1_213' title='bbox 689 3350 789 3446; x_wconf 91' lang='lat' dir='ltr'>prior</span> <span class='ocrx_word' id='word_1_214' title='bbox 812 3348 948 3423; x_wconf 92' lang='lat' dir='ltr'>ordinis</span> <span class='ocrx_word' id='word_1_215' title='bbox 969 3374 997 3422; x_wconf 80' lang='lat' dir='ltr'>a.</span> <span class='ocrx_word' id='word_1_216' title='bbox 1022 3349 1213 3446; x_wconf 83' lang='lat' dir='ltr'>Augustini</span> <span class='ocrx_word' id='word_1_217' title='bbox 1240 3350 1487 3424; x_wconf 90' lang='lat' dir='ltr'>eremitarum.</span> 
     </span>
    </p>

    <p class='ocr_par' dir='ltr' id='par_1_4' title="bbox 150 3474 1490 4323">
     <span class='ocr_line' id='line_1_25' title="bbox 201 3474 1490 3573; baseline -0.003 -21"><span class='ocrx_word' id='word_1_218' title='bbox 201 3477 392 3552; x_wconf 89' lang='lat' dir='ltr'>Dominica</span> <span class='ocrx_word' id='word_1_219' title='bbox 407 3483 534 3573; x_wconf 91' lang='lat' dir='ltr'>quarta</span> <span class='ocrx_word' id='word_1_220' title='bbox 548 3475 735 3565; x_wconf 88' lang='lat' dir='ltr'>adventus,</span> <span class='ocrx_word' id='word_1_221' title='bbox 756 3479 799 3547; x_wconf 88' lang='lat'>18</span> <span class='ocrx_word' id='word_1_222' title='bbox 817 3474 1033 3566; x_wconf 89' lang='lat' dir='ltr'>decembris,</span> <span class='ocrx_word' id='word_1_223' title='bbox 1051 3479 1092 3547; x_wconf 85' lang='lat' dir='ltr'>n.</span> <span class='ocrx_word' id='word_1_224' title='bbox 1112 3479 1154 3548; x_wconf 86' lang='lat' dir='ltr'>D.</span> <span class='ocrx_word' id='word_1_225' title='bbox 1173 3474 1284 3548; x_wconf 90' lang='lat' dir='ltr'>trater</span> <span class='ocrx_word' id='word_1_226' title='bbox 1299 3476 1490 3573; x_wconf 88' lang='lat' dir='ltr'>episcopus</span> 
     </span>
     <span class='ocr_line' id='line_1_26' title="bbox 152 3597 1490 3697; baseline 0.001 -24"><span class='ocrx_word' id='word_1_227' title='bbox 152 3599 390 3674; x_wconf 80' lang='lat' dir='ltr'>vulterranus</span> <span class='ocrx_word' id='word_1_228' title='bbox 406 3597 600 3673; x_wconf 88' lang='lat' dir='ltr'>celebravit</span> <span class='ocrx_word' id='word_1_229' title='bbox 615 3600 763 3672; x_wconf 89' lang='lat' dir='ltr'>missam</span> <span class='ocrx_word' id='word_1_230' title='bbox 780 3601 981 3672; x_wconf 90' lang='lat' dir='ltr'>solemnem</span> <span class='ocrx_word' id='word_1_231' title='bbox 997 3601 1033 3672; x_wconf 93' lang='lat' dir='ltr'>in</span> <span class='ocrx_word' id='word_1_232' title='bbox 1050 3599 1188 3697; x_wconf 89' lang='lat' dir='ltr'>capella</span> <span class='ocrx_word' id='word_1_233' title='bbox 1201 3599 1378 3696; x_wconf 88' lang='lat' dir='ltr'>predicta,</span> <span class='ocrx_word' id='word_1_234' title='bbox 1393 3603 1490 3697; x_wconf 86' lang='lat' dir='ltr'>Papa</span> 
     </span>
     <span class='ocr_line' id='line_1_27' title="bbox 151 3722 1487 3824; baseline -0.001 -26"><span class='ocrx_word' id='word_1_235' title='bbox 151 3729 344 3820; x_wconf 89' lang='lat' dir='ltr'>presente;</span> <span class='ocrx_word' id='word_1_236' title='bbox 370 3745 576 3796; x_wconf 90' lang='lat' dir='ltr'>sermonem</span> <span class='ocrx_word' id='word_1_237' title='bbox 604 3722 690 3797; x_wconf 90' lang='lat' dir='ltr'>tecit</span> <span class='ocrx_word' id='word_1_238' title='bbox 716 3731 929 3821; x_wconf 86' lang='lat' dir='ltr'>procurator</span> <span class='ocrx_word' id='word_1_239' title='bbox 954 3723 1090 3798; x_wconf 87' lang='lat' dir='ltr'>ordinis</span> <span class='ocrx_word' id='word_1_240' title='bbox 1119 3724 1388 3799; x_wconf 85' lang='lat' dir='ltr'>carmelitarum</span> <span class='ocrx_word' id='word_1_241' title='bbox 1411 3725 1487 3824; x_wconf 85' lang='lat' dir='ltr'>sine</span> 
     </span>
     <span class='ocr_line' id='line_1_28' title="bbox 151 3848 1489 3947; baseline 0.001 -25"><span class='ocrx_word' id='word_1_242' title='bbox 151 3849 305 3922; x_wconf 85' lang='lat' dir='ltr'>honore.</span> <span class='ocrx_word' id='word_1_243' title='bbox 322 3851 527 3944; x_wconf 83' lang='lat' dir='ltr'>Antequam</span> <span class='ocrx_word' id='word_1_244' title='bbox 543 3848 604 3921; x_wconf 91' lang='lat' dir='ltr'>SS.</span> <span class='ocrx_word' id='word_1_245' title='bbox 624 3850 666 3921; x_wconf 90' lang='lat' dir='ltr'>n.</span> <span class='ocrx_word' id='word_1_246' title='bbox 689 3851 732 3922; x_wconf 90' lang='lat' dir='ltr'>N.</span> <span class='ocrx_word' id='word_1_247' title='bbox 755 3849 870 3922; x_wconf 88' lang='lat' dir='ltr'>exiret</span> <span class='ocrx_word' id='word_1_248' title='bbox 890 3872 1072 3922; x_wconf 88' lang='lat' dir='ltr'>cameram</span> <span class='ocrx_word' id='word_1_249' title='bbox 1093 3851 1309 3947; x_wconf 89' lang='lat' dir='ltr'>paramenti,</span> <span class='ocrx_word' id='word_1_250' title='bbox 1333 3850 1489 3924; x_wconf 89' lang='lat' dir='ltr'>interro-</span> 
     </span>
     <span class='ocr_line' id='line_1_29' title="bbox 151 3972 1488 4072; baseline 0.001 -24"><span class='ocrx_word' id='word_1_251' title='bbox 151 3973 232 4072; x_wconf 84' lang='lat' dir='ltr'>gavi</span> <span class='ocrx_word' id='word_1_252' title='bbox 256 3973 491 4047; x_wconf 89' lang='lat' dir='ltr'>Sanctitatem</span> <span class='ocrx_word' id='word_1_253' title='bbox 511 3994 614 4044; x_wconf 89' lang='lat' dir='ltr'>suam</span> <span class='ocrx_word' id='word_1_254' title='bbox 634 3995 742 4068; x_wconf 88' lang='lat' dir='ltr'>quem</span> <span class='ocrx_word' id='word_1_255' title='bbox 763 3972 931 4046; x_wconf 91' lang='lat' dir='ltr'>ordinem·</span> <span class='ocrx_word' id='word_1_256' title='bbox 952 3975 1060 4048; x_wconf 88' lang='lat' dir='ltr'>vellet</span> <span class='ocrx_word' id='word_1_257' title='bbox 1081 3975 1117 4047; x_wconf 94' lang='lat' dir='ltr'>in</span> <span class='ocrx_word' id='word_1_258' title='bbox 1138 3975 1390 4056; x_wconf 87' lang='lat' dir='ltr'>decantatione</span> <span class='ocrx_word' id='word_1_259' title='bbox 1412 3975 1488 4050; x_wconf 89' lang='lat' dir='ltr'>lec-</span> 
     </span>
     <span class='ocr_line' id='line_1_30' title="bbox 152 4097 1487 4197; baseline 0 -22"><span class='ocrx_word' id='word_1_260' title='bbox 152 4103 293 4176; x_wconf 90' lang='lat' dir='ltr'>tionum</span> <span class='ocrx_word' id='word_1_261' title='bbox 309 4097 575 4172; x_wconf 89' lang='lat' dir='ltr'>matutinalium</span> <span class='ocrx_word' id='word_1_262' title='bbox 590 4098 917 4173; x_wconf 85' lang='lat' dir='ltr'>noctistestivitatis</span> <span class='ocrx_word' id='word_1_263' title='bbox 929 4100 1121 4174; x_wconf 85' lang='lat' dir='ltr'>Salvatoris</span> <span class='ocrx_word' id='word_1_264' title='bbox 1131 4101 1419 4197; x_wconf 85' lang='lat' dir='ltr'>nostrip&#39;roxime</span> <span class='ocrx_word' id='word_1_265' title='bbox 1434 4102 1487 4175; x_wconf 91' lang='lat' dir='ltr'>tu-</span> 
     </span>
     <span class='ocr_line' id='line_1_31' title="bbox 150 4223 1486 4323; baseline 0 -22"><span class='ocrx_word' id='word_1_266' title='bbox 150 4236 247 4316; x_wconf 87' lang='lat' dir='ltr'>ture,</span> <span class='ocrx_word' id='word_1_267' title='bbox 264 4225 462 4300; x_wconf 85' lang='lat' dir='ltr'>Sanctitate</span> <span class='ocrx_word' id='word_1_268' title='bbox 479 4247 543 4298; x_wconf 88' lang='lat' dir='ltr'>sua</span> <span class='ocrx_word' id='word_1_269' title='bbox 557 4223 743 4297; x_wconf 87' lang='lat' dir='ltr'>matutinis</span> <span class='ocrx_word' id='word_1_270' title='bbox 758 4223 1012 4314; x_wconf 88' lang='lat' dir='ltr'>interessente,</span> <span class='ocrx_word' id='word_1_271' title='bbox 1035 4224 1231 4314; x_wconf 89' lang='lat' dir='ltr'>observari,</span> <span class='ocrx_word' id='word_1_272' title='bbox 1250 4232 1285 4298; x_wconf 92' lang='lat' dir='ltr'>et</span> <span class='ocrx_word' id='word_1_273' title='bbox 1301 4226 1486 4323; x_wconf 88' lang='lat' dir='ltr'>respondit</span> 
     </span>
    </p>
   </div>
   <div class='ocr_carea' id='block_1_3' title="bbox 148 4411 1488 5204">
    <p class='ocr_par' dir='ltr' id='par_1_5' title="bbox 148 4411 1488 4754">
     <span class='ocr_line' id='line_1_32' title="bbox 151 4411 1487 4481; baseline 0 -9"><span class='ocrx_word' id='word_1_274' title='bbox 151 4417 223 4474; x_wconf 84' lang='lat' dir='ltr'>dans</span> <span class='ocrx_word' id='word_1_275' title='bbox 241 4430 291 4471; x_wconf 78' lang='lat' dir='ltr'>aon</span> <span class='ocrx_word' id='word_1_276' title='bbox 304 4411 428 4479; x_wconf 84' lang='lat' dir='ltr'>Journal,</span> <span class='ocrx_word' id='word_1_277' title='bbox 441 4411 475 4468; x_wconf 89' lang='lat' dir='ltr'>de</span> <span class='ocrx_word' id='word_1_278' title='bbox 490 4411 596 4469; x_wconf 89' lang='lat' dir='ltr'>donner</span> <span class='ocrx_word' id='word_1_279' title='bbox 610 4415 627 4468; x_wconf 80' lang='lat' dir='ltr'>a</span> <span class='ocrx_word' id='word_1_280' title='bbox 641 4412 666 4468; x_wconf 90' lang='lat' dir='ltr'>ta</span> <span class='ocrx_word' id='word_1_281' title='bbox 684 4411 820 4468; x_wconf 85' lang='lat' dir='ltr'>duchesse</span> <span class='ocrx_word' id='word_1_282' title='bbox 834 4411 859 4467; x_wconf 88' lang='lat' dir='ltr'>le</span> <span class='ocrx_word' id='word_1_283' title='bbox 878 4411 940 4468; x_wconf 88' lang='lat' dir='ltr'>titre</span> <span class='ocrx_word' id='word_1_284' title='bbox 952 4411 985 4467; x_wconf 89' lang='lat' dir='ltr'>de</span> <span class='ocrx_word' id='word_1_285' title='bbox 1001 4415 1082 4468; x_wconf 82' lang='lat' dir='ltr'>reiue</span> <span class='ocrx_word' id='word_1_286' title='bbox 1095 4416 1146 4469; x_wconf 81' lang='lat' dir='ltr'>der</span> <span class='ocrx_word' id='word_1_287' title='bbox 1161 4415 1303 4470; x_wconf 82' lang='lat' dir='ltr'>Romaiur</span> <span class='ocrx_word' id='word_1_288' title='bbox 1310 4434 1322 4481; x_wconf 92' lang='lat'><em>;</em></span> <span class='ocrx_word' id='word_1_289' title='bbox 1336 4419 1363 4470; x_wconf 83' lang='lat' dir='ltr'>et</span> <span class='ocrx_word' id='word_1_290' title='bbox 1376 4414 1445 4472; x_wconf 88' lang='lat' dir='ltr'>dans</span> <span class='ocrx_word' id='word_1_291' title='bbox 1461 4416 1487 4472; x_wconf 89' lang='lat' dir='ltr'>ta</span> 
     </span>
     <span class='ocr_line' id='line_1_33' title="bbox 148 4501 1485 4576; baseline 0 -14"><span class='ocrx_word' id='word_1_292' title='bbox 148 4505 236 4562; x_wconf 84' lang='lat' dir='ltr'>Table</span> <span class='ocrx_word' id='word_1_293' title='bbox 252 4503 301 4559; x_wconf 85' lang='lat' dir='ltr'>des</span> <span class='ocrx_word' id='word_1_294' title='bbox 317 4501 453 4564; x_wconf 78' lang='lat' dir='ltr'>matteras.</span> <span class='ocrx_word' id='word_1_295' title='bbox 470 4517 501 4558; x_wconf 88' lang='lat' dir='ltr'>ce</span> <span class='ocrx_word' id='word_1_296' title='bbox 521 4501 568 4558; x_wconf 88' lang='lat' dir='ltr'>tait</span> <span class='ocrx_word' id='word_1_297' title='bbox 585 4507 627 4558; x_wconf 87' lang='lat' dir='ltr'>est</span> <span class='ocrx_word' id='word_1_298' title='bbox 646 4501 759 4576; x_wconf 81' lang='lat' dir='ltr'>indique</span> <span class='ocrx_word' id='word_1_299' title='bbox 780 4517 846 4558; x_wconf 88' lang='lat' dir='ltr'>sous</span> <span class='ocrx_word' id='word_1_300' title='bbox 864 4507 933 4558; x_wconf 86' lang='lat' dir='ltr'>cette</span> <span class='ocrx_word' id='word_1_301' title='bbox 950 4501 1135 4576; x_wconf 81' lang='lat' dir='ltr'>qualification</span> <span class='ocrx_word' id='word_1_302' title='bbox 1155 4501 1266 4558; x_wconf 87' lang='lat' dir='ltr'>odieuse</span> <span class='ocrx_word' id='word_1_303' title='bbox 1282 4520 1289 4559; x_wconf 96' lang='lat'><strong>:</strong></span> <span class='ocrx_word' id='word_1_304' title='bbox 1305 4503 1485 4562; x_wconf 78' lang='lat' dir='ltr'>adulterium</span> 
     </span>
     <span class='ocr_line' id='line_1_34' title="bbox 148 4589 1488 4666; baseline 0.001 -18"><span class='ocrx_word' id='word_1_305' title='bbox 148 4595 280 4649; x_wconf 80' lang='lat' dir='ltr'>notabile</span> <span class='ocrx_word' id='word_1_306' title='bbox 287 4593 371 4662; x_wconf 73' lang='lat' dir='ltr'>degis</span> <span class='ocrx_word' id='word_1_307' title='bbox 382 4592 522 4648; x_wconf 74' lang='lat' dir='ltr'>Francia.</span> <span class='ocrx_word' id='word_1_308' title='bbox 534 4589 571 4648; x_wconf 89' lang='lat' dir='ltr'>Le</span> <span class='ocrx_word' id='word_1_309' title='bbox 588 4591 731 4648; x_wconf 87' lang='lat' dir='ltr'>sommaire</span> <span class='ocrx_word' id='word_1_310' title='bbox 742 4589 875 4664; x_wconf 85' lang='lat' dir='ltr'>marginal</span> <span class='ocrx_word' id='word_1_311' title='bbox 886 4598 963 4665; x_wconf 87' lang='lat' dir='ltr'>porte</span> <span class='ocrx_word' id='word_1_312' title='bbox 976 4609 983 4648; x_wconf 90' lang='lat'>:</span> <span class='ocrx_word' id='word_1_313' title='bbox 997 4593 1057 4646; x_wconf 66' lang='lat' dir='ltr'>:De</span> <span class='ocrx_word' id='word_1_314' title='bbox 1068 4594 1248 4648; x_wconf 77' lang='lat' dir='ltr'>novitatibus</span> <span class='ocrx_word' id='word_1_315' title='bbox 1258 4591 1398 4646; x_wconf 82' lang='lat' dir='ltr'>adulterii</span> <span class='ocrx_word' id='word_1_316' title='bbox 1408 4593 1488 4666; x_wconf 67' lang='lat' dir='ltr'>Regis</span> 
     </span>
     <span class='ocr_line' id='line_1_35' title="bbox 149 4678 912 4754; baseline -0.005 -16"><span class='ocrx_word' id='word_1_317' title='bbox 149 4685 311 4738; x_wconf 66' lang='lat' dir='ltr'>stancius.</span> <span class='ocrx_word' id='word_1_318' title='bbox 331 4701 345 4732; x_wconf 82' lang='lat' dir='ltr'>n</span> <span class='ocrx_word' id='word_1_319' title='bbox 362 4681 414 4754; x_wconf 84' lang='lat' dir='ltr'>(De</span> <span class='ocrx_word' id='word_1_320' title='bbox 429 4679 599 4754; x_wconf 79' lang='lat' dir='ltr'>Brequigny,</span> <span class='ocrx_word' id='word_1_321' title='bbox 616 4697 678 4736; x_wconf 84' lang='lat' dir='ltr'>our.</span> <span class='ocrx_word' id='word_1_322' title='bbox 695 4678 757 4747; x_wconf 75' lang='lat' dir='ltr'>cite,</span> <span class='ocrx_word' id='word_1_323' title='bbox 773 4695 838 4752; x_wconf 88' lang='lat' dir='ltr'>pag.</span> <span class='ocrx_word' id='word_1_324' title='bbox 854 4679 912 4752; x_wconf 87' lang='grc'>86.)</span> 
     </span>
    </p>

    <p class='ocr_par' dir='ltr' id='par_1_6' title="bbox 149 4768 1488 5204">
     <span class='ocr_line' id='line_1_36' title="bbox 186 4768 1484 4840; baseline 0.001 -12"><span class='ocrx_word' id='word_1_325' title='bbox 186 4769 342 4828; x_wconf 79' lang='lat' dir='ltr'>Sansorino</span> <span class='ocrx_word' id='word_1_326' title='bbox 357 4769 425 4826; x_wconf 78' lang='lat' dir='ltr'>ecrit</span> <span class='ocrx_word' id='word_1_327' title='bbox 443 4769 460 4825; x_wconf 79' lang='lat' dir='ltr'>d</span> <span class='ocrx_word' id='word_1_328' title='bbox 479 4769 585 4826; x_wconf 79' lang='lat' dir='ltr'>t&#39;annte</span> <span class='ocrx_word' id='word_1_329' title='bbox 603 4771 682 4840; x_wconf 81' lang='lat'>1485,</span> <span class='ocrx_word' id='word_1_330' title='bbox 699 4768 768 4826; x_wconf 88' lang='lat' dir='ltr'>dans</span> <span class='ocrx_word' id='word_1_331' title='bbox 787 4785 819 4825; x_wconf 85' lang='lat' dir='ltr'>aa</span> <span class='ocrx_word' id='word_1_332' title='bbox 834 4768 1012 4840; x_wconf 72' lang='lat' dir='ltr'>Greuotegia</span> <span class='ocrx_word' id='word_1_333' title='bbox 1026 4771 1074 4825; x_wconf 84' lang='lat' dir='ltr'>det</span> <span class='ocrx_word' id='word_1_334' title='bbox 1089 4773 1196 4825; x_wconf 83' lang='lat' dir='ltr'>mondo</span> <span class='ocrx_word' id='word_1_335' title='bbox 1212 4768 1250 4840; x_wconf 91' lang='lat' dir='ltr'>(in</span> <span class='ocrx_word' id='word_1_336' title='bbox 1264 4768 1389 4838; x_wconf 87' lang='lat' dir='ltr'>Venetia,</span> <span class='ocrx_word' id='word_1_337' title='bbox 1405 4771 1484 4829; x_wconf 78' lang='lat' dir='ltr'>taso.</span> 
     </span>
     <span class='ocr_line' id='line_1_37' title="bbox 150 4857 1488 4932; baseline -0.001 -14"><span class='ocrx_word' id='word_1_338' title='bbox 150 4861 262 4926; x_wconf 55' lang='grc' dir='ltr'>ἰπὶ-4ης</span> <span class='ocrx_word' id='word_1_339' title='bbox 279 4881 294 4912; x_wconf 81' lang='lat' dir='ltr'>u</span> <span class='ocrx_word' id='word_1_340' title='bbox 310 4857 388 4916; x_wconf 86' lang='lat' dir='ltr'>Cario</span> <span class='ocrx_word' id='word_1_341' title='bbox 400 4857 463 4916; x_wconf 87' lang='lat' dir='ltr'>Vlll</span> <span class='ocrx_word' id='word_1_342' title='bbox 484 4875 513 4914; x_wconf 86' lang='lat' dir='ltr'>re</span> <span class='ocrx_word' id='word_1_343' title='bbox 529 4858 555 4913; x_wconf 88' lang='lat' dir='ltr'>di</span> <span class='ocrx_word' id='word_1_344' title='bbox 571 4857 686 4914; x_wconf 82' lang='lat' dir='ltr'>Francia</span> <span class='ocrx_word' id='word_1_345' title='bbox 700 4857 806 4932; x_wconf 88' lang='lat' dir='ltr'>rapisce</span> <span class='ocrx_word' id='word_1_346' title='bbox 819 4858 1046 4916; x_wconf 86' lang='lat' dir='ltr'>Annaducbessa</span> <span class='ocrx_word' id='word_1_347' title='bbox 1061 4858 1088 4914; x_wconf 92' lang='lat' dir='ltr'>di</span> <span class='ocrx_word' id='word_1_348' title='bbox 1105 4858 1245 4931; x_wconf 85' lang='lat' dir='ltr'>Bertagna</span> <span class='ocrx_word' id='word_1_349' title='bbox 1260 4867 1371 4932; x_wconf 85' lang='lat' dir='ltr'>sposata</span> <span class='ocrx_word' id='word_1_350' title='bbox 1386 4876 1401 4914; x_wconf 90' lang='lat' dir='ltr'>a</span> <span class='ocrx_word' id='word_1_351' title='bbox 1415 4860 1488 4916; x_wconf 87' lang='lat' dir='ltr'>Mas-</span> 
     </span>
     <span class='ocr_line' id='line_1_38' title="bbox 149 4947 1485 5022; baseline -0.003 -14"><span class='ocrx_word' id='word_1_352' title='bbox 149 4949 287 5008; x_wconf 84' lang='lat' dir='ltr'>similiano</span> <span class='ocrx_word' id='word_1_353' title='bbox 302 4947 352 5021; x_wconf 85' lang='lat' dir='ltr'>fig.</span> <span class='ocrx_word' id='word_1_354' title='bbox 367 4947 430 5004; x_wconf 86' lang='lat' dir='ltr'>dell&#39;</span> <span class='ocrx_word' id='word_1_355' title='bbox 446 4948 515 5022; x_wconf 90' lang='lat' dir='ltr'>lmp.</span> <span class='ocrx_word' id='word_1_356' title='bbox 530 4965 544 5004; x_wconf 93' lang='lat' dir='ltr'>e</span> <span class='ocrx_word' id='word_1_357' title='bbox 560 4947 585 5004; x_wconf 90' lang='lat' dir='ltr'>ta</span> <span class='ocrx_word' id='word_1_358' title='bbox 604 4948 706 5022; x_wconf 81' lang='lat' dir='ltr'>prende</span> <span class='ocrx_word' id='word_1_359' title='bbox 726 4963 774 5021; x_wconf 85' lang='lat' dir='ltr'>per</span> <span class='ocrx_word' id='word_1_360' title='bbox 790 4947 890 5021; x_wconf 86' lang='lat' dir='ltr'>meglio</span> <span class='ocrx_word' id='word_1_361' title='bbox 905 4969 931 5004; x_wconf 82' lang='lat' dir='ltr'>n.</span> <span class='ocrx_word' id='word_1_362' title='bbox 947 4947 1018 5020; x_wconf 80' lang='lat' dir='ltr'>Voy.</span> <span class='ocrx_word' id='word_1_363' title='bbox 1035 4965 1082 5003; x_wconf 91' lang='lat' dir='ltr'>snr</span> <span class='ocrx_word' id='word_1_364' title='bbox 1101 4966 1132 5004; x_wconf 88' lang='lat' dir='ltr'>ce</span> <span class='ocrx_word' id='word_1_365' title='bbox 1152 4947 1294 5020; x_wconf 84' lang='lat' dir='ltr'>mariage:</span> <span class='ocrx_word' id='word_1_366' title='bbox 1313 4949 1395 5010; x_wconf 84' lang='lat' dir='ltr'>Dare,</span> <span class='ocrx_word' id='word_1_367' title='bbox 1413 4951 1485 5005; x_wconf 79' lang='lat' dir='ltr'>His-</span> 
     </span>
     <span class='ocr_line' id='line_1_39' title="bbox 151 5037 1484 5111; baseline -0.002 -15"><span class='ocrx_word' id='word_1_368' title='bbox 151 5045 228 5096; x_wconf 68' lang='lat' dir='ltr'>teir·</span> <span class='ocrx_word' id='word_1_369' title='bbox 241 5043 278 5097; x_wconf 80' lang='lat' dir='ltr'>de</span> <span class='ocrx_word' id='word_1_370' title='bbox 290 5039 445 5109; x_wconf 68' lang='lat' dir='ltr'>Brutoque,</span> <span class='ocrx_word' id='word_1_371' title='bbox 460 5044 481 5094; x_wconf 89' lang='lat' dir='ltr'>t.</span> <span class='ocrx_word' id='word_1_372' title='bbox 496 5037 543 5106; x_wconf 91' lang='lat' dir='ltr'>lll,</span> <span class='ocrx_word' id='word_1_373' title='bbox 560 5055 586 5111; x_wconf 91' lang='lat' dir='ltr'>p.</span> <span class='ocrx_word' id='word_1_374' title='bbox 608 5039 673 5104; x_wconf 69' lang='lat' dir='ltr'>inu</span> <span class='ocrx_word' id='word_1_375' title='bbox 687 5038 723 5093; x_wconf 87' lang='lat' dir='ltr'>Le</span> <span class='ocrx_word' id='word_1_376' title='bbox 737 5037 818 5094; x_wconf 84' lang='lat' dir='ltr'>Roux</span> <span class='ocrx_word' id='word_1_377' title='bbox 833 5038 867 5092; x_wconf 90' lang='lat' dir='ltr'>de</span> <span class='ocrx_word' id='word_1_378' title='bbox 877 5037 973 5110; x_wconf 86' lang='lat' dir='ltr'>Lincy,</span> <span class='ocrx_word' id='word_1_379' title='bbox 989 5039 1067 5092; x_wconf 74' lang='lat' dir='ltr'>Hire.</span> <span class='ocrx_word' id='word_1_380' title='bbox 1077 5038 1192 5092; x_wconf 75' lang='lat' dir='ltr'>d&#39;Aune</span> <span class='ocrx_word' id='word_1_381' title='bbox 1206 5039 1242 5092; x_wconf 85' lang='lat' dir='ltr'>de</span> <span class='ocrx_word' id='word_1_382' title='bbox 1257 5039 1415 5108; x_wconf 70' lang='lat' dir='ltr'>Rectaque,</span> <span class='ocrx_word' id='word_1_383' title='bbox 1427 5046 1447 5094; x_wconf 91' lang='lat' dir='ltr'>t.</span> <span class='ocrx_word' id='word_1_384' title='bbox 1463 5039 1484 5108; x_wconf 89' lang='lat' dir='ltr'>l,</span> 
     </span>
     <span class='ocr_line' id='line_1_40' title="bbox 153 5125 1263 5204; baseline -0.001 -18"><span class='ocrx_word' id='word_1_385' title='bbox 153 5131 239 5204; x_wconf 82' lang='lat' dir='ltr'>ebap.</span> <span class='ocrx_word' id='word_1_386' title='bbox 260 5129 274 5186; x_wconf 90' lang='lat' dir='ltr'>t</span> <span class='ocrx_word' id='word_1_387' title='bbox 291 5133 318 5185; x_wconf 87' lang='lat' dir='ltr'>at</span> <span class='ocrx_word' id='word_1_388' title='bbox 329 5128 362 5196; x_wconf 78' lang='lat'>23</span> <span class='ocrx_word' id='word_1_389' title='bbox 377 5128 411 5184; x_wconf 89' lang='lat' dir='ltr'>de</span> <span class='ocrx_word' id='word_1_390' title='bbox 423 5125 557 5196; x_wconf 85' lang='lat' dir='ltr'>Cherrier,</span> <span class='ocrx_word' id='word_1_391' title='bbox 573 5126 648 5183; x_wconf 81' lang='lat' dir='ltr'>Hist.</span> <span class='ocrx_word' id='word_1_392' title='bbox 665 5129 701 5182; x_wconf 84' lang='lat' dir='ltr'>de</span> <span class='ocrx_word' id='word_1_393' title='bbox 714 5128 834 5184; x_wconf 77' lang='lat' dir='ltr'>chartea</span> <span class='ocrx_word' id='word_1_394' title='bbox 854 5125 936 5190; x_wconf 77' lang='lat' dir='ltr'>vul,</span> <span class='ocrx_word' id='word_1_395' title='bbox 953 5133 974 5184; x_wconf 89' lang='lat' dir='ltr'>t.</span> <span class='ocrx_word' id='word_1_396' title='bbox 990 5127 1010 5181; x_wconf 94' lang='lat' dir='ltr'>l.</span> <span class='ocrx_word' id='word_1_397' title='bbox 1027 5127 1074 5186; x_wconf 89' lang='lat' dir='ltr'>cb.</span> <span class='ocrx_word' id='word_1_398' title='bbox 1090 5145 1115 5194; x_wconf 84' lang='lat' dir='ltr'>v,</span> <span class='ocrx_word' id='word_1_399' title='bbox 1131 5134 1194 5196; x_wconf 83' lang='lat' dir='ltr'>etc,</span> <span class='ocrx_word' id='word_1_400' title='bbox 1211 5131 1263 5185; x_wconf 88' lang='lat' dir='ltr'>ete.</span> 
     </span>
    </p>
   </div>
   <div class='ocr_carea' id='block_1_4' title="bbox 0 0 1758 6034">
    <p class='ocr_par' dir='ltr' id='par_1_7' title="bbox 0 0 1758 6034">
     <span class='ocr_line' id='line_1_41' title="bbox 0 0 1758 6034; baseline 0 6"><span class='ocrx_word' id='word_1_401' title='bbox 0 0 1758 6034; x_wconf 95' lang='lat' dir='ltr'> </span> 
     </span>
    </p>
   </div>
  </div>
 </body>
</html>
