3422 6034
294 460 348 516 386
751 457 927 514 JOHANNIS
952 456 1175 528 BURCHARDI,
1425 459 1622 522 [lanvterttttlt

293 635 402 686 mauu
419 635 501 686 mea
517 612 642 710 scripsi
665 639 672 684 :
691 635 776 684 nam
791 618 893 709 pater
912 611 1020 686 voluit
1036 612 1132 709 quod
1153 635 1222 708 ego
1241 611 1403 686 osticium
1418 613 1621 710 hujusmodi

294 738 468 834 usquead
486 737 704 834 baptismum
728 761 959 836 peragerom3
985 743 1178 835 propterea
1201 737 1362 812 osticium
1384 737 1505 836 ipsum
1533 741 1621 814 bene

295 861 405 934 revidi
421 867 456 934 et
471 861 600 934 clarius
617 861 789 951 ordinavi,
809 861 872 934 sed
884 859 1012 934 tratres
1026 860 1094 958 ipsi
1110 860 1219 958 idper
1234 865 1377 935 Rmum.
1394 865 1438 936 D.
1465 865 1623 939 cardina-

292 987 365 1061 lem
392 987 436 1061 de
463 987 599 1060 Ursinis
622 987 689 1060 sibi
717 988 919 1085 injunctum
944 987 1127 1076 dixerant;
1154 1009 1214 1060 me
1244 1010 1430 1084 opponere
1461 991 1558 1064 volui
1585 999 1620 1064 ut

293 1113 401 1186 ctiam
418 1112 576 1186 officium
590 1113 794 1210 hujusmodi
810 1113 929 1188 debite
952 1119 1199 1210 perageretur.
1225 1117 1348 1186 Rmus.
1369 1117 1413 1186 l).
1429 1115 1620 1192 cardinalis

292 1265 321 1310 s.
340 1239 450 1312 Marci
466 1239 658 1335 quamdam
673 1239 884 1313 schedulam
900 1238 1056 1312 confecit
1070 1262 1180 1312 mauu
1198 1263 1262 1311 sua
1274 1238 1420 1338 propria
1436 1241 1621 1340 scriptam,

291 1362 552 1459 incipientem:
574 1364 630 1437 De
654 1375 748 1436 cont.
771 1361 813 1436 de
834 1388 888 1437 uu
904 1364 970 1455 R,
993 1375 1074 1455 etc,
1099 1387 1171 1460 qua
1194 1364 1400 1439 continetur
1421 1367 1519 1462 quod
1541 1369 1624 1466 bap

292 1488 452 1562 tizandus
481 1489 589 1562 debet
624 1488 747 1585 inungi
783 1496 820 1562 et
848 1512 980 1585 quare;
1012 1513 1122 1586 quam
1157 1491 1368 1567 schedulam
1399 1493 1438 1566 in
1467 1495 1624 1570 suturam

291 1614 506 1688 memoriam
521 1614 557 1686 in
579 1615 742 1711 ejusdem
765 1613 863 1690 emt·
884 1619 927 1688 u.
951 1615 1143 1689 cardinalis
1164 1615 1342 1693 honorem
1362 1619 1399 1691 in
1418 1619 1511 1695 libro
1526 1624 1625 1720 ejus-

291 1740 388 1831 dem,
418 1741 513 1813 iol...
542 1763 609 1838 per
633 1740 814 1838 integrum
837 1741 1050 1838 conscripsi.
1084 1741 1170 1816 Filie
1201 1742 1269 1816 suit
1290 1745 1458 1820 Lucretia
1488 1770 1623 1822 nomen

292 1865 518 1964 impositum;
538 1873 615 1941 erat
629 1875 752 1942 autem
766 1867 837 1941 boc
851 1867 960 1941 modo
981 1866 1208 1941 ordinatum:

343 1995 383 2064 ln
408 1991 570 2066 sacristia
598 1999 723 2090 parate
751 1993 897 2066 luerunt
920 1991 1006 2065 hinc
1033 1992 1176 2067 atinde
1201 2018 1268 2066 xur
1293 1995 1397 2070 sedes
1425 2021 1470 2072 ex
1491 1999 1624 2074 velluto

293 2117 423 2192 diversi
449 2119 580 2193 coloris
602 2142 667 2214 pro
690 2117 946 2210 cardinalibus,
982 2118 1042 2190 ubi
1078 2141 1117 2192 se
1145 2129 1413 2219 congregarunt
1440 2124 1478 2196 in
1503 2127 1623 2200 medio

293 2243 409 2335 chori,
424 2245 540 2342 magis
557 2251 677 2318 tamen
693 2244 739 2318 ad
759 2244 870 2318 altare
889 2245 1008 2340 majus
1028 2267 1165 2318 versus.
1186 2244 1322 2320 Tabula
1345 2247 1419 2321 sive
1438 2251 1624 2325 credentia

292 2393 413 2465 parva,
429 2370 655 2467 longitudine
672 2370 775 2444 unius
792 2393 909 2443 canna
927 2368 982 2443 vel
998 2369 1107 2459 circa,
1120 2369 1277 2468 desuper
1289 2372 1431 2446 concha
1449 2385 1624 2471 argentea

293 2517 426 2592 magna
450 2520 494 2570 ex
514 2496 699 2570 credentia
718 2500 814 2593 Pape
834 2519 899 2592 pro
919 2519 1033 2592 puero
1056 2493 1269 2591 baptizando
1291 2495 1441 2570 tloribus
1459 2523 1621 2596 aspersa,

293 2617 330 2692 in
354 2621 485 2718 angulo
516 2621 669 2696 ecclesie
695 2627 796 2696 extra
819 2621 970 2694 chorum
995 2618 1040 2692 ad
1060 2617 1246 2692 dexteram
1271 2617 1482 2694 intrantium
1507 2623 1625 2697 eccle-

293 2748 396 2820 siam.
427 2747 617 2822 Credentia
642 2771 724 2820 cum
749 2746 888 2819 duobds
911 2743 1095 2822 bucalibus
1127 2749 1163 2817 et
1185 2743 1336 2818 totidem
1360 2744 1537 2820 bacilibus
1556 2773 1623 2844 pro

293 2872 441 2969 singulis
453 2873 693 2948 cardinalibus
709 2871 967 2969 compatribus,
984 2877 1020 2944 et
1036 2868 1185 2944 totidem
1200 2869 1370 2966 mappula
1379 2895 1445 2967 pro
1456 2873 1624 2946 manibus

292 2997 452 3072 lavandis
483 3004 519 3072 et
541 2997 784 3095 extergendis,
812 3019 854 3071 ac
874 3020 987 3069 unum
1017 3019 1084 3092 par
1112 2994 1282 3068 bacilium
1309 2994 1557 3070 inauratorum
1584 3008 1620 3072 et

293 3122 362 3196 alia
383 3123 539 3219 quedam
565 3147 645 3196 vasa
671 3126 844 3218 argentea
865 3119 1041 3208 inaurata,
1064 3118 1224 3192 medulla
1242 3117 1346 3214 panis
1371 3125 1409 3191 et
1435 3143 1495 3194 vas
1521 3121 1620 3209 salis,

292 3271 360 3343 que
377 3248 498 3320 omnia
513 3272 606 3320 unus
622 3270 666 3322 ex
687 3245 935 3320 credentiariis
957 3248 1053 3341 Papa
1073 3242 1300 3316 ordinaverat
1320 3248 1355 3315 et
1380 3245 1619 3320 custodiedat.

292 3376 381 3446 ltem
397 3380 433 3447 et
445 3379 655 3470 paramenta
673 3395 739 3470 pro
755 3369 1052 3446 vicecancellario
1074 3366 1289 3465 baptizante,
1310 3366 1478 3442 videlicet
1492 3395 1621 3468 super-

291 3497 487 3594 pellicium,
507 3497 611 3587 stola,
630 3496 782 3593 pluviale
802 3497 926 3569 album
944 3501 980 3568 et
995 3495 1100 3567 mitra
1125 3492 1291 3588 simplex,
1320 3515 1392 3588 que
1414 3495 1538 3570 omnia
1553 3497 1620 3570 sibi

291 3620 327 3691 in
345 3621 414 3694 hoc
439 3629 521 3694 actu
546 3621 739 3696 convenire
753 3619 978 3709 videbantur,
1002 3623 1105 3692 iimo.
1125 3623 1167 3692 D.
1192 3643 1222 3692 s.
1249 3618 1360 3691 Marci
1382 3619 1472 3692 mihi
1495 3645 1621 3696 assen-

291 3743 415 3834 tiente,
441 3747 479 3818 in
508 3746 655 3820 arbitrio
678 3753 800 3819 tamen
824 3745 917 3818 Rmi.
946 3749 989 3817 D.
1012 3743 1312 3832 vicecancellarii,
1340 3751 1380 3816 ut
1401 3743 1496 3818 inter
1520 3768 1558 3818 se
1584 3745 1619 3817 in

290 3867 498 3965 hujusmodi
527 3894 634 3968 agere
670 3871 776 3960 solet,
814 3871 1054 3966 relinquente.
1088 3869 1347 3967 baptizandam
1376 3869 1618 3944 cardinalibus

290 3975 458 4068 omnibbs
486 3996 895 4098 congregatisportavit
929 4020 1043 4093 usque
1077 3997 1123 4070 ad
1154 3995 1252 4070 iores
1280 3994 1436 4070 ecclesie
1465 3996 1615 4092 quedam

290 4120 419 4210 vetula,
437 4145 544 4218 quam
559 4121 694 4195 ibidem
712 4123 851 4218 accepit
867 4122 903 4194 in
919 4122 1069 4196 brachia
1088 4121 1236 4196 domina
1255 4125 1285 4196 N
1290 4178 1314 4212 .,
1337 4145 1427 4194 uxor
1447 4122 1614 4218 principis

290 4246 472 4344 Bisignani
496 4255 533 4322 et
550 4271 631 4322 eam
650 4249 822 4322 continuo
846 4248 961 4322 tenuit
981 4272 1095 4345 usque
1120 4255 1202 4346 post
1221 4248 1459 4346 baptismum
1487 4249 1612 4322 iterum

289 4377 391 4445 extra
412 4372 603 4446 ecclesiam
629 4371 972 4474 eidemprincipisse
994 4373 1104 4447 astitit
1130 4372 1278 4448 domina
1292 4373 1523 4450 Theodorina
1543 4371 1611 4445 tilia

289 4497 384 4592 Pape
399 4505 435 4570 et
449 4498 654 4594 complures
670 4499 738 4573 alie
758 4498 896 4573 nobiles
910 4498 1092 4572 mulieres

337 4626 460 4696 Rmus.
480 4626 523 4696 D.
541 4623 858 4698 vicecancellarius
882 4647 947 4721 pro
971 4623 1091 4697 officio
1115 4623 1326 4721 peragendo
1342 4623 1378 4696 in
1395 4624 1508 4700 choro
1530 4645 1608 4721 pra·

286 4744 382 4818 dicto
396 4753 508 4838 stam,
527 4749 666 4845 accepit
681 4773 790 4846 super
801 4749 990 4822 rochetum
1001 4749 1292 4847 superpellicium
1309 4754 1345 4822 et
1358 4751 1486 4823 stolam
1495 4748 1605 4822 albam

286 4875 438 4963 tantum,
456 4873 597 4969 pluviali
614 4881 650 4948 et
664 4875 771 4948 mitra
781 4874 952 4965 dimissis,
969 4875 1005 4948 in
1022 4898 1094 4971 quo
1114 4874 1238 4948 habitu
1259 4875 1465 4972 baptizavit;
1482 4872 1603 4948 deinde

286 4993 420 5068 ibidem
448 5019 532 5069 cum
560 4999 701 5073 duobus
732 5001 919 5074 bucalibus
953 5025 1081 5075 manus
1109 5001 1205 5092 lavit,
1241 5007 1278 5076 ct
1312 5001 1461 5075 dimisso
1486 4996 1598 5074 babitu

287 5117 493 5217 hujusmodi
508 5121 554 5196 ad
572 5121 772 5196 sacristiam
793 5146 876 5197 cum
896 5122 975 5196 aliis
999 5122 1185 5198 bocalibus
1207 5127 1243 5196 et
1266 5121 1443 5196 bacilibus
1463 5113 1599 5214 singulis
