3424 6038
313 487 367 544 aaa
769 477 945 536 rouauurs
968 477 1190 546 concauam,
1480 475 1628 542 amiso]

364 636 532 712 Mercurii
547 640 594 710 20
609 634 793 725 februarii,
807 633 883 708 dies
898 634 1076 725 cinerum,
1092 637 1219 706 Rmus.
1233 636 1276 707 D.
1296 629 1487 706 cardinalis
1499 628 1631 704 Ulixbo·

314 763 437 837 nensis
457 761 542 836 lecit
562 759 723 834 olfioium
738 759 773 832 in
795 759 934 858 capella
956 760 1095 856 majora
1120 755 1256 857 palatii,
1278 759 1376 853 Papa
1404 759 1580 853 presente,
1601 759 1632 824 et

314 886 498 962 benedixit
508 885 648 960 cineres
664 890 745 982 post
764 883 1002 958 reverentiam
1017 907 1039 957 a
1055 879 1296 956 cardinalibus
1310 878 1377 953 sibi
1392 877 1523 952 lactum
1538 897 1631 950 more

315 1012 433 1086 solito.
458 1011 594 1086 Deinde
610 1009 770 1107 prelatus
786 1008 976 1082 cardinalis
991 1006 1242 1084 Ulixbonensis
1257 1004 1506 1081 celebraturus
1518 1025 1631 1078 coram

316 1141 425 1234 Papa,
452 1159 561 1233 super
591 1134 788 1210 scabellum
820 1140 932 1223 stans,
960 1133 1131 1231 imposuit
1152 1131 1186 1208 ei
1208 1131 1362 1221 cineres,
1389 1127 1479 1202 nibil
1502 1128 1631 1216 dicens,

314 1261 443 1336 deinde
467 1260 545 1336 aliis
566 1259 808 1334 cardinalibus
832 1265 868 1334 et
887 1259 967 1332 aliis
982 1281 1085 1334 mors
1105 1257 1231 1345 solito;
1254 1263 1291 1330 et
1309 1253 1395 1352 quia
1409 1253 1545 1350 antiqui
1561 1251 1634 1326 libri

315 1385 602 1462 ceremoniarum
643 1385 809 1459 ordinant
847 1385 944 1482 quod
977 1384 1076 1483 prior
1110 1383 1364 1484 episcoporum
1409 1378 1636 1456 cardinalium

315 1512 456 1586 cineres
469 1516 563 1607 Pepe
574 1511 705 1585 debeat
717 1511 1123 1608 imponere,antequam
1135 1507 1383 1606 Pepaciueres
1395 1505 1632 1594 benediceret,

314 1637 531 1734 interrogavi
553 1636 788 1712 Sanctitatem
810 1659 912 1710 suam
930 1660 951 1709 a
971 1658 1043 1732 quo
1058 1635 1199 1710 cineres
1219 1633 1382 1730 recipere
1406 1631 1511 1706 vebat
1526 1655 1536 1704 τ
1551 1633 1635 1706 San-

315 1765 419 1838 ctitas
446 1785 511 1836 sua
537 1761 677 1836 remisit
703 1783 763 1836 me
787 1761 832 1835 ad
853 1761 991 1858 priores
1015 1759 1232 1849 cardinales,
1259 1757 1424 1834 videlicet
1452 1757 1637 1832 :vicecan-

314 1887 514 1974 cellarium,
533 1885 820 1983 Neapolitanum,
849 1909 878 1958 s.
899 1885 1010 1958 Marci
1031 1890 1067 1959 et
1085 1883 1399 1981 Andagavensem,
1417 1882 1479 1981 qui
1493 1879 1636 1982 predicti

315 2012 481 2086 dixerunt
502 2009 719 2085 celebrantis
743 2010 864 2108 potius
887 2009 1048 2084 osticium
1068 2033 1149 2086 esse
1169 2031 1279 2106 quam
1299 2009 1462 2096 alterius,
1486 2015 1587 2106 prout
1606 2012 1636 2080 et

311 2141 387 2237 jam
403 2163 425 2213 a
439 2137 560 2212 multis
586 2137 689 2212 annis
711 2136 803 2212 citra
822 2136 1052 2212 observatum
1072 2143 1182 2228 esset,
1205 2158 1361 2234 quorum
1379 2133 1555 2210 sententie
1575 2135 1633 2207 88.

314 2269 358 2338 D.
376 2268 418 2338 N.
437 2263 627 2360 acquievit.

362 2390 490 2482 Hodie,
518 2389 693 2464 vestiente
717 2411 755 2463 se
779 2391 843 2464 88.
871 2391 914 2464 Ι).
938 2391 1067 2464 Nostro
1090 2388 1126 2462 in
1152 2411 1298 2464 camera
1316 2387 1507 2487 papagalli,
1528 2389 1634 2465 Sano-

315 2516 398 2590 titas
421 2539 505 2588 suas
533 2513 715 2588 mandavit
744 2513 832 2588 mibi
862 2513 959 2610 quod
987 2513 1159 2612 episcopo
1180 2513 1369 2590 Sirmiensi
1397 2519 1633 2590 Romanorum
1706 2527 1707 2608 ξ

315 2641 410 2737 regis
430 2639 547 2737 primo
568 2639 701 2714 oratori
727 2639 848 2713 locum
871 2639 995 2713 darem
1019 2639 1112 2714 inter
1135 2639 1359 2732 assistentes,
1388 2639 1486 2738 quod
1509 2638 1634 2713 ibidem
1706 2611 1707 2630 ἵ

313 2763 482 2838 adstatim
507 2762 590 2840 leci.
624 2762 755 2836 Habuit
783 2769 904 2838 autem
931 2764 1002 2838 boc
1026 2764 1217 2863 originem,
1247 2787 1291 2840 eo
1320 2763 1419 2861 quod
1452 2760 1633 2860 episcopus

313 2887 565 2964 Lascurronsis
590 2893 711 2962 orator
737 2887 832 2986 regis
857 2889 1008 2964 Francia
1037 2913 1121 2964 cum
1149 2889 1288 2988 prelato
1318 2889 1505 2964 Sirmiensi
1533 2909 1633 2985 super

306 3014 546 3111 precedentis
562 3014 783 3088 contendere
804 3040 869 3090 seu
887 3015 1006 3113 ipsum
1025 3016 1146 3114 potius
1161 3016 1359 3115 precedere
1374 3017 1528 3108 uolebat,
1542 3039 1632 3091 asse·

315 3162 398 3212 rens
415 3163 539 3236 regem
555 3139 705 3214 Francia
721 3140 876 3238 primum
892 3163 1017 3238 regem
1033 3140 1373 3216 christianissimum
1388 3147 1425 3217 et
1438 3138 1631 3241 imperatori

314 3271 468 3356 tantum,
492 3289 566 3338 non
587 3265 689 3338 alteri
719 3265 850 3340 cedere
875 3271 1056 3364 oportere,
1083 3289 1156 3340 non
1184 3267 1376 3343 attondens
1401 3271 1630 3342 Romanorum

313 3413 438 3488 regem
467 3391 625 3464 loturum
655 3390 926 3488 imperatorem,
964 3391 1132 3468 eamdem
1160 3393 1298 3468 habere
1323 3392 1537 3491 dignitatem
1559 3411 1630 3465 cum

314 3516 531 3612 imperatore
552 3515 720 3614 ipsosque
736 3517 862 3590 ambos
878 3517 1030 3616 imperio
1045 3518 1284 3616 presidere'et
1306 3518 1463 3596 censeri.
1484 3521 1577 3592 Unus
1590 3514 1629 3589 ob
1705 3531 1706 3612 t

313 3640 522 3736 hujusmodi
538 3640 790 3715 altercationes
806 3649 946 3716 tantum
960 3643 1178 3719 amovendas
1190 3645 1295 3720 datus
1310 3644 1376 3730 luit
1389 3644 1494 3718 locus
1508 3642 1629 3742 prelato

313 3764 501 3838 Sirmiensi
519 3765 613 3840 inter
628 3769 837 3842 assistentes
853 3769 1030 3866 pontifici.

362 3888 563 3982 Dominica,
583 3896 629 3964 tt
644 3893 825 3985 februarii,
843 3894 960 3991 prima
975 3895 1158 3972 dominica
1173 3895 1465 3994 quadragesime,
1484 3899 1526 3970 R.
1542 3901 1578 3971 P.
1593 3899 1626 3970 b.

312 4019 441 4090 Petrus
457 4021 700 4096 Messanensis
717 4021 1026 4118 archiepiscopus,
1045 4024 1111 4096 88.
1139 4025 1182 4096 D.
1208 4022 1327 4096 Nostri
1343 4021 1529 4112 assistens,
1544 4021 1627 4096 cels·

312 4140 426 4216 bravit
446 4143 642 4244 incapolla
661 4147 798 4244 majore
821 4151 935 4244 Pape;
956 4145 1044 4220 dixit
1068 4145 1229 4244 quinque
1247 4146 1442 4239 orationes,
1460 4169 1502 4221 ac
1523 4142 1626 4220 omnia

310 4266 382 4339 alia
396 4269 586 4344 observata
601 4277 684 4344 sunt
700 4294 801 4345 more
815 4270 932 4346 solito.
950 4274 1165 4348 Sermonem
1183 4271 1269 4348 lecit
1282 4278 1497 4370 procurator
1509 4266 1625 4348 ordinis

311 4415 341 4464 s,
357 4393 548 4470 Dominici.
1338 4407 1341 4412 ’

365 4520 565 4613 Dominica,
586 4525 606 4594 2
624 4521 757 4612 martii,
775 4521 934 4596 secunda
954 4521 1244 4618 quadragesimo,
1266 4527 1308 4597 ll.
1331 4523 1368 4597 in
1382 4523 1520 4600 Christo
1535 4527 1570 4597 P.
1585 4521 1620 4593 b.

313 4648 424 4720 Ursus
446 4645 490 4719 de
516 4645 666 4736 Ursinis,
692 4646 883 4744 episcopus
906 4645 1102 4720 Theatinus
1128 4649 1191 4720 88.
1211 4651 1254 4721 D.
1277 4649 1321 4722 N.
1342 4651 1438 4747 Papa
1456 4645 1619 4730 assistens,
1704 4679 1705 4722 r

311 4771 504 4845 celebravit
524 4771 560 4843 in
575 4771 713 4868 capella
730 4771 869 4869 majore
890 4770 1027 4868 palatii,
1053 4773 1150 4868 Papa
1166 4779 1336 4869 presente
1352 4796 1360 4846 :
1378 4772 1465 4846 dixit
1483 4771 1619 4869 quinque

311 4896 542 4970 orationcset
557 4896 626 4970 alia
640 4919 741 4972 more
764 4897 869 4971 solito
890 4901 974 4970 sunt
998 4895 1199 4972 observata.
1224 4899 1440 4974 Sermonem
1463 4897 1620 4993 lecitpro

311 5026 456 5095 curator
470 5021 605 5095 ordinis
621 5045 651 5095 s.
670 5021 867 5096 Francisci.

352 5145 561 5238 'Dominica,
579 5147 600 5222 9
621 5145 755 5240 martii,
779 5148 886 5224 tertia
909 5145 1199 5248 quadragesime,
1224 5151 1266 5225 ll.
1292 5147 1330 5224 in
1353 5146 1493 5226 Christo
1515 5147 1551 5227 P·
1573 5144 1611 5216 ll·
