3578 6032
335 441 389 498 556
894 429 1107 490 APPENDICE.

337 593 465 660 facilius
479 592 611 656 veniam
624 593 687 655 ate
704 605 895 670 promerear
916 605 1039 669 :quam
1061 586 1089 650 si
1104 601 1172 650 non
1195 582 1336 662 dederis,
1360 598 1469 663 neque
1492 596 1670 646 censuram

339 702 407 759 tam
421 691 572 768 formido,
589 707 690 771 quam
703 706 780 753 amo
799 688 1035 752 amicissimam
1049 691 1081 750 et
1101 683 1340 766 aequissimam
1356 686 1459 745 tuam.
1472 681 1546 744 lleo
1557 684 1669 742 umen

342 811 384 858 ex
395 793 507 856 animo
518 789 653 852 eilluere
663 806 834 869 nunquam
845 804 926 851 sane
937 787 1054 866 potuit,
1068 773 1176 866 neque
1186 784 1254 848 ullo
1265 789 1414 863 tempore
1426 780 1549 861 poterit
1559 784 1668 842 sancta

344 897 376 956 et
391 888 590 954 suauissima
614 887 795 952 recordatio
818 888 877 964 tui,
898 888 960 950 etsi
981 885 1184 968 pepercerim
1204 884 1329 948 adamo
1351 887 1420 945 tam
1444 880 1513 958 diu,
1529 879 1620 942 nulla
1634 895 1669 941 se

343 989 423 1052 mihi
437 989 592 1050 onerante
606 987 659 1050 vel
673 987 854 1063 occasione,
871 986 924 1050 vel
939 1002 1038 1049 causa
1055 983 1230 1048 scribendi.
1247 985 1368 1044 Verum
1383 995 1437 1043 me
1451 978 1667 1042 dormientem

345 1088 463 1151 exciuit
477 1105 531 1151 res
546 1087 656 1164 modo,
680 1102 780 1166 quam
801 1085 849 1166 (ut
868 1083 960 1165 puto)
977 1089 1014 1148 tu
1028 1084 1170 1147 libenter
1184 1079 1387 1162 Archangele
1410 1078 1456 1141 sis
1471 1077 1645 1140 auditurus
1661 1095 1668 1136 :

343 1189 480 1268 quinon
494 1203 634 1267 paruam
646 1185 869 1263 vitaepartem
881 1184 977 1264 egisti
989 1182 1127 1260 Faesuli,
1143 1187 1175 1245 et
1185 1181 1341 1260 inclytam
1352 1177 1573 1242 Mediceorum
1580 1173 1668 1236 iami-

343 1287 422 1350 liam
433 1285 615 1358 excoluisti,
630 1285 695 1347 illis
707 1300 808 1364 prope
824 1282 1032 1359 vernaculus,
1048 1296 1245 1360 semperque
1258 1277 1482 1341 charissimus.
1496 1274 1565 1338 Res
1576 1273 1668 1353 plane

343 1387 424 1448 haec
444 1387 506 1461 est,
528 1388 566 1446 ut
587 1383 647 1445 tibi
666 1383 835 1462 aliquanto
851 1385 1034 1455 notescam,
1056 1396 1141 1460 quae
1161 1384 1239 1441 sunt
1255 1375 1346 1456 apud
1363 1391 1426 1438 nos
1450 1379 1603 1454 actaque
1618 1372 1667 1436 die

345 1487 485 1547 loannes
507 1481 659 1558 Medicas,
681 1481 846 1544 Laurentii
866 1480 979 1561 magni
996 1477 1096 1555 tilius,
1118 1477 1346 1542 cardinalatus
1365 1473 1489 1553 accepit
1513 1471 1665 1553 insignia,

344 1583 438 1646 ouius
454 1581 616 1660 ordinem,
633 1581 803 1662 mysteria,
817 1579 968 1660 plausus,
984 1578 1149 1657 publicam
1166 1577 1336 1651 laetitiam,
1354 1573 1527 1637 liberalem
1541 1571 1666 1650 impen-

344 1698 427 1756 sam,
439 1681 528 1743 lauta
544 1679 785 1760 ambitiosaque
800 1679 953 1742 conuiuia
966 1693 1172 1754 enumerare,
1188 1681 1288 1755 atque
1305 1673 1491 1738 describere
1504 1668 1665 1734 facundis·

344 1781 418 1844 simi
434 1779 591 1855 OratoriS,
602 1777 656 1842 vel
670 1777 820 1842 Historici
833 1794 918 1857 opus
932 1777 1047 1858 utique
1058 1778 1111 1852 sit,
1129 1776 1189 1840 sed
1198 1774 1415 1856 grandiloque
1429 1787 1539 1850 neque
1553 1771 1665 1832 Poetae

343 1881 504 1942 restante
523 1877 724 1940 convenerit.
741 1878 809 1958 Ego
824 1877 969 1956 ingenue
988 1875 1103 1952 fateor,
1120 1891 1173 1938 me
1187 1892 1207 1937 a
1225 1879 1318 1937 tanto
1339 1871 1483 1936 facinore
1504 1867 1600 1944 vinci,
1614 1869 1666 1947 qui

233 2022 236 2028 ,
344 1978 442 2040 etiam
457 1977 485 2039 si
498 1975 607 2050 velim,
628 1991 737 2056 neque
755 1976 803 2038 rei
820 1974 1035 2038 illustrandae
1055 1976 1134 2038 satis
1152 1989 1287 2055 possem
1299 1987 1432 2053 operae,
1445 1967 1664 2049 temporisque

342 2091 478 2151 nauare,
493 2075 595 2138 sacris
607 2074 882 2155 quadragesimae
892 2079 1025 2138 sanctae
1036 2073 1202 2154 mysteriis
1214 2073 1248 2134 in
1259 2071 1348 2135 aliud
1357 2087 1411 2132 me
1421 2066 1662 2132 reuocantibus.

342 2176 464 2237 Verum
486 2174 655 2237 enimuero
673 2174 707 2236 in
726 2173 929 2236 breuiarium
944 2171 1110 2252 quoddam
1126 2172 1254 2251 potiora
1273 2175 1419 2235 attamen
1435 2167 1663 2249 stringamus

342 2273 489 2352 palatum
505 2273 672 2335 incassum
685 2272 746 2336 tibi
761 2271 959 2335 exacuerim.
977 2273 1057 2336 Cum
1072 2273 1183 2352 itaque
1196 2269 1337 2334 loannes
1349 2270 1401 2332 hic
1411 2269 1563 2343 ltedices,
1576 2265 1662 2346 quin·

341 2372 577 2434 tumdecimum
590 2371 708 2435 aetatis
723 2386 848 2433 annum
859 2375 988 2433 tantum
1003 2387 1119 2451 agens,
1131 2369 1312 2434 dardtnalts
1325 2369 1510 2432 declaratus
1521 2371 1584 2442 est,
1597 2370 1662 2428 tum
1750 2405 1751 2440 ,

341 2467 490 2532 Pontifex
504 2473 537 2533 et
553 2469 636 2533 sacri
651 2471 763 2533 Patres
776 2469 952 2533 voluerunt
963 2469 1170 2548 impuberem
1180 2469 1271 2531 illum
1284 2468 1365 2531 tanti
1377 2468 1503 2531 ordinis
1512 2465 1662 2530 adminis-
1750 2449 1751 2456 '

342 2569 484 2634 tratione
512 2568 767 2649 insignibusque
791 2569 833 2631 ad
856 2569 1034 2632 triennium
1063 2585 1170 2648 usque
1198 2585 1309 2632 cerere
1333 2587 1342 2630 ε
1363 2587 1430 2651 quo
1451 2574 1615 2652 tantisper
1634 2578 1663 2635 et

341 2667 490 2728 moribus
506 2669 538 2728 et
553 2666 708 2729 doctrinis
721 2667 931 2744 coalesceret,
950 2673 1053 2748 atque
1070 2666 1253 2746 proficeret,
1276 2671 1309 2730 et
1321 2667 1440 2730 virtute
1455 2681 1494 2728 ac
1508 2659 1661 2740 sapientia

340 2769 480 2843 mactus,
491 2769 582 2828 tanto
597 2763 729 2846 fastigio
749 2770 982 2846 tantarumque
1003 2783 1115 2830 rerum
1132 2765 1341 2846 susceptione
1362 2765 1485 2845 dignus
1499 2760 1660 2825 euaderet.

340 2864 446 2938 Venit,
463 2866 532 2926 Deo
544 2863 637 2926 illum
650 2869 816 2941 seruante,
827 2870 959 2944 optatus
970 2865 1022 2928 bic
1032 2865 1114 2942 dies,
1129 2865 1365 2946 plenitudoque
1378 2862 1522 2926 triennii.
1533 2861 1662 2937 Suscep-

340 2963 558 3042 turusitaque
578 2962 659 3026 haec
678 2969 883 3040 ornamenta,
906 2981 991 3045 quae
1016 2965 1170 3040 diximus,
1195 2965 1332 3028 Pallium
1355 2963 1488 3040 scilicet,
1510 2963 1660 3033 Biretum,

339 3061 511 3126 ardentem
525 3061 660 3137 Pileum,
677 3061 944 3142 desponsationis
964 3063 1135 3140 annulum,
1154 3063 1259 3144 pridie
1273 3079 1373 3144 quam
1387 3063 1510 3126 talibus
1524 3060 1660 3124 iniciare·

339 3167 404 3237 tur,
419 3159 462 3223 ad
477 3175 539 3222 nos
553 3164 630 3238 post
641 3161 813 3225 meridiem
828 3163 984 3225 Faesulas
1000 3162 1203 3240 conscendit,
1217 3179 1321 3243 paruo
1337 3178 1474 3224 suorum
1489 3159 1661 3224 admodum

340 3261 508 3336 comitatu,
524 3262 557 3321 et
570 3258 697 3334 humili,
713 3275 751 3323 ac
761 3259 899 3339 simplici
914 3261 1014 3324 cultu.
1031 3261 1189 3324 Postridie
1199 3259 1304 3324 adfuit
1314 3275 1411 3322 mane
1421 3261 1563 3322 loannes
1574 3259 1661 3320 Picus

341 3357 660 3434 llirandulanoster,
686 3362 719 3420 et
741 3359 878 3421 lacobus
904 3359 1081 3436 Saluiatus,
1106 3359 1288 3423 cardinalis
1313 3359 1470 3433 sororius,
1485 3373 1523 3420 ac
1536 3357 1659 3419 Simeon
1749 3399 1750 3408 ,

340 3455 434 3518 Staza
449 3456 596 3518 notarius
612 3473 709 3519 :cum
724 3456 846 3536 quibus
863 3459 943 3520 bora
958 3459 1022 3520 diei
1037 3457 1163 3522 circiter
1182 3463 1273 3521 sexta
1294 3459 1335 3522 de
1348 3457 1498 3522 cubiculo
1512 3470 1659 3538 egressus

341 3570 434 3616 sacer
445 3553 638 3618 adolescens
653 3556 814 3635 templum
828 3557 974 3619 intrauit.
992 3556 1054 3620 Ubi
1066 3557 1209 3636 primum
1221 3558 1256 3620 in
1271 3558 1414 3638 Virginis
1429 3555 1564 3619 laudem
1577 3553 1658 3634 (Sab-

340 3652 455 3715 batum
477 3653 564 3716 enim
589 3659 670 3731 erat,
695 3653 766 3718 dies
790 3655 915 3735 Virgini
938 3659 1048 3718 vetere
1068 3657 1228 3738 religione
1251 3653 1389 3736 dicatus)
1413 3656 1479 3718 ritu
1502 3659 1658 3732 cantuque

260 3829 261 3832 Ἴ
340 3751 480 3814 solemni
494 3751 549 3831 agi
563 3752 669 3830 coepit
684 3767 722 3815 ea
737 3769 790 3814 res
807 3769 910 3828 sacra,
924 3770 1025 3833 quam
1036 3755 1136 3836 vulgo
1147 3755 1285 3818 dicimus
1295 3756 1427 3818 Missam
1445 3755 1500 3818 :in
1513 3771 1578 3835 qua
1590 3769 1657 3815 cum

339 3849 432 3929 prius
445 3854 689 3912 sacrosanctum
706 3867 767 3932 ego
783 3852 913 3914 Domini
930 3869 1049 3931 corpus
1065 3855 1327 3934 sanguinemque
1341 3854 1511 3928 libassem,
1528 3859 1596 3916 tum
1610 3851 1658 3912 ille

338 3951 416 4009 ante
427 3949 527 4009 Aram
539 3947 572 4008 in
582 3963 690 4027 genus
700 3947 803 4011 flexus
813 3953 1131 4014 concommunicauit
1142 3953 1302 4034 singulari
1311 3953 1506 4031 humilitate,
1520 3958 1552 4015 et
1563 3965 1655 4032 quan·

337 4053 408 4110 tum
426 4047 562 4128 agnosci
580 4051 710 4126 poterat
731 4047 850 4111 deuota
871 4049 1006 4128 quidem
1027 4054 1150 4128 mente,
1169 4055 1201 4113 et
1221 4057 1328 4114 erecta
1348 4067 1479 4131 semper
1499 4051 1534 4114 in
1550 4053 1656 4114 Deum.
1687 4030 1690 4038 ’

337 4147 469 4208 Peracta
487 4162 523 4208 re
544 4161 648 4222 sacra,
665 4147 861 4211 vestimenta
883 4166 961 4212 mox
979 4166 999 4212 a
1017 4166 1071 4212 me
1094 4167 1227 4231 quoque
1242 4156 1321 4214 sunt
1339 4149 1513 4214 benedicta
1529 4153 1654 4228 :postea

338 4259 428 4320 vero,
450 4243 581 4307 sublata
599 4260 713 4322 manu,
734 4246 871 4324 bullam,
890 4249 1059 4328 breueque
1078 4248 1244 4312 Pontificis
1268 4248 1396 4312 Maximi
1420 4255 1551 4324 tenens,
1574 4247 1657 4309 illum
1748 4321 1749 4330 ἵ

339 4343 426 4405 bunc
449 4343 483 4405 in
498 4343 637 4408 modum
662 4347 780 4408 allatus
798 4346 952 4426 equidem
973 4364 1057 4410 sum.
1081 4381 1121 4392 -
1140 4349 1234 4426 Quod
1250 4349 1320 4427 tibi,
1344 4346 1508 4410 Ecclesiae
1529 4348 1655 4408 Sanctae
1748 4369 1749 4422 3

339 4441 410 4516 Dei,
424 4442 563 4520 patriae,
579 4444 762 4524 Generique
779 4449 836 4509 tuo
851 4444 950 4508 foelix
969 4446 1179 4527 salutareque
1192 4448 1245 4523 sit,
1262 4447 1358 4510 hodie
1372 4447 1512 4509 loannes
1526 4443 1656 4507 Medicas

339 4538 515 4602 decursum
535 4546 587 4604 est
612 4541 791 4605 triennium
818 4543 1040 4607 cardinalatui
1064 4551 1121 4608 tuo
1145 4546 1311 4626 perhanc
1336 4544 1470 4620 bullam,
1498 4544 1655 4620 breueque

341 4635 535 4715 praefixum.
548 4641 674 4719 Legunt
688 4640 745 4719 qui
758 4641 881 4703 volunt.
904 4644 1036 4706 Servata
1055 4649 1132 4708 sunt
1149 4645 1269 4723 omnia,
1289 4645 1329 4707 de
1348 4643 1468 4723 quibus
1483 4647 1520 4704 tu
1534 4641 1654 4704 Simeon

342 4735 508 4812 publicam
533 4737 691 4800 tabellam
714 4739 1008 4823 testimoniumque
1032 4742 1194 4807 coniicito.
1216 4777 1255 4788 -
1277 4741 1431 4818 Subinde,
1449 4741 1548 4820 pallio
1569 4757 1586 4800 a
1607 4752 1654 4798 me

342 4832 480 4895 indutus
500 4839 551 4896 est
572 4835 606 4896 in
624 4837 751 4900 iusticia
767 4843 800 4900 et
813 4841 985 4904 sanctitate
1001 4842 1158 4905 veritatis.
1177 4843 1321 4906 Biretum
1333 4841 1485 4920 denique,
1499 4839 1653 4906 Galacum,

342 4931 574 5012 annulumque
588 4937 720 5014 porrexi
740 4937 792 5000 his
809 4955 943 5002 rursum
959 4958 1035 5003 cum
1049 4941 1170 5005 verbis.
1192 4946 1272 5004 llaec
1286 4947 1361 5003 sunt
1373 4941 1486 5002 decora
1500 4937 1653 5016 dignitatis

342 5027 488 5137 sublimia
504 5042 577 5096 tuae
591 5051 611 5095 a
627 5033 707 5098 Sede
723 5039 904 5115 Apostolica
919 5041 978 5102 tibi
992 5039 1106 5102 tradita
1123 5047 1215 5124 etque
1229 5056 1379 5104 concessa
1394 5061 1404 5101 .·
1419 5041 1535 5118 quibus
1550 5054 1652 5117 quoin

339 5125 396 5186 dau
415 5128 543 5206 ricmis,
558 5132 600 5193 od
624 5131 683 5196 Dei
700 5134 836 5211 taudem,
862 5137 968 5214 tuique
990 5137 1126 5202 saliatem
1140 5138 1265 5212 {utinam
1283 5157 1401 5217 semper
1420 5143 1520 5202 utare.
1538 5137 1654 5216 Quibus
