3422 6034
98 437 218 504 [Junrler
234 436 320 502 1490]v
429 431 556 489 RERUM
581 431 808 492 URBANARUM
833 433 1096 492 COMMENTARll.
1376 439 1431 494 389

96 589 300 688 suscipere,
332 588 394 661 sed
421 585 492 662 dixi
519 608 597 661 rem
625 589 688 660 SS.
717 591 760 662 Ι).
794 593 919 662 nostro
944 587 1034 662 rebe
1061 611 1264 684 proponere
1291 593 1326 662 et
1351 590 1429 686 ejus

95 842 167 914 hec
192 838 282 912 mihi
308 836 486 926 dixerunt,
515 838 783 912 concordarunt
817 837 915 934 quod
941 841 984 910 1).
1009 835 1193 910 lohannes
1218 837 1430 933 precederet

96 967 176 1040 sine
191 963 406 1062 prejudicio,
420 963 550 1037 deinde
562 965 632 1036 alia
644 964 701 1038 die
715 963 926 1061 precederet
937 967 982 1037 1).
995 967 1122 1036 Petrus
1139 961 1218 1036 sine
1228 962 1428 1059 prejudicio

96 1089 239 1164 domini
252 1088 427 1162 lobannis
447 1117 453 1162 :
472 1089 540 1164 hec
556 1089 649 1163 inter
665 1113 703 1164 se
716 1089 851 1187 pluries
863 1090 1097 1164 observarunt
1112 1087 1148 1160 in
1164 1087 1314 1184 capella,
1334 1093 1431 1188 Papa

97 1221 285 1315 presente.
304 1213 385 1286 Fuit
400 1217 520 1286 autem
536 1213 605 1286 bec
619 1211 712 1288 inter
727 1237 789 1288 eos
809 1237 918 1288 causa
936 1240 943 1289 :

147 1341 278 1414 Dictus
292 1343 335 1413 D.
354 1337 538 1413 lohannes
562 1339 707 1414 nuntius
728 1347 806 1414 erat
823 1339 898 1414 sive
915 1345 1035 1414 orator
1055 1339 1126 1436 lige
1151 1341 1187 1415 S.
1205 1341 1349 1438 Georgii
1367 1365 1433 1438 per

98 1465 355 1542 serenissimos
383 1463 641 1561 imperatorem
664 1471 699 1538 et
727 1487 851 1563 regem
880 1470 1127 1540 Romanorum
1155 1465 1368 1540 confirmate
1397 1475 1432 1540 et

98 1589 274 1678 stabilite,
290 1589 451 1662 institute
467 1610 533 1686 pro
545 1588 756 1664 defensione
771 1595 945 1666 terrarum
958 1591 1149 1666 Germanic
1167 1615 1269 1666 sacro
1282 1615 1432 1666 romano

96 1715 257 1813 imperio
290 1715 553 1814 subjectarum.
587 1714 632 1789 de
665 1739 736 1812 qua
766 1717 912 1812 quidem
945 1718 1117 1815 ligatione
1148 1725 1230 1792 sunt
1269 1717 1433 1793 marchio

96 1840 278 1916 Badensis
293 1863 416 1914 comes
434 1839 477 1912 de
492 1839 724 1934 Virtemberg
737 1845 773 1913 et
788 1840 846 1912 alii
862 1842 1068 1938 complures
1082 1842 1247 1933 comites,
1261 1842 1431 1926 barones,
1504 1867 1507 1874 ⁴

96 1967 238 2040 milites
256 1971 292 2040 et
306 1965 459 2056 nobiles,
479 1964 611 2062 oppida
631 1965 813 2040 Utinensis
830 1973 865 2042 et
881 1967 951 2042 alia
966 1969 1165 2066 complure.
1185 1974 1247 2044 Est
1262 1977 1299 2044 et
1315 1971 1432 2044 eidem

97 2091 317 2188 collegiatus
328 2094 370 2164 R.
385 2094 427 2163 Ι).
445 2089 740 2188 archiepiscopus
754 2093 1053 2188 bloguntinensis,
1068 2095 1166 2168 lllus.
1183 2094 1434 2191 sigismundus

98 2215 251 2292 Austrie
274 2215 447 2290 archidux
468 2222 504 2288 et
528 2215 586 2288 alii
611 2216 812 2314 principes;
836 2225 872 2291 et
892 2241 976 2291 cum
996 2218 1072 2316 ipse
1094 2223 1136 2294 Ι).
1157 2221 1341 2292 lohannes
1362 2243 1434 2294 non

100 2344 227 2416 solum
243 2349 363 2416 orator
377 2342 448 2439 lige
469 2341 630 2438 predicte
652 2349 760 2433 esset,
780 2343 844 2416 sed
867 2343 975 2418 ctiam
996 2342 1219 2439 prelatorum
1240 2341 1436 2439 archiepis-

99 2469 188 2566 copi
215 2465 502 2564 lllogunlioensis
527 2473 563 2541 et
586 2467 804 2557 archidueis,
829 2469 888 2564 qui
914 2493 979 2566 pro
1006 2469 1233 2565 expeditione
1262 2491 1327 2541 sua
1350 2490 1435 2542 suos

101 2601 272 2668 oratores
291 2592 516 2666 ministratur
534 2592 570 2664 iu
594 2615 675 2666 eum
698 2593 820 2666 locum
844 2594 880 2666 in
904 2617 976 2689 quo
997 2594 1073 2691 ipse
1096 2594 1142 2668 ad
1164 2593 1298 2667 Urbem
1316 2595 1438 2666 orator

102 2719 228 2792 luerat
242 2718 454 2806 destinatus,
480 2723 516 2792 et
536 2741 608 2790 una
629 2742 709 2792 cum
728 2718 800 2814 liga
816 2719 934 2816 ipsum
953 2719 1179 2793 ordinaverat
1199 2723 1239 2791 ut
1260 2715 1437 2814 Mogonti-

103 2867 263 2918 nensem
282 2843 478 2940 palatinum
495 2844 691 2940 precedere
707 2843 868 2936 deberet,
887 2845 936 2918 ita
954 2845 1022 2942 ipsi
1043 2844 1176 2918 oratori
1187 2843 1334 2941 palatini
1357 2865 1436 2939 pre-

100 2969 193 3044 lerri
206 2969 341 3042 debere
357 2976 392 3042 el
408 2969 593 3066 anteponi.
614 2973 655 3042 ll.
677 2973 802 3042 Petrus
823 2970 1043 3044 innitebatur
1057 2974 1099 3042 R.
1119 2973 1161 3042 Ι).
1183 2967 1436 3063 blogontinen-

101 3118 186 3170 sem
214 3094 385 3168 comitem
410 3094 609 3194 palatinum
632 3095 818 3169 dominum
839 3117 944 3168 suum
968 3094 1186 3192 precedere;
1213 3100 1435 3166 tamencum

100 3220 183 3316 ipse
200 3223 244 3292 Ι).
262 3218 447 3292 lohannes
463 3241 536 3292 non
553 3223 649 3292 esset
665 3217 701 3289 in
718 3218 811 3292 Urbe
826 3225 950 3290 orator
964 3223 1003 3290 ut
1017 3217 1209 3314 palatinus,
1223 3217 1289 3292 sed
1299 3223 1337 3290 ut
1349 3216 1434 3312 liga,

102 3343 287 3439 allegabat
302 3343 460 3440 primum
479 3343 600 3418 locum
616 3342 684 3416 sibi
699 3343 776 3416 lore
792 3343 966 3417 debitum.

156 3468 272 3542 Habui
289 3491 398 3565 super
418 3468 489 3541 hoc
504 3467 683 3565 judicium
704 3469 798 3542 Rmi.
821 3471 863 3541 Ι).
882 3468 1073 3542 cardinalis
1092 3465 1277 3556 Senensis,
1296 3465 1353 3538 cui
1365 3465 1435 3538 dixi

103 3593 198 3668 mihi
226 3592 336 3665 videri
359 3591 455 3688 quod
479 3595 522 3665 Ι).
548 3593 731 3666 lohannes
759 3600 856 3667 esset
880 3593 1119 3690 preferendus
1149 3618 1155 3662 :
1184 3589 1371 3687 respondit
1394 3595 1435 3662 R.

106 3719 317 3793 Dominatio
333 3741 449 3792 suase
466 3719 613 3794 credere
633 3741 691 3792 me
708 3741 828 3794 errare
844 3726 879 3792 et
897 3723 938 3791 Ι).
959 3723 1104 3793 Petrum
1125 3719 1201 3790 lore
1218 3721 1440 3812 anteponen-

106 3844 211 3936 dum,
238 3867 322 3917 cum
347 3847 389 3916 Ι).
416 3843 703 3941 bloguntinensis
725 3866 798 3916 non
819 3849 915 3917 osset
937 3843 973 3915 in
999 3843 1072 3939 liga
1095 3848 1265 3936 tanquam
1287 3843 1439 3935 Mogon-

108 3970 264 4045 tinensis
292 3969 430 4043 elector
456 3969 615 4065 imperii,
645 3969 710 4041 sed
736 3975 774 4040 ul
802 3968 959 4065 prelatus
983 3975 1019 4042 et
1039 3968 1228 4065 princeps;
1256 3963 1439 4038 nihilomi-

108 4119 179 4168 nus
202 4095 269 4168 sibi
295 4095 476 4170 videretur
505 4095 603 4191 quod
631 4093 822 4166 consilium
852 4093 1024 4168 haberem
1055 4092 1208 4165 duorum
1237 4088 1438 4162 auditorum

109 4230 190 4296 rote
215 4229 277 4295 aut
301 4221 454 4296 aliorum
482 4221 705 4318 prelatorum
732 4217 935 4309 doctorum,
960 4243 1006 4292 ne
1031 4217 1202 4312 quiquam
1229 4238 1274 4288 ex
1297 4212 1438 4288 duobus

110 4346 283 4448 predictis
315 4347 472 4420 deterior
507 4345 623 4421 fieret.
650 4344 821 4419 Consului
852 4367 960 4440 super
987 4344 1057 4415 hoc
1088 4345 1130 4414 D.
1159 4341 1321 4415 Felinum
1349 4341 1440 4410 San-

111 4474 223 4548 deum
252 4471 451 4546 auditorem
481 4477 577 4563 rote,
612 4471 670 4544 cui
699 4469 813 4542 visum
844 4476 915 4559 est,
951 4475 1142 4565 postquam
1172 4466 1245 4562 liga
1268 4487 1314 4537 ex
1343 4463 1442 4559 justa

113 4620 226 4672 causa
259 4597 435 4684 instituta,
464 4600 499 4668 et
523 4619 588 4692 per
613 4593 850 4692 superiorem,
872 4589 1039 4662 videlicet
1060 4588 1331 4684 imperatorem,
1356 4607 1441 4682 pro-

112 4725 198 4796 bata
222 4744 296 4794 non
322 4721 584 4812 conventicula,
617 4729 652 4794 et
677 4720 714 4792 in
739 4741 783 4793 ea
809 4722 893 4790 sunt
915 4716 1049 4813 plures,
1075 4712 1184 4785 etiam
1205 4711 1233 4784 si
1259 4709 1378 4782 nullus
1397 4709 1442 4781 ait

111 4846 272 4944 palatino
297 4847 427 4943 major,
458 4845 524 4918 sibi
551 4843 660 4918 videri
687 4843 783 4940 quod
811 4849 935 4916 orator
955 4840 1026 4935 lige
1052 4846 1085 4911 et
1112 4836 1268 4924 comitis,
1295 4831 1441 4930 palatini

113 4972 249 5044 oratori
275 4970 319 5045 de
337 4972 418 5067 jure
441 4971 690 5068 preferendus,
714 4993 797 5043 cum
818 4968 934 5064 major
949 4965 1102 5060 dignitas
1125 4968 1162 5035 et
1181 4952 1444 5058 preemineotia

114 5097 159 5169 sit
175 5095 337 5193 pluribus
354 5097 388 5168 in
410 5117 504 5186 uno;
525 5095 655 5168 deinde
674 5095 769 5166 idem
791 5089 967 5166 conclusit
986 5093 1027 5164 D.
1045 5089 1228 5162 lohannes
1251 5083 1442 5180 episcopus
