3508 6034
120 441 244 506 [πάντων
260 443 328 508 rica]
469 439 597 499 RERUM
620 431 847 500 URBANARUM
871 441 1132 502 COMMENTARH.
1402 451 1455 507 1145

111 593 259 690 judico,
277 601 314 668 et
327 593 568 693 indulgentias
590 619 678 693 quas
699 600 761 672 SS.
783 601 826 671 D.
846 601 887 672 N.
907 599 1088 673 concessit
1102 599 1282 696 plenarias
1302 629 1309 674 :
1330 625 1455 678 asceu-

118 719 172 792 dit
188 721 368 818 pulpitum
381 729 417 795 et
431 728 513 818 post
527 721 694 795 ultimum
710 722 860 818 gradum
876 722 1014 819 capelle
1030 724 1098 797 sub
1117 723 1258 798 tribuna
1272 725 1394 800 altaris
1409 726 1455 799 ad

115 845 311 919 dexteram
332 845 497 919 intrantis
522 846 588 920 sibi
617 855 782 943 paratum
805 849 840 922 et
866 847 952 922 lecit
976 871 1197 939 sermonem,
1225 873 1299 924 uon
1332 858 1454 926 tamen

118 975 356 1066 expectatum
376 970 472 1067 quod
493 970 700 1044 estimatum
727 977 781 1046 est
805 977 952 1070 propter
973 975 1147 1071 temporis
1171 974 1217 1048 ed
1234 997 1456 1073 componen-

117 1091 210 1165 dum
232 1093 444 1168 brevitatem
464 1093 640 1168 evenisse.
661 1080 777 1168 Finito
799 1119 967 1170 sermone
991 1103 1158 1174 cantores
1183 1099 1395 1197 inceperunt
1418 1109 1454 1175 et

117 1217 309 1314 prosecuti
336 1224 420 1292 sunt
444 1220 619 1318 hymnum
643 1219 691 1293 Te
715 1221 830 1295 Decem
854 1221 1068 1312 lacedaemon·
1085 1223 1216 1299 deiude
1241 1228 1340 1322 Papa
1366 1226 1453 1300 dixit

117 1343 236 1418 Pater
244 1357 362 1418 noster
376 1343 447 1418 alta
461 1367 548 1418 voce
566 1345 664 1442 quod
679 1353 818 1419 secrete
832 1345 1004 1442 implerit,
1022 1347 1151 1421 deiude
1168 1349 1224 1421 Et
1237 1373 1281 1422 ne
1295 1373 1373 1441 nos,
1385 1361 1448 1422 etc.

117 1491 207 1542 cum
228 1469 307 1542 aliis
330 1469 515 1544 versieulis
538 1475 644 1567 prout
665 1495 773 1567 supra
795 1471 903 1545 etiam
930 1473 994 1546 luit
1017 1473 1256 1564 observatum,
1286 1476 1451 1550 eamdem

120 1592 329 1668 orationem
348 1593 481 1668 ibidem
503 1595 657 1690 positam
678 1595 919 1692 subjungeus3
944 1620 1015 1692 qua
1035 1597 1142 1688 dicta,
1166 1600 1349 1696 subjunxit
1373 1598 1456 1672 :Sit

115 1742 250 1792 nomen
266 1719 420 1810 Domini,
442 1731 523 1812 etc,
549 1743 591 1793 ac
618 1719 752 1818 populo
777 1720 987 1795 solemniter
1009 1723 1207 1796 benedixit.
1235 1727 1312 1810 Quo
1338 1725 1449 1813 lactc,

114 1843 305 1939 predictus
321 1847 364 1918 D.
385 1847 511 1918 Petrus
526 1845 588 1941 qui
604 1869 718 1941 usque
735 1852 821 1920 tuuc
836 1846 872 1919 iu
888 1846 1026 1944 pulpito
1042 1869 1125 1921 cum
1139 1872 1254 1946 cappa
1269 1872 1335 1922 sua
1350 1872 1452 1923 more

115 1969 260 2066 capelle
285 1975 534 2068 expectaveret
567 1950 818 2068 pronuncient
849 1971 1091 2068 indulgentias
1111 1973 1291 2070 plenarias
1315 1973 1450 2071 populo

114 2119 203 2169 cum
239 2095 359 2170 debila
396 2095 588 2170 devotione
624 2096 853 2171 interesseuti
888 2103 1082 2188 concessas
1113 2122 1122 2170 :
1153 2104 1229 2171 tum
1265 2099 1447 2196 pontifex,

114 2217 269 2293 dimisso
284 2220 426 2319 pluviali
440 2229 476 2296 et
490 2221 608 2311 mitra,
624 2221 776 2318 capucio
791 2221 873 2296 albo
896 2227 1095 2320 resumpto,
1115 2244 1180 2319 per
1199 2223 1388 2318 parionem
1403 2223 1449 2298 ad
1535 2306 1536 2310 Ἰ

115 2345 293 2442 palatium
309 2353 364 2420 est
377 2369 554 2422 reversus.
573 2347 674 2421 Ultra
692 2354 841 2444 pontem
862 2348 965 2444 juxta
979 2352 1137 2422 cestrum
1154 2371 1183 2420 s.
1204 2347 1332 2444 Augeli
1350 2347 1449 2422 dedit

113 2471 303 2546 licentiam
318 2471 557 2547 cardinalibus
574 2473 701 2546 domos
715 2471 928 2546 revertendi.
945 2475 1104 2548 Venerat
1118 2477 1239 2546 autem
1254 2471 1300 2545 ad
1315 2471 1448 2546 dictam
1516 2509 1522 2514 ·

114 2598 313 2673 ecclesiam
333 2621 399 2695 per
421 2597 515 2672 viam
534 2605 670 2671 rectam
683 2621 808 2672 versus
821 2597 962 2672 Turrim
980 2597 1238 2695 Sanguineam,
1257 2605 1292 2672 et
1312 2597 1349 2670 iu
1366 2621 1451 2672 area

114 2723 249 2797 domus
264 2723 547 2798 Rechauateusis
563 2722 704 2798 divertit
714 2731 814 2799 recta
827 2721 883 2797 via
896 2723 942 2797 ad
957 2722 1150 2798 ecclesiam
1165 2722 1354 2820 hospitalis
1369 2747 1450 2820 pre-

113 2849 333 2948 dictamque
348 2859 474 2949 parate
489 2849 552 2923 luit
572 2849 644 2924 hoo
661 2848 786 2924 ordine
806 2873 814 2921 :
833 2849 939 2922 sedes
956 2852 1050 2946 Papo
1066 2870 1149 2922 cum
1165 2847 1256 2922 solio
1277 2848 1315 2921 in
1334 2871 1449 2924 cornu

114 2974 293 3073 evangelii
307 2973 427 3050 locata
444 2974 509 3050 luit
528 2998 611 3049 cum
631 2972 777 3049 sedibus
796 2972 912 3048 bassis
932 2972 977 3046 od
995 2972 1176 3045 sinistram
1196 2995 1261 3068 pro
1279 2971 1451 3046 assisten-

115 3100 227 3191 tibus,
244 3100 291 3174 ad
306 3100 492 3175 dexteram
510 3123 608 3191 vero,
632 3099 737 3173 sedes
755 3121 820 3196 pro
842 3097 1021 3195 episcopis
1039 3104 1076 3170 et
1094 3094 1316 3193 presbyteris
1334 3097 1449 3170 cardi·

115 3225 272 3314 nulibus,
289 3223 327 3298 iu
340 3226 506 3324 opposito
521 3247 586 3323 pro
600 3223 759 3299 diaconis
771 3221 1024 3297 cardinalibus.
1041 3223 1118 3293 Una
1130 3219 1271 3295 bancha
1278 3220 1449 3295 humilior

111 3353 218 3448 juxta
233 3352 387 3428 bauoum
402 3351 696 3448 presbyterorum
711 3349 748 3422 iu
767 3356 1010 3422 transversum
1025 3369 1091 3444 pro
1108 3345 1310 3420 oratoribus
1327 3345 1443 3420 laicis.

113 3473 269 3549 iuferius
282 3481 401 3549 autem
419 3475 453 3548 iu
469 3475 577 3572 plano
594 3475 747 3549 ecclesie
768 3471 974 3570 agredibus
994 3470 1131 3568 capello
1150 3471 1311 3570 predicte
1335 3495 1446 3568 usque

112 3601 160 3674 ad
180 3599 378 3675 secundam
401 3601 607 3674 columnam
627 3599 672 3672 ad
690 3597 847 3672 medium
869 3596 972 3672 tertie
993 3601 1117 3693 parate
1139 3595 1285 3670 luerunt
1305 3595 1390 3670 binc
1411 3603 1448 3672 et

111 3724 199 3798 iude
216 3725 370 3820 triplicia
382 3749 544 3800 scamma
556 3747 620 3822 pro
636 3724 782 3821 prelatis
802 3729 838 3796 et
857 3722 917 3795 illa
933 3720 1035 3794 cirea
1055 3720 1244 3795 columnas
1265 3721 1384 3818 posita
1400 3745 1443 3796 ac

113 3857 316 3924 transversa
343 3849 450 3948 lignis
469 3874 490 3923 a
510 3857 607 3924 retro
627 3847 770 3922 confixa
792 3854 827 3921 et
852 3847 888 3919 in
911 3847 1022 3920 altum
1045 3854 1213 3943 reparata
1236 3846 1444 3922 fueruntne

111 3975 268 4074 populus
293 3975 411 4050 ridere
437 3981 561 4072 posset
584 3975 621 4048 iu
647 3973 819 4071 prelatoS,
838 3980 873 4047 et
892 3973 936 4047 ab
961 3971 1030 4044 illis
1052 3958 1151 4045 circa
1170 3970 1358 4046 columnas
1374 3973 1446 4046 duo

113 4123 275 4174 scamma
295 4106 499 4174 transversa
518 4101 554 4172 iu
574 4099 691 4197 capite
706 4097 897 4184 habentes
914 4096 1088 4170 adinstar
1104 4101 1206 4193 porte
1229 4097 1443 4186 custodiam,

112 4249 179 4322 pro
196 4224 293 4300 exitu
309 4231 344 4300 et
357 4225 506 4299 introitu
522 4228 631 4322 Pape,
650 4222 885 4297 cardinalium
901 4229 936 4294 et
952 4221 1191 4318 prelatorum.
1210 4219 1441 4312 Subdiacoui,

113 4349 313 4441 auditores,
336 4349 457 4425 clerici
478 4373 636 4439 camere,
661 4347 832 4447 acrrlythi,
860 4345 1084 4435 cubicularii,
1107 4351 1195 4434 etc,
1224 4344 1394 4419 sederunt
1408 4345 1446 4418 iu

114 4475 259 4550 terrain
272 4475 548 4574 capellapunuis
561 4475 730 4548 viridibus
742 4479 925 4570 cooperta.
937 4471 1083 4544 Missam
1096 4469 1289 4544 celebravit
1304 4469 1445 4544 archie-

113 4599 285 4697 piscopus
307 4598 527 4673 Arelatensis
547 4597 591 4672 de
613 4595 745 4696 Spiritu
773 4604 899 4671 saneto
924 4617 1006 4668 cum
1033 4617 1106 4667 una
1121 4593 1284 4668 oratioue
1306 4598 1444 4667 tautum

113 4725 252 4820 absque
268 4723 398 4821 aliqua.

154 4847 277 4920 Gratia
297 4846 458 4944 predicte
482 4853 565 4920 sunt
585 4845 822 4944 omnipotenti
845 4849 920 4919 Deo
941 4844 1079 4919 reddite
1104 4867 1168 4942 pro
1187 4843 1336 4919 victoria
1355 4869 1444 4920 cou-

112 4979 170 5046 tra
184 4969 349 5045 infideles
363 4971 527 5062 obtenta;
542 4977 716 5046 venerunt
732 4970 828 5045 euim
844 4993 933 5044 nove
950 4993 1077 5067 nuper,
1092 4969 1256 5044 videlicet
1270 4969 1366 5066 quod
1381 4995 1443 5044 rex

114 5097 284 5195 Hispanie
301 5097 479 5174 habuerat
499 5097 684 5172 victoriam
699 5105 825 5172 contra
844 5093 1023 5170 civitatem
1041 5099 1208 5186 Grcuate,
1225 5103 1261 5170 et
1280 5101 1300 5168 2
1314 5097 1442 5193 janua-
