3424 6038
70 406 168 469 [1611161
181 405 246 469 1111]
376 403 502 460 RERUM
527 402 754 460 URBANARUM
778 402 1041 462 COMMENTAHII.
1319 409 1370 464 287

68 562 142 633 bens
158 559 318 632 Ursinum
330 560 515 658 juniorem
531 560 738 650 diaconum,
756 546 886 634 deinde
902 560 947 633 de
968 557 1119 632 Sabellis
1135 563 1170 632 61
1183 559 1370 650 Columna,

68 685 194 758 tandem
220 685 392 760 Senensis
410 690 447 760 61
476 710 506 758 6.
535 686 680 782 Georgii
706 685 866 759 medium
892 685 1069 759 habentes
1090 687 1309 761 cardinalem
1328 687 1373 759 (16

67 814 169 900 Furo;
199 817 280 906 post
306 833 369 885 eos
404 811 548 909 prelati,
585 807 745 886 oratores
775 810 1051 908 archiepiscopi,
1082 811 1242 910 episcopi
1273 835 1375 886 more

66 934 171 1023 solito;
198 939 358 1010 oratores
384 935 467 1010 laici
497 943 534 1010 et
557 935 679 1010 clerici
709 959 781 1010 non
808 935 935 1033 prelati
964 937 1132 1033 preibant
1156 943 1193 1011 61
1213 937 1375 1012 venimus

67 1065 150 1132 16616
171 1059 225 1134 via
241 1062 343 1159 juxta
361 1061 497 1134 llumen
515 1085 639 1135 versos
655 1069 811 1134 castrum
836 1085 865 1133 s.
887 1061 1028 1158 Angeli.
1056 1065 1146 1136 Cum
1160 1063 1375 1159 pertransis-

65 1212 172 1263 semus
185 1197 349 1288 pontem,
369 1189 570 1264 cardinales
582 1186 753 1262 Senensis
769 1193 804 1260 et
820 1211 849 1258 s.
864 1185 1008 1283 Georgii
1023 1187 1183 1262 medium
1197 1188 1374 1261 habentes

64 1316 266 1392 cardinalem
293 1317 338 1392 de
360 1321 459 1391 Fuxo
482 1317 603 1390 locum
633 1319 832 1404 cesserunt,
862 1321 898 1389 et
920 1313 1120 1388 cardinales
1142 1314 1187 1387 (16
1202 1314 1375 1388 Columna

65 1449 94 1515 61
109 1441 149 1516 (16
165 1443 314 1534 Ursinis,
329 1442 495 1540 juniores
509 1441 662 1534 diaconi,
680 1441 838 1516 medium
852 1447 1082 1537 receperunt,
1101 1438 1224 1536 sicque
1246 1439 1292 1512 ad
1312 1443 1376 1513 Pa·

63 1567 173 1640 latium
200 1573 456 1666 pervenerunt,
490 1567 549 1642 ubi
574 1589 656 1642 cum
683 1575 805 1643 essent
824 1565 860 1640 in
880 1565 962 1641 aula
982 1588 1114 1662 magna
1132 1571 1215 1639 6116
1242 1564 1373 1638 ostium

61 1715 154 1786 parve
174 1693 325 1790 capelle,
350 1715 477 1766 omnes
503 1692 704 1766 cardinales
724 1691 900 1766 intrarunt
919 1715 1044 1766 versus
1065 1691 1289 1789 pontificem,
1312 1714 1375 1765 ex-

60 1816 160 1912 ceptis
176 1817 417 1892 cardinalibus
435 1819 480 1891 (16
502 1817 676 1892 Columna
695 1817 793 1892 etde
813 1817 951 1892 Ursinis
969 1818 1174 1917 junioribus
1199 1818 1372 1906 diaconis,

60 1942 110 2038 qui
122 1944 226 2015 ambo
238 1967 322 2016 cum
336 1941 517 2017 cardinale
534 1942 579 2016 (16
590 1947 688 2018 Fuxo
699 1943 1033 2041 intrarantparvam
1050 1943 1226 2042 oapeUam
1238 1943 1274 2016 in
1290 1965 1372 2039 qua,

60 2066 187 2141 bancho
208 2068 257 2141 ad
274 2067 455 2142 sinistram
475 2068 640 2143 intrantis
661 2069 793 2166 posito,
813 2075 938 2167 parata
960 2076 1037 2143 erat
1057 2069 1211 2166 spaleria
1228 2075 1264 2142 et
1286 2068 1377 2142 ban-

59 2192 164 2284 chata,
184 2199 308 2291 tapete
327 2193 436 2266 etiam
463 2216 596 2292 magno
622 2217 687 2291 per
707 2199 840 2268 terram
861 2201 1055 2292 prostrato,
1084 2194 1220 2268 ibidem
1245 2216 1377 2290 cxpec-

59 2323 175 2391 tantes.
192 2320 259 2391 SS.
279 2323 323 2392 l).
340 2321 384 2391 N.
403 2324 592 2415 postquam
606 2319 807 2394 cardinales
823 2320 1210 2418 advenerunt,paratus
1221 2317 1316 2393 venit
1332 2318 1378 2391 ad

58 2441 187 2516 tertiam
204 2441 325 2516 aulam
340 2465 405 2540 pro
420 2443 636 2516 consistorio
654 2453 829 2543 paratam,
847 2446 907 2520 ubi
926 2469 1053 2520 omnes
1066 2444 1266 2518 cardinales
1280 2466 1379 2516 rece-

57 2565 99 2662 pit
114 2567 156 2640 ad
174 2567 415 2642 reverentiam
434 2591 537 2642 more
561 2569 685 2659 solito;
704 2570 770 2644 luit
784 2572 970 2647 contentio
994 2571 1086 2645 inter
1102 2573 1145 2644 R.
1165 2573 1204 2644 P.
1222 2573 1265 2642 D.
1284 2569 1378 2643 Ulri-

58 2713 130 2764 cum
151 2694 452 2791 Frundisperger,
477 2693 633 2769 electum
654 2695 915 2786 Tridentinum,
939 2703 1121 2771 oratorem
1146 2692 1378 2768 illustrissimi

59 2816 271 2913 Sigismundi
295 2819 497 2893 archiducis
516 2819 658 2894 Austrie
685 2827 721 2893 et
743 2821 833 2894 duos
854 2825 1016 2894 oratores
1045 2820 1147 2894 ducis
1171 2825 1207 2894 61
1230 2817 1378 2892 (1661111

57 2945 295 3034 Uenetiarum,
314 2969 355 3018 66
371 2949 643 3020 conservatores
664 2969 808 3020 camere
825 2945 941 3021 Urbis.
957 2951 1047 3021 Nam
1067 2953 1230 3019 61616166
1249 2943 1378 3020 Veneti

57 3066 202 3144 electum
219 3077 403 3145 oratorem
416 3069 618 3145 archiducis
633 3070 815 3167 negabant
826 3079 862 3146 et
875 3078 1147 3146 conservatores
1163 3069 1306 3166 utrique
1320 3091 1380 3142 ce·

58 3191 133 3268 dere
144 3195 334 3286 nolebant;
358 3197 423 3270 sed
438 3199 502 3272 SS.
519 3199 563 3269 D.
580 3200 621 3270 N.
636 3201 679 3270 D.
697 3196 845 3272 Venetis
863 3197 973 3272 fidem
988 3197 1074 3272 lecit
1089 3195 1244 3272 electum
1260 3195 1379 3270 archi-

58 3316 147 3392 ducis
163 3327 348 3395 oratorem
364 3321 530 3413 existere,
549 3323 606 3396 cui
628 3329 821 3420 propterea
835 3323 906 3396 hoc
924 3322 1108 3398 intellecto
1123 3322 1253 3398 Veneti
1267 3321 1379 3395 libere

57 3452 237 3519 cesserunt
259 3453 295 3520 et
313 3445 346 3520 ei
366 3446 522 3544 primum
544 3448 666 3522 locum
686 3448 880 3540 dederunt3
905 3455 940 3524 et
962 3447 1272 3524 conservatoribus
1289 3454 1326 3520 ut
1345 3453 1381 3520 et

57 3565 115 3663 ipsi
129 3595 195 3668 pro
211 3572 280 3645 hac
301 3570 377 3646 vice
393 3573 564 3648 cederent
578 3571 759 3649 mandavit
777 3601 785 3646 ε
806 3575 910 3672 cujus
921 3575 1098 3651 mandatis
1110 3579 1381 3648 conservatores

57 3717 177 3790 parere
192 3697 360 3772 nolentes
375 3697 630 3774 consistorium
649 3700 846 3774 exiverunt.

100 3825 208 3896 Facta
226 3823 478 3898 reverentias
504 3825 758 3918 cardinalibus,
779 3824 951 3900 sederunt
977 3847 1104 3902 omues
1129 3831 1166 3900 et
1188 3825 1380 3899 advocatus

59 3946 246 4021 Perusinus
264 3949 453 4046 proposuit
471 3950 664 4048 quamdam
684 3975 831 4025 causam
851 3957 977 4026 contra
990 3973 1202 4049 processum
1224 3949 1260 4024 in
1283 3971 1326 4022 ea
1344 3947 1380 4019 11

61 4073 278 4167 parlamento
291 4073 480 4172 parisiensi
493 4076 757 4174 habitum3qua
769 4075 883 4170 finita,
900 4080 942 4150 D.
956 4075 1178 4152 lastinianus
1188 4073 1380 4148 advocatus

58 4195 128 4270 fisci
152 4197 341 4297 proposuit
369 4199 479 4274 alium
505 4202 659 4278 similem
681 4225 906 4300 processum,
934 4203 971 4276 in
997 4203 1099 4300 eujus
1126 4197 1380 4299 propositionis

58 4323 224 4421 principio
240 4324 427 4399 exiverunt
447 4325 492 4400 de
509 4327 724 4402 consistorio
745 4327 869 4402 RRmi.
890 4330 965 4400 DD.
985 4326 1154 4402 Senensis
1173 4331 1209 4400 61
1223 4347 1383 4398 666616-

59 4445 141 4536 1116,
157 4447 262 4544 primi
286 4447 430 4522 diaconi
452 4449 664 4542 cardinales,
687 4450 861 4525 conlectis
884 4449 1104 4542 reverentiis,
1125 4448 1277 4524 caudam
1295 4471 1382 4544 cap-

59 4593 179 4666 parum
193 4597 341 4648 suarum
354 4578 435 4671 post
452 4598 490 4650 se
506 4576 706 4668 trahentes,
724 4601 838 4674 usque
853 4582 953 4652 extra
966 4581 1110 4672 portam
1125 4571 1382 4648 consistorialis

61 4697 134 4772 aule
151 4707 187 4774 et
202 4701 384 4774 intrarunt
394 4725 540 4798 parvam
554 4703 730 4800 capellam
742 4703 788 4777 ad
803 4702 882 4776 illos
899 4709 971 4776 tres
986 4698 1200 4790 cardinales,
1220 4697 1279 4771 ubi
1299 4721 1382 4771 rum
1406 4681 1411 4695 ’

63 4831 190 4915 666611,
204 4826 397 4902 cardinalis
409 4827 453 4902 de
468 4827 643 4903 Columna
653 4829 741 4903 etde
752 4828 889 4903 Ursinis
900 4827 1041 4900 iverunt
1050 4826 1096 4900 ad
1110 4823 1379 4916 consistorium,

60 4943 216 5026 fecerunt
230 4952 468 5027 reverentiam
489 4956 586 5052 Papo
606 4959 642 5030 et
657 4953 829 5029 sederunt
844 4955 890 5028 ad
903 4955 980 5030 loca
999 4975 1082 5042 sua;
1101 4950 1230 5048 quibus
1245 4948 1381 5023 inlocis

62 5071 128 5146 suis
143 5075 366 5169 sedentibus,
395 5077 473 5154 sine
495 5101 598 5154 mora
620 5079 799 5155 intrarunt
814 5079 985 5156 Senensis
1001 5083 1037 5152 et
1056 5074 1279 5152 camerarius
1298 5097 1381 5148 616
