3600 6094
101 466 260 532 [datatim]
426 459 553 518 RERUM
578 456 807 514 UHBANARUM
835 454 1097 513 COMMENTAllll.
1396 455 1429 510 31

98 618 248 693 violacei
277 615 422 690 obscuri
444 613 604 688 fimbrias
636 614 791 686 duorum
818 611 1038 714 palmorum,
1065 608 1121 682 vel
1150 606 1260 696 circa,
1288 613 1369 705 post
1392 632 1430 680 se

99 747 302 830 trahentes3
334 747 469 815 stantes
497 740 541 812 ad
571 762 718 812 scamna
746 761 812 810 suo
842 761 942 809 more
975 739 1164 824 consueto,
1204 733 1364 830 episcopi
1398 737 1434 804 et

99 869 303 969 presbyteri
332 869 368 940 in
387 868 499 940 latere
531 863 720 962 evangelii,
747 869 782 936 et
806 862 949 936 diaconi
973 862 1018 934 ab
1042 861 1113 935 alio
1137 861 1264 949 latere,
1296 858 1434 932 scilieet

100 995 271 1091 epistole3
309 991 491 1089 digniores
530 1013 655 1064 versus
688 988 812 1063 altare.
847 987 949 1060 Dicta
974 1011 1040 1084 per
1070 986 1316 1060 celebrantem
1353 1005 1435 1060 ora-

102 1121 198 1194 tione
223 1117 376 1192 Domine
394 1113 481 1188 desa
504 1113 659 1202 Christe,
684 1113 746 1210 qui
766 1112 899 1202 dictati,
918 1123 997 1200 etc„
1021 1111 1134 1184 obtuli
1154 1110 1434 1186 instrumentum

100 1245 201 1344 pacis
242 1242 478 1316 osculandum
517 1238 583 1336 ipsi
623 1238 846 1326 celebranti3
889 1236 1019 1310 deinde
1054 1234 1203 1334 singulis
1244 1236 1436 1310 cardinali-

100 1371 187 1459 bns,
212 1369 273 1466 qui
296 1365 476 1465 genuflexi
500 1370 601 1438 erant
625 1363 661 1435 in
684 1363 774 1436 locis
804 1363 890 1436 suis.
920 1362 1040 1436 Primo
1069 1361 1152 1434 dedi
1176 1361 1437 1437 vicecancella-

98 1497 169 1581 rio,
191 1501 319 1593 postea
341 1492 419 1566 aliis
442 1515 508 1588 per
536 1489 701 1564 ordinem
725 1488 875 1585 singulis
904 1488 1029 1560 dicens
1055 1515 1062 1559 ε
1096 1488 1179 1560 Pae
1204 1499 1330 1577 tecum,
1361 1487 1431 1562 illis

98 1619 403 1718 respondentibus
435 1643 442 1692 :
475 1617 528 1690 Et
554 1641 634 1691 cnm
659 1617 785 1714 spiritu
819 1627 889 1688 tao.
930 1619 969 1688 ln
997 1614 1068 1686 fine
1101 1613 1209 1686 misse
1247 1613 1435 1686 celebrans

98 1753 201 1820 stans
229 1768 353 1819 versus
382 1743 426 1817 ad
456 1743 677 1832 cardinales,
708 1741 776 1814 illis
812 1741 1071 1830 benedicebat,
1103 1765 1166 1814 eos
1201 1740 1367 1838 signans,
1400 1747 1437 1814 et

97 1873 227 1946 dicens
246 1899 253 1944 :
274 1870 474 1960 Benedicat,
492 1881 555 1942 etc.
574 1867 742 1942 Nonnulli
765 1873 886 1940 tamen
906 1865 1116 1938 asserebant
1132 1865 1228 1960 qnod
1246 1864 1321 1961 ipse
1342 1864 1437 1938 cele-

97 1999 211 2071 brans
231 2020 356 2070 versus
379 1996 423 2068 ad
447 1994 662 2084 cardinales,
688 1992 901 2089 genuflexus
926 1990 994 2063 illis
1018 1989 1235 2063 benedicere
1260 1989 1436 2078 debehat,

98 2124 201 2220 quod
229 2121 318 2194 milri
353 2125 476 2193 tamen
512 2119 598 2192 satis
634 2119 830 2192 absurdum
866 2116 1072 2202 ridebatur;
1106 2139 1190 2187 cum
1219 2114 1440 2188 benedicens

99 2267 251 2343 semper
264 2244 381 2341 major
395 2243 440 2316 sit
462 2241 766 2316 benedicendum
789 2265 832 2314 eo
849 2245 944 2313 actu.
969 2241 1116 2314 Missam
1138 2241 1226 2313 dixit
1247 2239 1291 2314 de
1314 2239 1441 2337 spiritu

101 2377 232 2446 sancto
252 2392 337 2442 cum
352 2367 514 2442 oratione
533 2391 541 2440 ε
558 2366 658 2440 Dens
678 2367 740 2464 qni
761 2365 865 2440 corda
886 2366 1057 2464 fideliam,
1077 2378 1157 2456 etc,
1182 2371 1218 2439 et
1243 2390 1308 2440 sua
1327 2366 1444 2463 prela-

103 2496 218 2582 tione,
244 2493 430 2589 inquibus
450 2490 570 2565 omisit
591 2492 651 2565 illa
672 2492 781 2565 verba
803 2517 810 2565 :
833 2492 1018 2566 Hodierna
1038 2491 1106 2566 die.
1132 2491 1291 2566 Primam
1314 2491 1445 2566 oratio-

104 2644 191 2693 nem
208 2617 296 2692 dixit
312 2618 378 2690 sub
393 2640 464 2690 una
485 2617 732 2708 conclusione,
758 2617 888 2692 deinde
911 2619 1017 2692 aliam
1040 2643 1105 2716 pro
1127 2618 1318 2710 electione,
1345 2615 1443 2690 vide-

105 2746 194 2819 licet
219 2767 227 2816 :
249 2742 421 2839 Supplici,
452 2741 618 2832 Domine,
644 2743 841 2818 biirnilitete
868 2744 1098 2842 deposcimus,
1132 2755 1212 2834 etc,
1243 2743 1353 2817 etiam
1378 2743 1444 2816 sub

108 2893 175 2942 sua
189 2867 422 2942 conclusione
439 2891 523 2940 cum
542 2867 662 2942 Gloria
682 2870 719 2942 io
743 2871 886 2944 eccelsia
900 2871 990 2962 Dee,
1015 2878 1051 2946 et
1072 2870 1182 2947 Credo
1205 2877 1240 2944 et
1261 2869 1316 2942 Ite
1338 2869 1444 2942 missa

108 3007 172 3068 est.
205 2997 246 3068 ln
273 2993 492 3090 paramentis
522 2993 643 3067 rubeis
677 2995 870 3069 celebravit
898 3002 1005 3093 prout
1034 2996 1270 3070 conveinebat
1300 3019 1307 3067 :
1336 3017 1446 3089 super

109 3121 214 3194 altari
244 3125 321 3192 erat
353 3143 442 3192 crux
470 3119 506 3190 in
540 3119 659 3193 medio
689 3127 725 3194 et
754 3128 909 3216 quatuor
937 3123 1153 3196 candelabra
1186 3120 1271 3194 hinc
1301 3125 1336 3192 et
1366 3117 1447 3190 inde

109 3245 241 3340 posita.
267 3243 383 3316 Finita
398 3243 519 3334 missa,
543 3243 742 3316 cardinales
763 3267 889 3318 omnes
913 3245 1097 3319 redierunt
1113 3245 1157 3318 ad
1172 3243 1315 3318 tertiam
1331 3241 1449 3316 aulam

111 3369 308 3458 conclavia
327 3368 401 3460 ubi,
420 3369 615 3465 apportatis
631 3369 717 3467 ipsis
731 3394 798 3468 per
813 3371 1004 3444 servitores
1021 3395 1105 3444 suos
1122 3369 1301 3461 scabellis,
1320 3392 1451 3444 conse-

112 3495 246 3568 derunt
267 3494 304 3567 in
325 3494 474 3566 modum
499 3494 637 3584 circuli,
666 3495 962 3570 vicecancellario
991 3496 1253 3595 campanellam
1275 3519 1387 3593 penes
1413 3518 1451 3566 se

113 3621 272 3694 habente
292 3621 328 3692 in
350 3619 419 3692 alio
442 3620 623 3708 scabello;
647 3621 706 3694 ubi
730 3621 861 3696 iterum
891 3629 1131 3698 tractaverunt
1154 3647 1264 3722 super
1286 3619 1452 3718 capitulis

115 3745 245 3818 fiendis
262 3745 392 3819 utheri
408 3746 581 3820 fecerant.

168 3871 283 3944 Finita
312 3870 567 3960 collocutione,
599 3871 799 3948 cardinales
828 3874 1013 3949 redierunt
1041 3876 1085 3949 ad
1117 3875 1264 3950 cellulas
1294 3899 1389 3964 suas,
1419 3879 1454 3948 et

117 3999 285 4072 lecerunt
298 3996 500 4094 prandium,
519 3994 663 4090 quidam
680 3999 758 4090 soli,
778 4000 836 4073 alii
852 4025 943 4074 unus
964 4025 1046 4074 cnm
1066 4003 1150 4094 alio,
1170 4008 1205 4076 et
1222 4001 1258 4074 in
1274 4000 1455 4098 aliquibus

116 4123 241 4221 plures
266 4121 385 4197 simul.
415 4126 566 4196 Peracto
593 4125 759 4220 prandio,
787 4127 896 4224 aliqui
921 4130 1121 4204 cardinales
1148 4136 1346 4205 tractarunt
1370 4155 1455 4204 cum

117 4247 200 4323 aliis
236 4247 281 4322 de
311 4248 487 4323 electione
521 4246 602 4320 novi
636 4251 816 4347 pontilicis
850 4253 987 4348 fienda,
1028 4263 1222 4352 querentes
1258 4265 1294 4332 et
1330 4259 1457 4330 dantes
1490 4327 1499 4340 ,

118 4376 253 4450 media.
297 4377 381 4451 Post
416 4377 573 4476 aliquam
615 4401 755 4453 moram
804 4388 1050 4455 convenerunt
1086 4383 1217 4458 iterum
1259 4382 1458 4458 cardinales

120 4501 158 4574 in
189 4501 294 4576 tertia
322 4503 402 4577 aula
433 4506 615 4602 predicta,
647 4503 708 4579 ubi
738 4503 882 4578 tandem
917 4507 1176 4582 concluserunt
1211 4507 1367 4606 capitula
1395 4531 1462 4604 per

120 4624 284 4724 singulos
308 4627 422 4726 ipsos,
457 4637 492 4704 et
517 4632 678 4706 luterum
711 4630 922 4728 pontificem
953 4633 1213 4728 promittenda,
1244 4632 1400 4731 J'uranda
1425 4638 1461 4705 et

120 4749 291 4841 lovenda;
319 4761 528 4828 manserunt
550 4761 670 4830 autem
693 4755 798 4827 simul
815 4753 850 4826 in
872 4753 941 4828 hac
967 4756 1250 4853 congregatione
1274 4781 1389 4852 usqne
1415 4757 1459 4829 ad

120 4880 282 4948 noctem.

172 5002 331 5076 Sabbato
349 5005 407 5093 28,
426 5004 562 5078 mensis
581 5004 734 5102 augusti,
754 5029 895 5080 summo
918 5030 1025 5079 mane
1047 5007 1256 5107 incipiente,
1279 5011 1400 5108 plures
1420 5031 1463 5079 ex

123 5127 269 5202 ltltmis.
288 5127 364 5203 DD.
383 5131 625 5205 cardinalibus
646 5129 875 5204 celebrarunt
895 5129 1024 5204 missas
1045 5129 1081 5205 in
1103 5135 1241 5232 capella
1256 5157 1364 5231 parva
1378 5157 1463 5230 pre·
1483 5185 1493 5202 .
