3578 6032
735 483 946 544 tremoleto.

401 687 413 722 ι
430 667 500 726 Rex
517 659 709 726 rturcorcm
729 673 880 726 oratorem
895 661 939 726 ad
951 661 1142 743 Magistrum
1156 666 1265 730 mittit.

210 843 224 874 ι
239 815 390 883 Contacta
405 815 526 880 celebri
541 833 637 894 pace,
649 816 749 898 legati
759 817 954 880 muneribus
968 818 1068 899 regiis
1084 817 1208 892 donati,
1221 819 1318 883 erarii
1338 823 1498 904 principis

169 921 317 996 sumptu,
338 914 489 980 ilbodum
511 915 633 978 hilares
651 921 862 980 revertuntur
877 933 885 977 ε
902 917 1086 997 comesque
1105 915 1167 980 luit
1185 919 1297 1000 regius
1313 925 1426 984 orator
1449 924 1501 985 vir

170 1021 356 1096 praestans,
381 1012 598 1094 preconisque
620 1030 699 1076 voce
713 1015 747 1076 in
765 1014 843 1076 Asia
864 1019 896 1076 et
918 1013 1021 1078 rbodo
1037 1013 1153 1078 foedus
1169 1017 1282 1096 magni
1302 1019 1416 1098 populi
1435 1019 1498 1084 ire·

168 1113 305 1193 quentia
321 1112 487 1192 (tubarum
502 1111 651 1174 clausore
664 1111 865 1193 resonante),
881 1114 1128 1193 promulgatum
1143 1119 1204 1176 est.
1220 1117 1342 1196 Regius
1358 1117 1490 1198 legatus

170 1211 371 1292 magistrum
386 1211 503 1274 adiens
518 1209 631 1274 literas
644 1210 788 1288 exhibet,
804 1227 945 1290 quarum
961 1213 1064 1276 series
1077 1211 1148 1278 tuit.

583 1423 596 1452 ι
612 1399 716 1460 Litere
729 1397 822 1479 Regia
834 1399 877 1460 ad
889 1395 1088 1480 Magistrum.

213 1571 229 1608 ι
246 1552 313 1616 ilex
335 1551 491 1631 Bagyaait
505 1550 773 1615 otbummanldes
797 1552 887 1615 Gban
902 1571 909 1614 :
924 1553 1002 1616 Asia
1017 1557 1049 1616 et
1063 1553 1176 1616 Gracia
1195 1553 1375 1634 imperator
1393 1556 1495 1620 invic-

171 1654 237 1713 tus.
253 1651 286 1712 S.
300 1651 338 1713 b.
350 1649 624 1730 Splendidissimo
637 1649 775 1730 principi
790 1651 885 1714 Petro
896 1651 1096 1716 Daubusson
1109 1652 1311 1718 Rhodiorum
1323 1656 1496 1736 magistro.

171 1749 375 1812 Prasentium
390 1749 485 1812 latori
503 1745 571 1812 fido
589 1749 723 1828 quidem
735 1748 856 1812 nuncio
870 1749 973 1813 ardua
985 1749 1127 1830 quedam
1144 1751 1266 1814 credidi
1277 1758 1333 1816 tue
1344 1754 1498 1833 probitati

169 1845 371 1910 nuncianda.
393 1849 462 1926 Que
477 1845 626 1910 dicturus
641 1851 693 1910 est
711 1863 752 1909 ex
773 1846 897 1910 intimis
910 1847 1090 1928 precordiis
1106 1855 1251 1914 manant.
1274 1852 1398 1916 Audias
1422 1869 1499 1916 eum
1619 1893 1623 1902 -

166 1962 206 2008 ac
228 1947 258 2008 si
278 1963 330 2009 me
344 1943 489 2012 audires.
515 1947 580 2010 Nec
600 1946 776 2026 postulatis
796 1946 1028 2026 obtemperare
1053 1963 1199 2023 recuses,
1216 1948 1288 2012 eius
1310 1949 1367 2030 qui
1383 1954 1493 2012 tecum

165 2039 411 2220 legaoulsoidtere
435 2049 557 2109 etatem
582 2061 687 2126 agere
703 2061 771 2108 non
795 2044 1012 2126 floccipendit.
1027 2045 1117 2108 Vale.
1146 2045 1298 2110 Mandata
1314 2064 1496 2127 exponens

494 2281 505 2316 c
532 2259 623 2342 nepo
638 2261 757 2341 legatus
771 2265 857 2324 iusso
870 2261 1025 2344 mogr‘etro
1037 2267 1174 2344 exponit.

210 2415 366 2494 ‹begem
387 2414 543 2495 Bagyaait
571 2417 717 2496 Zyzymy
736 2413 870 2478 tratrem
898 2413 1087 2496 confugisse
1101 2414 1149 2479 ,ad
1163 2418 1207 2488 te,
1237 2418 1291 2478 tua
1316 2415 1350 2478 in
1373 2415 1498 2482 ditione

167 2513 292 2576 versari
314 2513 447 2594 tuisque
466 2513 601 2578 monitis
622 2513 813 2577 audientem
837 2529 922 2578 essa.
946 2515 1012 2578 Nec
1026 2515 1098 2576 sine
1126 2513 1258 2594 magnis
1281 2512 1441 2592 impensis
1462 2514 1497 2578 id

165 2610 348 2692 contigisse
361 2615 450 2674 carto
465 2627 565 2676 nosce
581 2629 618 2674 se
638 2627 705 2676 non
721 2611 832 2686 lateat,
858 2613 1122 2692 prestantissima
1148 2611 1318 2694 magister.
1335 2613 1404 2688 Qua
1419 2628 1495 2675 cum
1592 2620 1595 2628 ⁴

165 2709 349 2788 accepisset
360 2725 427 2774 non
443 2727 544 2790 parva
555 2709 690 2774 allectus
705 2716 757 2774 est
766 2711 868 2774 letitia
879 2709 1047 2774 :bortatur
1055 2712 1142 2774 bunc
1154 2709 1360 2774 subluisalis
1370 2709 1496 2786 lauces,

167 2808 295 2872 nutrias
320 2813 353 2872 et
380 2815 548 2890 protegas,
577 2814 615 2872 ul
639 2809 803 2872 bellorum
829 2808 935 2874 fomes
964 2813 1088 2888 pereat.
1116 2809 1277 2872 Policetur
1299 2809 1498 2890 imperatum

168 2909 339 2985 sumptum
354 2907 501 2987 principe
516 2911 549 2972 et
567 2909 659 2989 regio
675 2905 776 2972 tratre
788 2908 937 2989 dignum.
956 2907 1118 2988 Magister
1132 2905 1233 2986 legati
1248 2909 1413 2986 postulata
1429 2924 1496 2972 non

166 3003 276 3079 reicil;
299 3010 487 3085 temporum
501 3006 661 3087 qualitate
673 3011 811 3086 pensata
827 3021 891 3085 qua
905 3005 1080 3072 Christiani
1102 3005 1213 3088 (variis
1230 3003 1377 3084 impliciti
1396 3003 1496 3083 curis)

168 3101 318 3166 nondum
329 3103 416 3166 vires
429 3105 463 3168 in
475 3121 668 3170 communes
689 3103 767 3168 lidei
781 3105 896 3168 hostes
910 3109 1104 3170 conuertere
1119 3107 1271 3184 possunt.
1287 3103 1496 3182 expectanda

165 3199 255 3264 enim
267 3205 318 3264 est
332 3207 404 3265 etas
418 3219 483 3282 que
498 3202 593 3284 (nutu
607 3202 721 3267 diuino
738 3201 948 3284 procidente)
969 3203 1141 3268 Christiani
1154 3201 1297 3266 nominis
1319 3201 1497 3265 ulciscatur

166 3297 307 3364 iniuriis.
333 3299 524 3365 Cedendum
550 3307 601 3366 est
619 3301 761 3381 tempori
784 3307 818 3366 et
836 3301 1088 3366 inseruiendum
1113 3301 1257 3366 bumana
1279 3297 1493 3364 imbecillitati

165 3413 232 3479 qus
246 3399 419 3476 (altissimi
433 3399 551 3482 gratia)
567 3399 747 3482 aliquando
759 3401 925 3478 roborata,
949 3401 1090 3464 illustria
1106 3399 1320 3482 aggrediatur
1338 3395 1494 3461 facinora.

167 3497 787 3581 begatoitaquarespondetmagister.
1186 3512 1189 3520 ’

461 3711 475 3744 ι
493 3687 691 3771 Responsum
709 3691 855 3771 ompbtri
869 3689 983 3752 datum
995 3692 1083 3769 repis
1099 3690 1241 3788 oratori·

207 3842 308 3908 «Non
324 3842 416 3907 decet
438 3841 547 3906 virum
570 3841 821 3926 magnanimum
841 3843 1036 3908 iniuriarum
1055 3841 1220 3906 reminisci
1240 3859 1300 3906 nac
1318 3844 1491 3924 prostratis

165 3939 333 4004 crudelem
354 3957 441 4020 esse,
467 3941 529 4004 hoc
550 3942 685 4024 quidem
703 3942 818 4005 vilium
839 3941 1012 4006 hominum
1035 3943 1157 4021 estqui
1173 3941 1325 4022 superbis
1343 3960 1492 4007 sarcum·

165 4037 248 4102 bunt
263 4044 297 4102 et
309 4039 439 4119 pusillis
453 4037 656 4106 infidiantur.
683 4041 808 4105 ltbodla
834 4041 915 4104 urbs
935 4039 1055 4104 asilum
1069 4039 1204 4120 quidem
1219 4045 1271 4104 est
1291 4039 1347 4121 qui
1360 4042 1403 4105 ad
1418 4060 1493 4106 eam

165 4135 372 4220 confugiunt,
388 4137 512 4202 nedum
526 4139 642 4202 humili
653 4139 724 4203 loco
736 4157 852 4203 verum
862 4141 930 4202 alto
949 4137 1113 4220 sanguine
1128 4154 1245 4218 regum
1259 4139 1328 4200 nati
1343 4155 1417 4200 cum
1430 4139 1491 4202 bu-

163 4237 322 4300 manilate
335 4237 552 4317 excipiuntur.
571 4239 694 4320 Regem
709 4240 855 4319 Zyzymy
867 4237 943 4300 licet
954 4235 1113 4300 acerrimo
1126 4233 1221 4298 boste
1235 4240 1336 4316 atque
1351 4241 1493 4318 tyranno

164 4341 280 4400 natum
294 4341 389 4418 grato
404 4337 586 4416 excipimus
604 4337 715 4400 animo
731 4336 919 4416 miseroque
937 4334 1010 4417 ejus
1025 4332 1116 4398 casui
1141 4331 1354 4410 indoluimus,
1378 4350 1493 4415 sump-

165 4439 268 4516 tuque
283 4441 397 4499 nostro
412 4433 577 4512 fouemus,
590 4453 651 4500 nec
661 4433 867 4517 denegamus
875 4452 940 4516 que
950 4438 1041 4498 lanto
1052 4431 1190 4514 principi
1204 4433 1417 4498 conueniunt.
1428 4433 1495 4496 Nec

164 4533 312 4600 fastidiat
333 4535 489 4618 Bagyazit
514 4537 659 4616 Zyzymy
680 4532 858 4616 profugum
884 4539 1137 4614 extorremque:
1157 4531 1348 4598 indecorum
1369 4533 1492 4616 quippe

163 4633 287 4700 familie
302 4634 675 4700 otbumannidumesset
686 4633 826 4712 Regium
837 4633 994 4696 iuuenem
1016 4631 1105 4712 apud
1117 4638 1247 4698 exteras
1267 4632 1418 4698 nationes
1432 4631 1491 4694 de·

164 4737 301 4814 gentem
313 4733 481 4798 stallidum
496 4731 566 4813 (sic)
581 4749 619 4795 ac
635 4731 772 4811 penuria
785 4747 938 4810 pressum
948 4747 1034 4796 esse.
1046 4731 1142 4796 Neca
1156 4731 1253 4796 nobis
1268 4735 1424 4812 exceptus
1437 4731 1490 4792 est

165 4835 203 4896 ut
225 4825 457 4898 scandalorum
466 4829 570 4896 lomes
585 4827 660 4904 flet;
675 4827 774 4893 modo
790 4833 867 4892 tuus
875 4829 1028 4908 princeps
1043 4831 1251 4894 occasionem
1265 4847 1332 4896 non
1346 4827 1483 4894 dederit.

484 5040 496 5074 ι
509 5017 622 5082 Pontio
635 5017 715 5081 inito
725 5033 786 5094 pro
795 5015 889 5096 Regia
903 5017 1045 5098 szpmy
1058 5027 1194 5100 sumptu.

207 5189 219 5226 ι
240 5169 294 5232 llis
309 5169 519 5234 suavioribus
537 5163 648 5234 tarbis
676 5167 816 5251 tempori
838 5171 870 5234 et
890 5169 992 5234 rebus
1010 5151 1243 5250 accomodans,
1266 5169 1406 5234 oratoris
1419 5168 1491 5232 Ani-
