3600 6094
327 392 346 443 2
782 378 956 438 JOHANNIS
982 375 1204 445 BURCHARDI,
1417 368 1573 436 [Decembre
1589 367 1663 429 1183]

329 536 469 609 uiarum
490 559 557 633 per
577 531 815 607 reverendum
835 531 872 604 iu
898 530 1038 606 Christo
1063 534 1203 626 patrem
1225 529 1268 598 D.
1292 521 1489 596 Adrianum
1515 517 1561 618 (1)
1582 519 1663 615 6ρί-

329 684 481 758 scopum
500 659 738 748 Aleriensom,
761 661 803 729 R.
823 656 860 728 in
879 655 1019 729 Christo
1040 653 1150 751 patris
1169 655 1212 726 D.
1234 646 1478 724 Bartholomei
1499 643 1661 742 episcopi

329 787 492 860 Civitatis
509 782 651 858 Castelli
671 781 808 880 capelle
829 784 892 854 SS.
909 785 952 853 D.
973 783 1015 852 N.
1035 799 1126 876 pape
1147 776 1309 872 magistri
1327 775 1660 863 locumtenentem3

330 919 366 984 61
382 911 426 984 de
441 910 554 1008 ipsius
572 908 743 980 mandato
759 931 824 1004 per
838 906 996 1002 priorem
1013 911 1201 978 cantorum
1218 902 1312 974 dicte
1329 899 1467 996 capelle
1483 899 1519 970 iu
1535 920 1661 971 eorum

329 1036 548 1110 bastardello
568 1041 775 1123 annotatus,
793 1033 878 1106 licet
895 1031 1076 1104 dominica
1091 1029 1255 1126 proxime
1270 1025 1456 1124 preterita,
1472 1023 1659 1096 videlicet:

332 1161 491 1234 Gaatdete
519 1161 556 1231 in
582 1160 716 1248 habitu,
747 1165 833 1248 etc,
866 1155 1119 1253 superpellicio
1145 1154 1302 1250 primum
1332 1149 1538 1224 intraverim
1569 1172 1577 1220 :
1608 1146 1660 1220 fui

330 1293 452 1360 autem
469 1285 649 1358 admissus
671 1283 716 1356 ad
737 1283 906 1356 ellectum
925 1280 1212 1355 ceremoniarum
1236 1275 1446 1374 hujusmodi
1461 1298 1526 1372 per
1545 1272 1662 1370 presi-

329 1411 457 1484 dentes
483 1432 627 1482 camere
644 1408 855 1504 apostolice,
873 1408 1086 1504 diupostea,
1103 1405 1332 1478 1116116116
1350 1401 1486 1474 mensis
1503 1398 1662 1496 januarii

330 1559 425 1609 anuo
450 1536 782 1608 MCCCCLXXXltll
803 1533 840 1606 in
861 1533 982 1606 locum
1004 1536 1043 1604 R.
1063 1531 1097 1602 iu
1119 1529 1260 1603 Christo
1279 1527 1390 1625 patris
1411 1529 1453 1598 D.
1471 1520 1662 1619 Augustini

330 1659 474 1734 Patricii
489 1657 654 1733 canonici
671 1659 843 1733 Senensis
859 1658 906 1758 (2)
928 1659 986 1756 qui
1005 1657 1237 1754 postmodum
1253 1653 1416 1730 ecclesiis
1439 1648 1662 1726 Plentinensi

330 1899 450 1969 ainaldi,
471 1906 499 1957 et
516 1917 566 1976 par
588 1898 721 1974 l'analyse
745 1900 826 1973 qu'en
850 1917 866 1956 a
892 1900 998 1956 donnee
1022 1900 1061 1956 111.
1087 1899 1120 1954 de
1137 1897 1298 1970 Brequiguy
1323 1897 1393 1952 dans
1413 1894 1454 1950 les
1478 1915 1492 1944 n
1512 1891 1621 1948 Notiees
1636 1894 1666 1944 et

330 1989 449 2046 Extraits
464 1991 512 2046 des
524 1989 688 2046 manuscrits
705 1989 738 2045 de
754 1989 779 2046 la
793 1989 983 2061 Bibliothaque
998 1989 1034 2044 du
1050 1987 1101 2044 Rei
1117 2011 1131 2039 a
1148 1991 1178 2061 (t.
1199 1988 1234 2057 11,
1249 2005 1276 2062 p.
1287 1987 1340 2042 626
1352 1991 1379 2041 11
1394 1983 1554 2053 suivantes).

367 2081 405 2135 De
420 2084 516 2148 meme,
530 2098 563 2135 en
579 2081 658 2147 1199,
677 2078 824 2135 semblable
840 2077 988 2152 obligation
1008 2080 1041 2134 de
1060 2077 1130 2133 tenir
1145 2096 1181 2133 un
1193 2076 1303 2151 journal
1325 2077 1366 2132 lut
1384 2075 1503 2146 imposee
1523 2089 1558 2127 au
1572 2073 1666 2126 came-

332 2168 385 2223 rier
397 2169 433 2224 du
449 2168 531 2224 Sacre
543 2167 662 2241 Collega.
680 2168 722 2224 On
738 2169 767 2224 lit
781 2169 850 2224 dans
865 2167 905 2224 les
921 2189 936 2218 «
952 2169 1066 2224 Decreta
1085 2166 1283 2224 consistorialia
1302 2165 1337 2221 ab
1356 2163 1510 2220 Alexandro
1525 2162 1560 2217 Vl
1576 2175 1666 2236 usque

330 2257 364 2314 ad
380 2256 520 2314 Urbanum
535 2256 598 2313 Vlll
615 2280 629 2309 n
646 2257 691 2332 (Β.
708 2257 753 2327 Ν.,
769 2275 837 2314 mss.
854 2257 912 2327 111,,
931 2259 1026 2327 12555,
1046 2258 1073 2327 5,
1088 2259 1178 2330 verso)
1196 2275 1202 2315 :
1251 2284 1256 2294 ·

775 2460 789 2488 a
811 2437 859 2492 Die
881 2455 910 2492 rx
920 2435 1039 2511 januarii
1057 2434 1220 2492 MCCCCIC.

367 2581 482 2657 «Legit
505 2579 749 2638 reverendissimus
776 2581 809 2635 D.
835 2579 980 2636 cardinalis
1012 2585 1104 2636 sancte
1127 2579 1221 2636 Crucis
1249 2580 1383 2654 quasdam
1406 2579 1610 2637 relormatioucs
1638 2584 1670 2634 et

332 2671 485 2730 additiones
507 2670 589 2728 officii
611 2670 805 2728 camerariatus
828 2687 851 2726 s.
875 2669 991 2744 collegii,
1010 2668 1037 2725 in
1056 2669 1170 2726 utilitate
1189 2669 1477 2726 reverendissimorum
1491 2668 1667 2727 cardinalium

331 2760 465 2828 faciende,
487 2777 603 2832 quarum
618 2760 652 2814 de
675 2759 758 2815 verbo
782 2759 817 2814 ad
840 2759 952 2814 verbum
976 2759 1088 2814 interius
1112 2759 1271 2816 adnotatum
1295 2765 1348 2828 est,
1371 2757 1476 2832 quibus¹
1492 2756 1619 2833 perlectis
1638 2763 1670 2818 at

332 2851 479 2908 admodum
494 2848 623 2918 laudatis,
640 2847 796 2904 ordinatum
810 2847 861 2903 fuit
876 2853 906 2904 ut
920 2847 947 2903 in
962 2853 1102 2922 posterum
1118 2854 1290 2905 servarentur
1306 2866 1313 2906 :

368 2961 382 2992 n
404 2938 554 3014 Inprimis,
570 2937 694 3010 videlicet
709 2939 782 3010 quod
798 2935 1041 2994 reverendissimus
1057 2939 1090 2994 D.
1105 2937 1268 2994 camerarius
1284 2955 1306 2994 s.
1323 2937 1430 3011 collegii
1446 2936 1562 3011 singulis
1577 2936 1668 3006 annis,

330 3029 357 3084 in
377 3029 432 3085 line
447 3027 527 3086 officii
545 3029 587 3084 sui
610 3033 736 3085 teneatur
759 3028 824 3083 dare
847 3033 874 3084 et
894 3027 1024 3085 exhibere
1043 3046 1126 3084 unam
1149 3027 1272 3086 cedulam
1293 3027 1321 3084 in
1336 3045 1391 3102 qua
1410 3033 1555 3108 narrantur
1573 3033 1671 3084 exacta

329 3124 451 3192 tempore
465 3137 515 3176 suo
530 3125 557 3175 et
571 3135 624 3191 que
640 3123 797 3174 remaneant
811 3117 951 3192 exigenda
965 3117 1033 3190 etin
1048 3105 1148 3191 quibus
1163 3125 1190 3176 et
1202 3123 1334 3193 quantum
1349 3119 1382 3174 de
1396 3116 1484 3192 gratia
1501 3115 1668 3173 trutinatum

329 3215 449 3283 tempore
471 3225 521 3266 suo
536 3214 563 3265 et
577 3213 710 3280 quantum
730 3207 848 3282 pertinet
862 3209 896 3264 ad
912 3207 1062 3264 cardinales
1076 3213 1198 3264 mortuos
1216 3212 1243 3264 61
1256 3213 1374 3281 ponatur
1392 3205 1443 3260 hec
1455 3202 1551 3261 cedula
1570 3203 1596 3258 in
1612 3203 1669 3260 line

329 3298 391 3354 libri
406 3297 470 3354 anni
485 3297 529 3354 sui
543 3304 574 3354 ut
593 3315 712 3370 sequens
731 3297 897 3354 camerarius
911 3297 1018 3354 facilius
1035 3296 1167 3370 intelligat
1181 3303 1330 3370 proventus
1347 3295 1417 3352 sacri
1431 3293 1549 3369 collegii,
1564 3299 1615 3352 etc.
1633 3314 1647 3346 n

367 3390 392 3442 1.
413 3385 540 3442 Ardicino
556 3386 627 3442 della
637 3387 729 3442 Porta.
746 3419 781 3428 -
796 3387 870 3442 Tous
884 3385 924 3442 les
940 3403 1006 3441 mss.
1024 3387 1194 3442 deamata«
1210 3386 1247 3440 D.
1260 3384 1419 3454 Adriauum‚
1435 3384 1591 3458 episcopum
1607 3381 1670 3440 Ale·

331 3476 447 3532 riensem
461 3495 467 3544 ;
483 3497 498 3527 n
514 3477 584 3531 dans
598 3474 622 3530 le
638 3481 754 3532 courant
768 3476 803 3531 du
814 3474 937 3544 deamat,
953 3474 987 3531 ils
998 3474 1131 3531 semblent
1141 3475 1246 3531 donner
1259 3474 1485 3531 indilleremm'enl
1498 3477 1666 3544 Adrianus,

331 3569 475 3635 Ardinns,
491 3567 658 3634 Antiniana,
683 3565 845 3634 Andrinas,
865 3557 1039 3635 Ardicinua
1056 3555 1121 3622 sans
1136 3565 1219 3621 doute
1236 3582 1286 3639 par
1304 3563 1331 3620 la
1347 3565 1420 3622 laute
1439 3565 1476 3621 du
1495 3565 1600 3638 copiste
1620 3567 1669 3638 qui

332 3673 399 3713 aura
412 3655 467 3712 mal
481 3655 626 3730 interprete
641 3653 681 3711 les
696 3655 877 3712 abreviatione
897 3656 934 3712 du
949 3661 1022 3712 texte
1042 3654 1169 3730 original.
1185 3654 1300 3712 Calui-ci
1315 3655 1374 3713 doit
1388 3661 1443 3714 etrc
1458 3658 1507 3714 des
1522 3656 1584 3732 plus
1599 3657 1670 3716 dilli-

332 3743 397 3800 ciles
411 3748 428 3799 a
442 3743 594 3814 dechillrer,
612 3745 645 3814 si,
662 3763 766 3801 comme
782 3745 800 3800 11
818 3751 861 3801 est
877 3743 1096 3815 vraisemblable,
1119 3745 1260 3802 Burehard
1274 3745 1310 3801 l'a
1324 3746 1389 3802 ecrit
1403 3747 1437 3802 de
1452 3745 1479 3802 la
1492 3750 1578 3803 meme
1593 3746 1667 3803 main

332 3833 378 3907 qui
393 3833 465 3889 avait
479 3834 572 3906 redige
587 3834 626 3890 les
641 3833 721 3891 livres
737 3834 840 3890 relatils
855 3852 889 3890 au
904 3833 1075 3890 ceremonial.
1093 3834 1170 3892 Paris
1185 3837 1219 3891 de
1234 3835 1343 3906 Grassis
1354 3835 1469 3909 ditqu'il
1480 3836 1553 3910 n’pa
1567 3836 1668 3910 qu’uno

332 3920 430 3998 sibylla
445 3921 492 3994 qui
506 3921 599 3996 puisse
610 3921 657 3979 lire
673 3940 717 3978 ces
728 3913 860 3988 demiers,
872 3928 899 3979 et
909 3921 1116 4006 quessurchard
1130 3924 1191 3980 add
1202 3924 1317 3997 prendre
1328 3923 1352 3980 le
1368 3923 1458 3981 diable
1473 3941 1543 3999 pour
1552 3925 1666 3998 copisle.

333 4013 417 4085 (Par.
433 4015 470 4066 de
483 4013 602 4067 (tressis
615 4015 763 4083 Dianium,
779 4015 811 4072 B.
828 4015 873 4083 tt,
891 4031 956 4071 mss.
974 4010 1032 4082 111,,
1045 4014 1124 4082 51111,
1136 4012 1181 4072 lol.
1199 4015 1261 4082 339,
1277 4014 1369 4087 verso)
1387 4032 1394 4071 ε
1412 4035 1426 4066 «
1486 4013 1583 4072 Libros
1598 4032 1669 4086 quos

333 4119 367 4158 ex
385 4101 487 4158 talibus
501 4101 676 4176 inscripserat
691 4120 771 4160 nemo
786 4103 936 4178 intelligere
954 4109 1055 4180 potest,
1075 4101 1128 4158 nisi
1151 4102 1276 4160 diabolus
1297 4111 1417 4160 assertor
1433 4105 1491 4178 ejus
1506 4110 1553 4160 aut
1573 4104 1667 4160 saltem

333 4191 442 4264 sibylla,
459 4191 498 4248 sic
513 4191 583 4248 enim
598 4192 672 4249 cilris
687 4200 735 4251 aut
750 4194 933 4252 caracteribus
948 4191 1168 4254 obscurrissimis
1182 4192 1305 4268 depinxit
1320 4200 1368 4252 aut
1381 4193 1464 4250 literis
1480 4192 1627 4250 obliteratis
1642 4201 1671 4250 et

332 4279 422 4336 oblitis
436 4279 576 4354 figuravit,
593 4288 622 4339 ut
636 4284 717 4340 credo
731 4283 821 4358 ipsum
836 4285 966 4342 habuisse
986 4281 1123 4340 diabolum
1141 4299 1190 4357 pro
1205 4282 1319 4358 copista.
1337 4305 1351 4336 n
1372 4283 1414 4339 On
1430 4287 1525 4339 trouve
1540 4288 1670 4358 pourtant

331 4371 402 4426 dans
424 4369 603 4428 Gasruasriro'
624 4389 661 4428 un
686 4373 809 4448 example
832 4378 867 4431 od
887 4375 1050 4430 Ardicinns
1071 4379 1098 4429 et
1118 4375 1274 4428 Adrianus
1297 4379 1359 4430 sont
1379 4371 1435 4446 pris
1456 4389 1561 4428 comme
1582 4389 1667 4446 syuo-

332 4473 444 4533 nymes;
462 4460 529 4516 1111
544 4460 614 4517 dans
630 4463 673 4517 La
682 4465 782 4532 prima
797 4473 885 4534 parte
898 4467 971 4520 delle
985 4467 1041 4521 cite
1057 4481 1141 4519 acero
1159 4467 1230 4534 fatti
1249 4465 1433 4517 memorabili
1449 4463 1579 4518 d'alcnni
1594 4463 1668 4531 Papi

332 4551 474 4608 edi'tntti
489 4556 499 4606 i
516 4541 678 4608 cardinali
688 4559 809 4625 passati.
823 4585 858 4600 -
878 4555 1042 4629 luVinegia
1062 4557 1140 4621 1567,
1157 4553 1201 4609 liv.
1218 4553 1239 4622 l,
1255 4569 1325 4625 page
1342 4553 1402 4606 120.
1419 4551 1456 4608 Le
1475 4551 1537 4608 titre
1552 4552 1641 4608 donne
1659 4571 1666 4608 :

334 4639 398 4695 «Di
418 4641 546 4698 Ardicino
568 4644 687 4700 secondo
710 4644 780 4704 della
801 4644 885 4702 Porta
908 4644 1093 4701 d'lnnocentio
1112 4647 1202 4698 ottavo
1219 4661 1254 4710 »;
1276 4647 1301 4696 et
1323 4639 1553 4698 immediatement
1576 4645 1665 4714 apreS,

332 4746 368 4784 ou
387 4727 419 4786 lit
440 4748 478 4786 :«
494 4731 531 4787 Sc
544 4733 665 4789 Adriano
680 4732 751 4790 della
766 4733 883 4790 Porta...
901 4755 915 4784 n
935 4735 1010 4790 Dans
1026 4734 1065 4790 les
1081 4733 1154 4788 deux
1175 4737 1266 4788 autres
1282 4730 1418 4804 chapitres
1439 4737 1583 4789 consecres
1602 4736 1618 4788 d
1636 4750 1668 4789 ce

331 4817 463 4884 cardinal,
481 4819 650 4877 Garimberto
665 4820 790 4894 l’eppelle
803 4823 927 4896 toujours
942 4819 1079 4877 Ardicino.
1096 4821 1166 4894 Vop.
1178 4819 1223 4875 liv.
1237 4821 1284 4888 111,
1294 4836 1322 4892 p.
1334 4821 1396 4887 251,
1408 4826 1435 4876 61
1445 4819 1489 4875 liv.
1500 4820 1547 4890 Vl,
1559 4839 1587 4894 p.
1603 4822 1666 4876 182.

367 4909 394 4961 2.
416 4907 549 4978 Ag'oslino
564 4909 665 4966 Patrizi
679 4909 855 4965 Piceolomini
870 4909 935 4966 etoit
953 4915 1048 4966 mailro
1065 4911 1113 4966 des
1132 4909 1297 4966 ceremonias
1315 4910 1348 4964 de
1367 4909 1393 4964 la
1416 4909 1536 4983 chapelle
1551 4911 1668 4984 dupapc

330 4995 400 5052 Paul
418 4995 452 5050 11.
476 4995 497 5051 11
515 4997 587 5053 aeria
605 5013 636 5055 sa
650 4999 785 5072 charged
808 4999 948 5055 Durchard
972 4999 996 5054 lc
1020 5002 1056 5056 211
1081 4999 1189 5074 janrier
1212 5001 1292 5054 1181.
1320 4997 1408 5054 llloins
1435 4999 1499 5054 d'un
1519 5015 1554 5053 an
1577 5004 1667 5073 apres,

329 5083 354 5150 le
368 5086 403 5154 24,
417 5085 560 5157 decembre
582 5085 661 5157 1185,
684 5087 782 5144 Patrizi
803 5088 938 5162 reprenait
958 5107 1003 5171 ses
1024 5089 1161 5155 fonctions
1176 5107 1209 5145 en
1224 5088 1433 5163 remplacement
1452 5086 1598 5144 rl'Antonio
1613 5086 1668 5142 ae-
