3424 6038
322 431 374 486 288
777 422 952 479 Joflnnrus
976 421 1197 490 BURCllARDl,

315 581 496 656 'cardinali
520 601 612 654 novo
639 564 677 652 et
695 577 851 651 introitu¹
867 577 1070 652 consistorii
1091 576 1255 651 lecerunt
1280 576 1527 668 reverentiam,
1556 601 1623 652 cum

323 706 453 804 capito,
471 727 598 780 omnes
609 702 785 800 profunde
797 725 836 777 se
849 702 1062 778 inclinantes
1081 727 1088 775 :
1105 701 1202 776 idem
1217 701 1622 776 leceruntanteiufimum

326 831 477 930 gradum
489 830 588 920 solii;
607 829 777 904 Senensis
788 829 976 926 precessit,
992 833 1139 904 secutus
1156 835 1308 902 osteum
1322 826 1623 914 cardinalisuorus,

325 952 1625 1052 camerariusveromansitinlrainsrmumgradumsolii.Cardinalisnorus

326 1106 409 1158 cum
427 1087 522 1157 esset
537 1081 574 1153 in
589 1081 696 1178 plano
713 1081 793 1156 solii
808 1088 891 1156 ante
908 1080 1132 1179 pontificem,
1155 1079 1381 1177 genuflexus,
1400 1079 1575 1154 osculatus
1586 1089 1626 1152 est

326 1208 472 1306 pedem,
489 1207 619 1282 deinde
635 1231 797 1298 manum,
820 1207 967 1283 tandem
987 1231 1044 1296 os;
1063 1206 1120 1282 cui
1136 1207 1297 1304 pontifex
1317 1204 1404 1278 dixit
1421 1205 1538 1302 ipsum
1556 1204 1627 1279 bone

326 1332 466 1408 venisse
483 1337 519 1405 et
538 1330 597 1406 ille
613 1331 646 1405 ei
664 1332 795 1428 gratias
815 1331 906 1430 egit3
934 1331 1121 1408 descendit
1141 1330 1271 1407 deinde
1295 1330 1467 1405 Senensis
1486 1330 1530 1404 da
1546 1329 1628 1414 solio,

327 1463 364 1532 et
387 1480 500 1532 novus
514 1457 634 1555 ipsum
650 1467 796 1533 secutus
812 1467 866 1534 est
882 1466 917 1533 et
931 1481 1058 1532 omnes
1078 1466 1150 1532 tres
1167 1456 1288 1547 simul,
1307 1463 1345 1530 ut
1361 1456 1474 1554 prius,
1493 1455 1630 1552 pontifici

328 1582 565 1658 reverentiam
577 1582 760 1674 lecerunt;
785 1607 858 1680 qua
873 1582 981 1674 lacta,
998 1581 1215 1680 precedente
1233 1581 1400 1670 Senensi,
1417 1580 1546 1654 deiude
1560 1603 1632 1654 noso

328 1713 364 1782 et
379 1708 458 1782 illos
472 1709 671 1783 camerario
698 1714 885 1806 sequente,
907 1731 1019 1780 novus
1035 1713 1203 1802 receptus
1220 1711 1274 1780 est
1294 1705 1339 1779 ab
1355 1705 1525 1779 omnibus
1539 1703 1634 1778 cardi-

328 1833 469 1908 nalibus
484 1833 624 1906 inlocis
640 1832 729 1923 suis,
752 1832 990 1930 discoopertis
1013 1831 1189 1929 capitibus
1212 1830 1403 1922 stantibus,
1434 1830 1638 1927 primoase

329 1956 431 2030 niore
448 1956 552 2030 sivea
567 1957 700 2054 priore,
718 1956 884 2032 videlicet
897 1955 1204 2046 vicecancellario,
1218 1955 1348 2030 deinde
1361 1980 1384 2030 a
1398 1954 1546 2052 singulis
1560 1953 1635 2026 aliis.

330 2087 524 2178 Postquam
554 2083 599 2154 ab
627 2082 805 2179 episcopis
832 2088 868 2154 et
890 2081 1109 2180 presbyteris
1145 2081 1314 2156 omnibus
1351 2085 1520 2178 receptus
1547 2086 1638 2166 esset,

331 2207 501 2284 Senensis
516 2215 553 2282 et
571 2207 791 2282 camerarius
804 2208 943 2282 iverunt
961 2207 1006 2282 ad
1017 2208 1100 2282 loca
1112 2231 1190 2297 sua,
1208 2207 1268 2280 ubi
1290 2212 1426 2280 stantes
1442 2209 1643 2302 receperunt

330 2335 411 2434 ipsi,
432 2339 562 2413 deinde
579 2342 772 2436 sequentes
788 2336 929 2411 diaconi
943 2334 1160 2412 cardinales.
1177 2339 1274 2424 Post,
1292 2333 1517 2408 associarunt
1531 2353 1643 2406 norum

333 2460 554 2536 cardinalem
575 2462 669 2536 inter
688 2465 886 2536 Seneusem
910 2469 946 2537 et
966 2461 1204 2536 camerarium
1223 2460 1261 2533 in
1284 2459 1412 2533 ultimo
1436 2458 1533 2549 loco,
1555 2463 1643 2556 pmut

331 2585 487 2683 primum
516 2595 703 2678 venerunt,
734 2587 938 2685 equitantes
968 2610 1082 2684 usque
1111 2585 1157 2660 ad
1185 2586 1333 2660 domum
1357 2583 1553 2659 residentia
1577 2604 1642 2670 sue,

333 2710 545 2786 Ursinorum
555 2711 720 2788 videlicet
734 2712 770 2785 iu
786 2735 915 2810 campo
931 2713 1053 2801 Flore;
1068 2711 1127 2785 ubi
1139 2735 1220 2786 curn
1237 2717 1359 2786 essent
1375 2707 1537 2808 episcopi
1548 2705 1645 2802 magis

333 2857 445 2934 prope
466 2837 612 2929 ostium,
636 2838 765 2913 deinde
790 2837 1005 2937 presbyteri,
1030 2837 1172 2912 diaconi
1199 2859 1281 2912 raro
1307 2835 1510 2911 cardinales
1531 2835 1574 2909 ab
1591 2832 1646 2906 alia

333 2968 448 3059 parte,
466 2987 592 3055 riorus,
608 2987 630 3039 a
649 2973 750 3062 parte
765 2965 1020 3064 episcoporum
1044 2964 1264 3062 incipiendo,
1283 2961 1514 3058 discooperto
1530 2959 1643 3058 capite,

335 3086 484 3183 singulis
495 3089 627 3186 gratias
639 3091 729 3188 egit;
747 3097 825 3165 tum
841 3092 1010 3188 equitans
1020 3097 1104 3166 anta
1120 3089 1254 3166 ostium
1269 3087 1392 3186 palatii
1408 3087 1463 3160 sui
1480 3109 1598 3162 versus
1611 3083 1647 3157 ad

335 3210 415 3286 illos
438 3213 554 3310 capite
577 3214 805 3314 discooperto
833 3222 944 3308 stans,
974 3216 1176 3315 expectavit
1205 3213 1430 3312 singulorum
1458 3233 1644 3288 recessum:

336 3336 466 3413 deinde
481 3338 624 3416 intravit
639 3341 788 3419 domum
803 3341 849 3416 ad
860 3341 1065 3439 prandium.

385 3463 489 3538 Feria
502 3465 620 3558 tertia,
635 3471 680 3539 29
692 3466 861 3564 januarii,
874 3466 966 3542 hora
979 3491 1039 3542 xxr
1052 3466 1107 3541 vel
1123 3467 1233 3556 circa,
1245 3487 1311 3562 per
1324 3471 1468 3564 portam
1481 3459 1645 3548 viridarii,

336 3589 512 3664 intrarunt
541 3599 695 3687 quatuor
725 3597 887 3666 oratores
915 3592 1136 3668 serenissimi
1163 3591 1396 3666 Maximiliani
1421 3596 1648 3664 Romanorum

337 3714 448 3812 regis
472 3714 636 3790 videlicet
663 3721 704 3790 R.
737 3717 773 3791 in
796 3717 937 3792 Christo
956 3722 995 3791 P.
1022 3721 1064 3791 Ι).
1092 3717 1423 3816 Lucas-episcopus
1443 3713 1646 3796 Sirmiensis,

337 3837 541 3914 Bernardus
562 3841 606 3915 de
623 3841 807 3940 Solehym,
822 3843 1017 3940 Gregorius
1033 3842 1078 3918 de
1093 3847 1206 3919 Turre
1219 3851 1255 3918 et
1270 3844 1381 3934 frater
1394 3847 1552 3916 loannes
1566 3838 1647 3938 prior

337 3970 536 4038 conventus
550 3965 836 4062 Antuerpiensis,
852 3966 986 4039 ordinis
1003 3991 1032 4039 s.
1052 3965 1244 4056 Dominici,
1263 3967 1323 4062 qui
1338 3989 1360 4039 a
1378 3963 1524 4038 lamiliis
1536 3965 1595 4037 SS.
1610 3962 1642 4031 Ι).

337 4092 378 4165 N.
408 4113 515 4188 pape,
534 4098 569 4164 et
589 4095 807 4166 ltltmorum.
831 4095 905 4164 Ι)Ι).
929 4091 1177 4184 cardinalium,
1198 4097 1369 4188 tanquam
1387 4095 1550 4164 oratores
1568 4083 1644 4180 regis

339 4219 598 4308 Romanorum,
625 4217 760 4314 recepti
782 4225 877 4292 sunt.
907 4219 1038 4292 Fuerat
1063 4217 1160 4294 enim
1189 4217 1249 4290 diu
1279 4223 1360 4291 ante
1385 4217 1422 4290 in
1451 4209 1643 4292 consistorio

340 4339 561 4437 disputatum
577 4347 613 4416 et
629 4341 774 4416 tandem
790 4341 1041 4433 deliberatum,
1057 4343 1154 4440 quod
1174 4343 1225 4416 sic
1240 4342 1352 4440 recipi
1370 4342 1557 4431 deberent,
1569 4345 1598 4413 et
1610 4333 1643 4408 ab

341 4464 509 4539 omnibus
525 4490 638 4562 usque
659 4466 704 4540 ad
720 4466 867 4540 domum
888 4465 1081 4541 residentia
1107 4491 1185 4560 sue,
1209 4467 1376 4542 videlicet
1393 4469 1497 4566 juxta
1511 4467 1641 4564 plateam

341 4613 370 4662 s.
388 4590 500 4666 llarie
516 4593 684 4684 rotunde,
703 4615 812 4690 quam
827 4590 1009 4688 quondam
1034 4596 1076 4665 Ι).
1102 4592 1305 4667 Sinihaldus
1325 4593 1371 4668 de
1391 4595 1501 4690 Spata
1516 4591 1643 4685 scriptor

341 4715 559 4810 apostolicus
588 4716 748 4791 construi
786 4716 934 4807 curavit,
958 4716 1005 4789 in
1040 4741 1110 4814 qua
1138 4719 1298 4816 prelatus
1329 4717 1519 4816 episcopus
1545 4717 1643 4788 orator

341 4837 541 4935 hospitatus
558 4847 625 4933 cst,
645 4841 702 4915 alii
719 4847 836 4916 autem
853 4842 991 4940 college
1008 4842 1062 4916 sui
1082 4843 1118 4916 in
1135 4843 1212 4918 aliis
1226 4844 1392 4918 domibus
1407 4866 1519 4940 prope
1533 4842 1637 4938 ipsam·

390 4966 454 5039 Die
480 4969 637 5060 Sabbati,
673 4974 693 5041 2
723 4967 858 5042 mensis
890 4968 1075 5062 februarii,
1108 4970 1239 5044 testum
1268 4967 1526 5067 purificationis
1555 4963 1637 5037 beate

342 5090 454 5166 ltlaric
469 5093 628 5190 virginis,
644 5094 679 5167 in
702 5119 822 5185 mane,
849 5094 941 5170 hora
962 5103 1148 5186 consueta,
1173 5099 1237 5170 SS.
1265 5099 1308 5169 Ι).
1332 5099 1375 5171 Ν.
1401 5100 1540 5193 paratus
1560 5102 1637 5162 mort
