3422 6034
314 449 368 504 354
771 441 947 500 JOHANNIS
970 440 1192 512 BURCHARDI,
1497 446 1557 510 [tau
1572 449 1633 508 rust

315 601 552 674 decantarunt
592 598 740 673 sedente
769 603 805 672 et
835 598 1010 673 stantibus
1034 621 1077 672 ac
1108 597 1242 696 populo
1271 619 1279 668 :
1306 596 1437 694 quibus
1461 601 1619 692 ostensis,

316 727 413 821 Papa
427 723 532 798 rediit
556 722 601 796 ad
620 721 792 819 palatium
810 723 906 820 apud
925 747 954 796 s.
977 728 1123 797 Petrum
1146 746 1190 797 eo
1208 721 1333 796 ordine
1354 745 1426 819 quo
1442 723 1511 798 hoc
1530 749 1625 800 mane

313 847 423 938 venit,
440 847 524 944 quia
542 847 675 944 placuit
687 847 737 921 ita
751 847 990 922 cardinalibus
1006 849 1057 922 ire
1072 852 1155 922 aute
1166 851 1301 944 Papam
1317 853 1353 922 et
1371 871 1445 920 non
1458 855 1538 945 post
1552 873 1625 923 eum

313 979 421 1072 prout
442 973 623 1048 debebant
646 997 653 1046 :
679 973 849 1070 equitavit
868 982 990 1048 autem
1006 999 1071 1071 per
1089 995 1257 1072 campum
1280 972 1386 1048 Flore
1406 973 1585 1048 redeundo
1600 983 1630 1048 et

313 1104 396 1174 ante
408 1104 566 1174 castrum
581 1123 609 1171 s.
623 1096 750 1194 Angeli
767 1121 831 1172 seu
847 1100 951 1196 juxta
971 1098 1058 1170 illud
1076 1123 1084 1170 :
1105 1105 1297 1196 postquam
1315 1105 1466 1196 pontem
1482 1105 1630 1196 pertran-

316 1225 408 1318 sivit,
422 1225 520 1302 dedit
528 1221 770 1300 cardinalibus
780 1223 977 1314 licentiam,
991 1225 1051 1320 qui
1060 1223 1143 1298 inde
1153 1224 1199 1298 ad
1208 1223 1337 1298 domos
1349 1249 1433 1298 suas
1445 1224 1629 1298 redierunt.

361 1351 464 1427 Feria
479 1359 620 1450 quarta,
639 1355 660 1423 6
675 1347 774 1440 maii,
793 1349 845 1422 lll.
860 1348 1028 1448 princeps
1044 1350 1137 1423 Otho
1156 1351 1304 1426 Bavarie
1320 1352 1404 1442 dux,
1422 1353 1484 1448 qui
1498 1353 1632 1426 sabbato

314 1487 439 1555 sancto
459 1479 622 1579 proxime
637 1477 807 1576 preterito
828 1481 980 1550 Romam
997 1475 1104 1566 venit,
1123 1501 1143 1550 a
1159 1475 1304 1550 nemine
1322 1483 1443 1553 tamen
1461 1485 1630 1575 receptus,

312 1606 464 1682 recessit
478 1629 523 1681 ex
538 1603 634 1678 Urbe
650 1601 818 1676 alamilia
834 1601 925 1674 Rmi.
948 1604 991 1674 D.
1011 1599 1203 1674 cardinalis
1227 1602 1340 1676 sancti
1359 1601 1471 1678 Marci
1488 1601 1633 1676 associa·

313 1740 385 1824 tus,
402 1732 556 1831 patriam
571 1729 771 1818 rediturus3
797 1727 826 1802 is
843 1729 953 1802 irater
968 1733 1023 1801 est
1041 1732 1082 1800 R.
1102 1731 1145 1800 D.
1163 1729 1236 1802 mei
1248 1729 1385 1804 Alberti
1401 1729 1563 1827 episcopi
1578 1729 1634 1802 dr·

314 1856 551 1955 gentincnsis,
574 1853 687 1928 ethis
712 1853 838 1928 diebus
861 1853 990 1950 quibus
1015 1856 1129 1927 Rome
1159 1853 1225 1927 luit
1254 1879 1454 1952 numquam
1477 1854 1574 1928 uenit
1598 1853 1635 1927 ad

316 1983 510 2082 capellam3
532 1983 596 2058 sed
621 1985 684 2057 SS.
709 1983 752 2054 D.
777 1985 818 2056 N.
844 1979 905 2079 qui
929 1980 1098 2055 credebat
1124 1982 1243 2079 ipsum
1265 1981 1415 2056 sabbato
1439 1981 1477 2055 in
1497 1979 1634 2055 alhisad

315 2107 492 2206 capellam
515 2113 717 2197 venturum,
734 2105 881 2180 verbum
902 2106 986 2181 lecit
1000 2105 1241 2180 cardinalibus
1257 2107 1301 2180 de
1321 2105 1402 2180 loco
1421 2105 1490 2180 sibi
1511 2105 1630 2190 dando,

313 2235 410 2332 quod
436 2257 502 2307 sua
523 2241 599 2308 erat
617 2232 738 2330 opinio
762 2231 829 2306 sibi
857 2231 980 2307 locum
998 2233 1084 2306 dare
1104 2231 1140 2304 in
1165 2230 1281 2304 banco
1307 2229 1545 2304 cardinalium
1565 2233 1633 2327 post

314 2361 479 2435 ultimum
511 2359 729 2448 diaconum3
757 2359 821 2432 sed
848 2382 931 2456 ego,
956 2367 1142 2434 vocatusa
1168 2355 1364 2432 Sanctitate
1385 2381 1450 2430 sua
1474 2362 1512 2431 et
1538 2357 1633 2429 inter·

313 2494 474 2584 rogatus,
501 2485 573 2560 dixi
598 2483 665 2558 sibi
693 2484 816 2558 locum
848 2484 885 2557 in
915 2507 1083 2583 supremo
1119 2483 1233 2582 gradu
1254 2483 1359 2580 juxta
1387 2482 1521 2556 solium
1549 2486 1631 2578 Pape

313 2612 484 2702 dandum,
502 2612 597 2708 quod
611 2609 851 2686 cardinalibus
868 2610 1020 2684 multum
1034 2609 1167 2707 placuit
1184 2633 1191 2681 :
1206 2608 1272 2682 luit
1287 2608 1347 2682 hic
1362 2609 1458 2681 idem
1472 2607 1547 2681 dux
1561 2629 1631 2680 cum

313 2737 415 2834 equis
435 2761 526 2811 xxrx
542 2737 577 2809 in
592 2736 748 2834 bospitio
771 2741 950 2833 Campans
974 2758 1088 2834 prope
1104 2757 1273 2832 campum
1289 2733 1394 2808 Flore
1412 2733 1629 2830 hospitatus;

312 2863 372 2958 qui
394 2862 460 2935 luit
479 2861 666 2959 Neapolim
693 2885 776 2935 cum
797 2885 881 2958 rege
906 2860 1208 2958 proquibusdam
1233 2860 1402 2958 negotiis,
1429 2883 1501 2957 quo
1529 2860 1630 2933 iturus

314 2987 465 3062 recessit
480 3011 524 3061 ex
545 2987 640 3061 Urbe
656 2987 713 3061 die
729 2987 814 3062 lune
837 2991 880 3060 27
898 2986 1033 3084 aprilis,
1052 2993 1087 3060 et
1103 2985 1207 3061 rediit
1228 2985 1286 3060 die
1302 2985 1486 3060 dominica
1505 2987 1528 3058 3
1544 2981 1629 3072 maii,

313 3113 343 3186 si
366 3121 463 3188 recte
486 3111 650 3185 memini.

362 3237 467 3312 Faria
489 3242 628 3333 quarta,
652 3240 696 3310 27
718 3235 816 3326 maii,
841 3236 878 3308 in
898 3235 1017 3334 vigilia
1040 3237 1266 3312 ascensionis
1289 3242 1332 3313 D.
1359 3239 1402 3311 N.
1429 3239 1462 3309 J.
1496 3233 1628 3324 Christi,

312 3361 457 3434 luerunt
470 3382 621 3458 uespere
638 3359 786 3457 papales
804 3359 841 3432 in
856 3359 994 3456 capella
1007 3360 1144 3457 majore
1166 3361 1342 3458 predicta,
1362 3370 1460 3466 Papa
1475 3369 1630 3464 presente

312 3493 348 3560 et
369 3485 577 3583 incipiente,
596 3493 632 3558 et
653 3484 710 3558 die
736 3483 902 3581 sequenti
932 3484 1043 3558 missa
1069 3485 1241 3561 solemnis
1265 3487 1302 3561 in
1324 3490 1470 3567 basilica
1493 3517 1525 3566 s.
1549 3487 1629 3564 Petri

312 3633 421 3708 quam
437 3609 631 3685 celebrarit
653 3613 779 3683 Rmus.
798 3614 841 3684 D.
864 3613 903 3682 L.
926 3607 1117 3710 presbyter
1138 3612 1330 3688 cardinalis
1350 3619 1626 3702 Beneventanus,

311 3740 409 3832 Papa
433 3744 616 3834 presente,
648 3736 830 3810 consuetis
859 3735 1089 3811 ceremoniis.
1126 3741 1205 3812 Non
1232 3738 1299 3814 luit
1327 3765 1448 3818 sermo
1484 3742 1565 3841 quia
1592 3745 1626 3814 ll.

311 3861 514 3936 Alexander
524 3863 567 3936 de
584 3861 753 3936 Cortesiis
767 3862 813 3936 ad
822 3861 893 3936 hoc
910 3861 1093 3964 ordinatus
1106 3863 1272 3940 infirmus
1286 3876 1374 3942 erat.
1389 3868 1505 3944 Finita
1518 3867 1625 3954 missa,

312 3989 409 4083 Papa
422 3984 520 4060 dedit
534 3985 824 4062 benedictionem
839 3994 874 4063 et
890 4010 963 4063 non
978 3987 1220 4088 indulgentias
1234 4016 1242 4083 ;
1264 3993 1394 4069 deinde
1411 3997 1511 4093 Papa
1525 3992 1625 4070 eundo

310 4134 433 4186 versus
457 4111 579 4184 locum
603 4112 866 4186 benedictionis
895 4135 960 4210 per
988 4112 1151 4209 quintam
1173 4141 1302 4193 navem
1329 4119 1478 4193 basilice
1501 4118 1623 4219 prolate

309 4236 473 4312 videlicet
502 4238 618 4311 vultus
648 4238 841 4312 Salvatoris
874 4240 1000 4332 nostri,
1030 4242 1298 4338 quamprimum
1320 4242 1464 4320 intravit
1490 4267 1619 4330 narem,

310 4367 476 4436 ostensus
491 4368 546 4438 est
559 4363 677 4436 vultus
693 4363 852 4461 prelatus
867 4389 932 4463 per
947 4366 1159 4466 episcopum
1172 4371 1393 4466 Agateusem
1407 4373 1456 4466 (t)
1475 4370 1620 4471 ejusden

310 4486 458 4561 basilice
472 4486 666 4578 ricarium;
684 4487 728 4560 dc
749 4511 819 4585 quo
842 4495 1004 4588 tempore
1032 4495 1277 4592 reprehensus
1292 4497 1406 4572 luitet
1430 4499 1536 4588 benc,
1552 4495 1621 4593 quia

311 4611 464 4686 debebat
479 4617 684 4709 reportasse
699 4633 886 4710 quousque
907 4620 1003 4714 Papa
1018 4617 1064 4692 ad
1078 4619 1235 4696 mediam
1246 4623 1346 4696 navis
1361 4624 1417 4698 rel
1442 4625 1535 4700 ultra
1550 4645 1619 4721 per-

309 4737 477 4811 venisset.
491 4736 664 4811 Ascendit
679 4737 809 4812 deinde
830 4738 993 4836 pontifex
1016 4738 1061 4815 ad
1081 4743 1203 4818 locum
1221 4746 1424 4845 predictum
1452 4748 1513 4823 ubi
1540 4752 1618 4842 Papa

310 4862 519 4938 solemniter
534 4862 716 4937 benedixit
738 4863 776 4936 in
793 4863 899 4939 mitra
919 4867 1131 4964 pontificali,
1151 4883 1227 4946 uon
1253 4872 1292 4963 in
1318 4881 1445 4972 reguo,
1473 4873 1617 4951 cardina·

309 4987 403 5062 libus
419 4996 455 5063 et
469 4989 615 5086 prelatis
628 4989 665 5062 in
680 4989 803 5088 cappis
829 5014 902 5064 non
931 4993 1065 5090 paratis
1090 4997 1156 5072 sibi
1181 4997 1446 5094 assistentibus,
1477 4997 1618 5077 utmoris

344 5142 372 5198 1.
392 5141 481 5214 Agde,
499 5141 563 5198 suli.
578 5141 612 5199 de
623 5139 778 5200 Narbonne.
