3508 6034
127 492 274 560 [nuria]
449 481 576 538 nanun
602 479 831 538 unaansnun
857 477 1120 536 connanmau.
1408 483 1462 538 435

124 641 208 716 nala
224 639 311 737 ipsis
327 636 423 734 quod
437 634 492 709 vel
508 634 724 708 recederent
738 634 794 708 vel
807 633 1048 730 procederent
1059 633 1126 707 sub
1137 657 1233 732 pena
1248 634 1456 724 mandante,

124 767 385 864 processerunt
400 767 436 834 et
452 759 564 832 secuti
581 765 664 832 sunt
680 759 793 833 nostri
810 759 935 832 ordine
952 758 1155 832 infradicto.

176 890 303 964 Clarus
318 885 423 960 Urbis
439 909 504 958 suo
520 883 658 960 ordine.
675 885 955 960 -Collactores
967 885 1115 982 plumbi.
1133 929 1181 940 -
1198 887 1460 962 Sollicitatores

124 1018 314 1091 literarum
327 1009 625 1107 apostolicarum.
645 1053 694 1064 -
714 1009 850 1084 Notarii
871 1009 1054 1083 auditores
1080 1033 1238 1084 camere.
1255 1054 1305 1066 -
1323 1014 1459 1086 Notarii

126 1140 311 1214 auditores
340 1142 430 1210 rote.
460 1138 790 1208 -Procuratores
825 1134 1091 1231 penitentiaria.
1123 1179 1170 1190 -
1201 1139 1460 1210 Procuratores

126 1263 447 1340 contradictarum.
478 1304 525 1316 —
549 1260 827 1334 abbreviaturas
855 1259 899 1334 da
924 1261 1041 1356 prima
1064 1261 1198 1334 visione
1222 1269 1256 1334 et
1281 1263 1325 1336 da
1350 1285 1459 1359 parco

126 1391 275 1466 minori.
299 1431 347 1444 -
367 1385 569 1482 Scriptores
594 1383 862 1486 penitentiarie.
886 1427 935 1438 -
960 1385 1162 1482 Scriptores
1183 1385 1383 1482 apostolici.
1412 1431 1459 1441 -

125 1514 291 1612 Magistri
306 1512 492 1610 utriusque
514 1510 670 1608 registri.
692 1552 741 1564 --
761 1508 1039 1584 Abbreviatores
1059 1509 1103 1582 de
1126 1533 1236 1606 parco
1252 1511 1393 1606 majori.
1412 1556 1459 1566 —

126 1640 341 1714 Rullatores.
359 1681 407 1693 —
420 1637 581 1732 Magistri
596 1635 746 1732 plumbi.
764 1677 812 1690 -
833 1639 1094 1708 Procuratores
1111 1615 1293 1711 ordinum.
1308 1680 1358 1691 —
1372 1641 1459 1710 Pro-

126 1771 314 1838 curatores
330 1761 543 1859 principum.
565 1803 614 1814 —
631 1761 822 1834 Secretarii
841 1767 877 1834 et
902 1760 1082 1834 advocati.
1106 1804 1153 1815 —
1167 1761 1396 1836 Cubicularii.
1412 1806 1460 1816 —

125 1885 339 1962 Camerarii.
365 1927 414 1938 -
441 1886 611 1959 Oratores
631 1885 833 1981 principum
854 1885 935 1958 laici
961 1891 997 1959 et
1021 1887 1189 1960 barones.
1216 1929 1261 1942 -
1288 1890 1459 1960 Cantores

127 2019 239 2110 Pape.
256 2054 305 2066 -
319 2009 481 2083 Accoliti.
496 2053 545 2063 —
555 2009 681 2083 Clerici
698 2032 854 2084 camere.
868 2053 916 2064 —
929 2010 1121 2084 Auditores
1137 2019 1227 2085 rote.
1244 2056 1291 2068 -
1306 2013 1457 2086 Accoliti

125 2161 211 2212 cnm
228 2133 453 2210 candelabris
475 2139 511 2208 et
534 2133 730 2207 thuribulo.
753 2177 798 2190 -
814 2133 1031 2208 Subdiaconi
1054 2159 1137 2208 cum
1158 2159 1264 2210 cruce
1288 2144 1323 2210 et
1340 2137 1459 2212 sociis.

124 2308 174 2318 -
190 2259 450 2336 Penitentiarii.
466 2303 513 2314 —
528 2259 697 2332 hbbates.
714 2303 760 2313 —
777 2259 957 2357 Episcopi,
978 2261 1241 2358 archiepiscopi
1263 2268 1298 2334 et
1316 2262 1455 2359 prelati.

123 2429 173 2440 -
189 2387 362 2458 Oratores
376 2382 503 2479 prelati
520 2383 730 2458 assistentes
748 2387 857 2480 Papa,
881 2384 1008 2480 parati.
1026 2428 1073 2438 -
1091 2385 1239 2457 Diaconi
1258 2385 1458 2458 cardinales

127 2533 200 2584 non
217 2508 443 2598 assistentes,
460 2506 704 2606 (indigniores
718 2506 809 2580 duos
822 2514 899 2582 erat
915 2508 1056 2582 medius
1068 2509 1235 2606 princeps
1251 2511 1397 2608 Capua).
1411 2555 1459 2565 —

127 2634 338 2734 Presbyteri
359 2633 560 2708 cardinales
580 2640 616 2708 et
630 2633 803 2730 episcopi.
814 2677 863 2688 —-
877 2637 954 2707 Duo
967 2633 1108 2708 diaconi
1123 2638 1218 2732 Papa
1235 2635 1456 2710 assistentes.

126 2805 177 2815 —
193 2760 361 2835 Scutileri
377 2765 473 2856 Pape
490 2783 573 2832 cum
589 2758 793 2832 intortiriis.
804 2803 852 2814 -
865 2762 944 2833 Duo
960 2759 1100 2834 accoliti
1117 2783 1200 2834 cum
1219 2759 1456 2834 candelabris.

127 2931 177 2942 -
192 2892 273 2962 Duo
289 2885 430 2959 accoliti
447 2908 530 2958 cum
550 2883 754 2960 thuribulis.
772 2927 821 2938 —
836 2888 933 2980 Papa
953 2883 1019 2956 sub
1039 2883 1269 2958 baldachino.
1289 2927 1336 2938 —
1351 2886 1459 2957 Audi-

126 3021 185 3086 tor
205 3010 250 3084 de
266 3009 374 3084 mitra
388 3009 561 3109 serviens,
577 3009 731 3084 medius.
749 3053 797 3064 -
814 3007 1052 3081 Protonotarii
1074 3008 1296 3082 assistentes.
1326 3009 1456 3084 Prolati

125 3158 200 3208 non
220 3133 347 3230 parati.
367 3177 417 3188 -
435 3133 505 3207 Alii
521 3133 772 3230 protonotarii.
790 3178 838 3188 --
853 3137 1049 3210 Generales
1073 3137 1252 3210 ordinum.
1267 3181 1316 3192 -
1331 3139 1456 3234 Togati

125 3257 248 3332 aulici.

176 3382 439 3456 baldachinum
461 3391 651 3481 portarunt
677 3386 834 3459 barones
861 3395 896 3460 et
925 3387 1065 3462 nobiles
1096 3389 1154 3486 qui
1183 3411 1264 3460 cum
1292 3389 1455 3486 principe

125 3515 248 3607 Capua
280 3513 431 3582 Romam
460 3518 647 3600 venerunt,
680 3534 751 3582 una
784 3535 868 3583 cum
900 3511 978 3585 aliis
1008 3513 1141 3588 nostris
1171 3511 1371 3600 nobilibus;
1406 3511 1456 3584 sic

126 3659 255 3710 eorum
272 3634 338 3708 tuit
354 3657 507 3730 magnus
522 3658 706 3709 numerus.
729 3635 869 3710 Nostris
889 3639 1204 3712 conservatoribus
1229 3639 1350 3712 locum
1372 3639 1454 3712 dedi

127 3760 263 3834 ibidem
276 3766 359 3834 ante
374 3758 643 3850 baldachinum,
661 3767 809 3856 propter
824 3759 1033 3834 scandalum
1049 3762 1269 3854 evitandum,
1294 3764 1338 3837 de
1355 3788 1460 3838 man-

125 3888 211 3960 dato
228 3887 292 3959 SS.
313 3886 415 3957 DN.
433 3907 538 3981 pape.
558 3886 620 3958 SS.
644 3886 685 3956 D.
702 3887 744 3958 N.
762 3890 933 3959 statuerat
949 3885 1006 3962 die
1026 3887 1190 3983 predicta
1204 3889 1459 3993 presbyterum

126 4009 172 4082 ad
181 4007 375 4084 ecclesiam
388 4007 521 4082 ibidem
534 4031 615 4081 cum
625 4009 721 4082 terro
731 4009 868 4098 radira;
883 4011 979 4106 quod
992 4018 1128 4103 tamen,
1142 4037 1224 4085 cum
1234 4015 1457 4110 superfluum

127 4143 163 4210 et
180 4134 259 4208 sine
275 4132 534 4208 causatactum
554 4133 694 4226 luisset,
720 4134 914 4224 omissum;
946 4143 1066 4209 tamen
1088 4143 1238 4232 propter
1262 4136 1457 4209 tumultum

126 4269 162 4336 et
174 4261 349 4359 populum
364 4261 575 4348 maximum,
593 4266 742 4357 propter
761 4284 869 4356 quem
892 4283 975 4334 cum
996 4283 1129 4355 magna
1144 4259 1356 4333 contusione
1372 4285 1457 4358 pro-

126 4386 243 4461 cessio
259 4385 329 4460 hac
345 4385 510 4460 ordinata
542 4384 686 4481 incepta
712 4384 790 4474 tuit,
822 4385 1080 4459 convenienter
1103 4391 1225 4458 tamen
1248 4393 1452 4481 prosecuta.

127 4508 505 4606 (tmnisviaapalatio
521 4507 751 4582 deblartellis
769 4531 880 4604 usqua
905 4508 949 4582 ad
973 4507 1159 4581 basilicam
1187 4533 1215 4580 s.
1244 4509 1340 4581 Petri
1361 4508 1454 4582 bene

126 4634 303 4708 mundata
316 4633 395 4722 luit,
411 4657 454 4707 ac
467 4633 595 4730 pannis
608 4639 735 4706 ornata
743 4657 754 4722 ;-
771 4639 806 4706 et
826 4639 909 4707 ante
928 4632 1105 4728 predictas
1127 4631 1267 4718 domos,
1290 4630 1455 4706 videlicet

126 4758 321 4834 cardinalis
348 4757 552 4833 Parmensis
572 4763 608 4832 et
630 4757 782 4832 aliorum
807 4757 935 4855 pannis
960 4762 1146 4852 cooperta,
1174 4761 1209 4830 et
1237 4755 1281 4828 ab
1303 4755 1458 4830 ecclesia

126 4887 233 4960 beata
249 4885 361 4959 Maria
376 4885 413 4958 in
428 4884 692 4982 Transpontina
706 4908 818 4981 usque
840 4883 885 4958 ad
905 4883 1091 4957 basilicam
1106 4881 1305 4979 predictam
1320 4881 1406 4954 hinc
1422 4887 1457 4955 at

126 5011 210 5085 inde
241 5011 369 5108 pannis
395 5010 633 5084 cardinalium
657 5015 800 5097 ornata3
830 5006 1040 5103 quibusvis
1066 5005 1144 5102 ipsa
1165 5028 1229 5101 per
1251 5004 1452 5079 Johannam

125 5137 275 5211 llariam
292 5135 431 5210 socium
446 5160 568 5218 meum
582 5135 949 5234 ipsaluitpercannas
965 5131 1089 5206 divisa.
1107 5130 1281 5207 Venimus
1297 5153 1450 5228 paream
