3600 6094
96 495 181 557 ,sous
198 495 277 557 ivai]
455 489 581 548 RERUM
600 487 828 548 URBANARUM
848 491 1110 554 COMMENTARH.
1412 500 1444 558 11

93 649 242 722 secreti
274 645 328 722 sui
358 644 590 733 cubicularii,
622 650 658 718 et
687 644 876 718 domestici
906 644 1070 736 luerunt,
1102 653 1137 722 et
1170 648 1298 744 quibus
1327 643 1465 725 luerat'

36 761 42 768 ’
93 771 247 868 optime
281 770 416 845 lactum
444 771 650 868 petiissem;
686 769 830 842 tandem
859 793 969 844 cocus
998 771 1174 846 raminam
1210 772 1275 872 (l),
1308 775 1344 848 in
1375 801 1444 873 qua

93 918 241 991 aquam
263 920 330 995 pro
348 895 506 970 scutellis
525 895 683 969 lavandis
703 893 904 969 calefacere
928 896 1082 988 solebat,
1110 921 1306 995 comaque
1330 901 1444 974 calida

93 1020 193 1093 mihi
231 1020 465 1110 ministravit,
494 1025 531 1094 et
555 1020 738 1118 predictus
768 1021 930 1094 Andreas
963 1021 1192 1096 barbitonsor
1218 1024 1372 1100 bacilem
1398 1027 1443 1102 de

93 1147 291 1244 apotheca
314 1169 378 1219 sua
401 1151 544 1244 portare
569 1144 672 1236 lecit;
699 1145 794 1219 lotus
822 1145 888 1220 suit
914 1146 1076 1242 pontifex
1101 1147 1173 1238 sic,
1204 1157 1241 1224 et
1264 1171 1346 1223 cum
1370 1173 1443 1226 non

94 1277 206 1346 esset
233 1272 410 1346 lintheum
431 1295 512 1344 cum
533 1294 603 1367 quo
627 1277 842 1368 tergeretur,
866 1271 1015 1345 camisia
1039 1296 1116 1363 sua,
1137 1273 1174 1345 in
1195 1297 1263 1372 qua
1282 1281 1442 1350 mortuus

95 1403 171 1486 est,
210 1397 249 1470 in
275 1397 362 1470 duas
392 1402 511 1494 partes
543 1396 667 1486 divisa,
701 1419 784 1470 eum
814 1396 904 1494 tergi
935 1396 1023 1486 leci,
1054 1398 1225 1488 brachas,
1251 1398 1287 1471 in
1314 1399 1442 1496 quibus

95 1529 272 1596 mortuus
288 1529 356 1612 est,
374 1529 410 1596 et
424 1521 536 1610 lotus,
561 1521 610 1594 illi
631 1530 770 1596 mutare
791 1545 863 1596 non
883 1521 997 1621 potui,
1019 1546 1102 1596 cum
1123 1533 1196 1597 non
1216 1531 1337 1598 essent
1353 1523 1438 1616 alie;

95 1647 183 1722 sine
202 1648 353 1722 camisia
367 1648 575 1747 impositum
591 1647 656 1722 luit
671 1647 738 1722 sibi
758 1647 968 1745 diploidem,
987 1654 1023 1722 et
1037 1672 1147 1726 unum
1167 1673 1231 1748 par
1246 1649 1440 1748 caligarum

95 1773 249 1846 rosacei
272 1775 396 1870 panni,
423 1798 492 1871 que
520 1773 732 1848 ministravit
757 1773 948 1871 episcopus
975 1773 1193 1864 Cerviensis,
1222 1776 1331 1850 ctiam
1356 1799 1440 1850 suus

94 1898 365 1989 cubicularius,
396 1907 430 1974 et
454 1900 562 1973 vestis
593 1899 775 1996 longaex
809 1900 1061 1990 damaschino,
1092 1900 1120 1972 si
1148 1902 1242 1976 bene
1271 1903 1437 1994 memini,

94 2025 219 2098 rubeo
251 2025 307 2098 vel
331 2025 426 2098 albo.
462 2029 502 2098 lu
529 2025 600 2098 hoc
633 2024 764 2114 erravi;
795 2025 949 2098 debebat
973 2025 1070 2100 enim
1099 2026 1135 2098 iu
1167 2027 1292 2100 habitu
1325 2029 1438 2102 saneti

95 2149 302 2239 Fraucisci,
341 2152 443 2247 cujus
477 2149 642 2226 ordinem
678 2150 864 2246 professus
900 2157 994 2240 crat,
1026 2150 1188 2248 sepeliri,
1220 2153 1376 2250 desuper
1402 2154 1439 2226 in

91 2275 263 2350 vestibus
296 2275 409 2350 sacris
444 2274 729 2374 pontificalibus3
762 2282 909 2349 etcum
939 2299 1012 2349 non
1046 2277 1197 2350 haberet
1230 2277 1435 2366 rochetum,
1535 2307 1537 2312 ·

94 2425 227 2475 sacras
242 2409 358 2476 vestes
379 2425 487 2498 super
505 2400 692 2499 premissis
714 2400 781 2474 sibi
801 2401 1053 2499 imposuimus,
1075 2401 1247 2492 sandalia,
1265 2402 1437 2494 amictum

95 2527 239 2616 album,
264 2526 460 2624 cingulum,
487 2527 615 2600 stolam
640 2527 677 2598 iu
696 2527 843 2599 modum
868 2525 985 2600 crucis
1011 2531 1092 2600 ante
1112 2532 1238 2624 pectus
1258 2526 1341 2623 quia
1360 2550 1439 2600 cru·

96 2674 186 2726 cem
200 2652 418 2749 pastoralem
437 2653 572 2726 babere
596 2676 669 2724 non
693 2651 806 2748 potui,
824 2649 1044 2740 tunicellam,
1061 2587 1557 2860 ἂψ

96 2778 243 2867 thecas
266 2777 424 2850 casulum
444 2776 562 2850 albam
582 2775 792 2872 pretiosam,
814 2775 975 2873 pallium,
997 2775 1088 2878 mitr
1182 2777 1377 2874 implicem,
1402 2782 1438 2850 et

95 2901 249 2976 anulum
269 2926 351 2976 cum
372 2903 516 2999 saphiro
537 2901 755 3000 pretiosum,
776 2900 1163 2999 valoris,fut‘sacrista
1187 2901 1343 2990 dicebat,
1366 2906 1436 2975 300

95 3029 329 3118 ducatorum,
356 3027 479 3123 sicque
508 3032 672 3124 paratum
702 3050 810 3124 supra
836 3026 984 3115 lectum,
1017 3050 1125 3122 quem
1148 3049 1256 3123 supra
1279 3026 1435 3100 tabulam

96 3153 301 3250 predictam
321 3153 561 3226 ordinavimus
582 3175 664 3226 cum
685 3151 838 3225 cussinis
853 3151 897 3224 ad
918 3155 1038 3248 caput,
1060 3156 1095 3225 et
1110 3150 1217 3249 pallio
1232 3150 1433 3240 brucchati,

97 3280 136 3352 in
167 3279 287 3352 medio
315 3278 409 3352 dicte
445 3301 589 3352 camere
624 3277 809 3375 posuimus
838 3275 898 3348 ubi
933 3275 1065 3350 mansit
1092 3299 1204 3373 usque
1233 3275 1278 3350 ad
1305 3276 1433 3348 boram

97 3405 295 3501 sepvdture.
323 3403 516 3478 Sollicitari
542 3402 686 3478 interim
706 3402 776 3476 leci
800 3423 866 3499 pro
885 3399 1089 3484 intortioiis,
1111 3425 1179 3497 que
1201 3424 1283 3474 cum
1303 3425 1435 3498 magna

95 3527 309 3601 difficultate
339 3527 436 3600 circa
466 3528 594 3601 boram
621 3525 799 3600 decimam
829 3530 993 3621 quartam
1021 3524 1141 3598 habite
1171 3530 1254 3598 sunt
1281 3549 1432 3599 numero

95 3651 222 3747 viginti
239 3657 392 3742 tantum;
406 3651 533 3748 quibus
549 3651 759 3751 apportatis,
778 3651 911 3747 absque
928 3674 986 3740 eo,
1004 3651 1098 3746 quod
1114 3650 1257 3747 aliquod
1273 3650 1432 3724 osticium

95 3779 195 3851 circa
217 3779 423 3852 defunctum
447 3779 580 3852 dictum
601 3783 711 3866 esset,
732 3775 1010 3875 precedentibus
1031 3799 1138 3848 cruce
1159 3781 1194 3849 et
1210 3777 1429 3867 cantoribus,

92 3902 340 3999 penitentiarii
371 3910 406 3976 et
431 3902 639 3976 cubicularii
671 3907 901 4000 portaverunt
925 3900 1132 3974 defunctum
1156 3923 1268 3997 usque
1293 3900 1338 3974 ad
1361 3901 1432 3998 pri-

92 4049 194 4098 mam
210 4027 325 4099 aulam
341 4029 530 4124 majorem,
548 4026 713 4100 videlieet
732 4026 867 4122 palatii,
879 4025 937 4098 ubi
954 4033 1062 4098 erant·
1071 4007 1248 4116 canonici,
1267 4031 1303 4100 et
1318 4025 1430 4099 bene-

92 4151 221 4239 ficiati,
239 4176 281 4225 ac
296 4153 414 4226 clerus
430 4153 578 4227 basilice
599 4151 714 4225 sancti
737 4151 850 4240 Petri,
874 4152 918 4223 ab
939 4151 998 4222 illo
1017 4150 1099 4223 loco
1120 4173 1232 4246 usque
1253 4151 1297 4224 ad
1317 4149 1428 4224 altare

91 4277 213 4372 majus
232 4283 418 4374 portavere
440 4279 648 4352 defunctum
672 4277 836 4350 canonici
857 4275 1022 4373 predicti.
1046 4273 1236 4349 Processio
1256 4275 1350 4349 iacta
1374 4281 1429 4349 est

91 4425 162 4499 per
182 4401 315 4474 scalam
340 4409 376 4476 et
401 4404 551 4492 curiam,
573 4403 634 4476 ubi
654 4401 854 4476 cardinales
875 4400 992 4474 solent
1016 4400 1237 4473 descendere
1263 4399 1427 4473 exeundo

93 4547 162 4621 per
198 4531 338 4620 portam
376 4527 612 4624 principalem
650 4526 771 4625 palatii
808 4527 854 4598 ad
890 4525 1047 4598 mediam
1085 4524 1257 4621 plateam3
1294 4523 1427 4596 ibidem

93 4653 276 4722 vertentes
301 4675 422 4726 versus
454 4653 567 4725 scalas
596 4653 758 4740 basilice,
790 4649 982 4723 ecclesiam
1012 4673 1133 4721 sumus
1163 4647 1327 4744 ingressi.
1356 4651 1428 4720 De-

95 4782 237 4854 l'unctus
262 4781 399 4878 positus
424 4785 477 4852 est
502 4784 584 4852 ante
610 4777 720 4850 altare
750 4775 865 4871 majus
895 4775 930 4846 in
954 4774 1060 4870 plano
1086 4773 1270 4871 superiore
1294 4773 1425 4870 prime,

95 4905 224 4978 deinde
237 4905 450 5001 infra-caput
465 4926 607 4976 versum
623 4902 668 4975 ad
682 4901 807 4990 altare,
826 4907 862 4972 et
878 4899 987 4997 pedes
1004 4905 1104 4972 extra
1119 4904 1257 4995 gratam
1272 4897 1426 4971 terream

130 5180 156 5236 l.
177 5179 217 5237 De
230 5178 341 5238 l’italien
357 5201 372 5231 o
385 5179 489 5236 rumino
504 5201 519 5230 »
535 5161 685 5236 obaudron.
