3496 6056
72 477 331 545 [Sapramurastat]
417 475 543 536 RERUM
566 477 793 538 URBANARUM
818 481 1079 544 COMMENTARll.
1362 499 1414 554 103

72 635 157 708 loco
174 634 331 710 duomm
346 633 593 732 prefectorum
606 635 796 730 navalium,
816 639 875 738 qui
891 640 1085 738 antiquitus
1102 644 1228 720 haberi
1246 648 1410 725 solebant

77 765 114 834 et
126 759 203 832 hoc
220 765 384 856 tempure
399 780 473 833 uon
489 765 584 852 suut,
607 761 761 837 ordinati
782 763 923 840 lucrant
947 767 1088 842 duabus
1103 770 1313 867 pluvialibus
1326 775 1416 850 albis

76 883 209 974 induti,
239 891 427 983 aperturas
450 885 488 958 iu
513 887 653 984 spatula
683 887 832 964 dextera
857 891 1047 984 habentes,
1073 919 1155 969 eum
1176 897 1319 974 birretis
1343 903 1417 976 suis

75 1009 286 1102 consuetis3
303 1010 369 1084 sub
383 1010 597 1106 pluvialibus
613 1013 722 1087 etiam
736 1037 819 1088 suas
836 1023 953 1092 vestes
970 1019 1090 1094 solitas
1106 1021 1288 1097 habebant
1303 1025 1418 1102 hono.

78 1138 210 1222 rarias‚
225 1145 347 1212 tamen
363 1137 469 1212 simul
485 1145 672 1236 equestres
691 1139 919 1216 incedebant.

128 1267 307 1338 emtores
332 1264 494 1362 cappella
517 1273 640 1339 nostre
664 1268 924 1364 superpelliciis
944 1269 1070 1344 induti.
1096 1314 1144 1327 —
1166 1276 1357 1350 Secretarii
1378 1285 1414 1352 et

81 1389 249 1464 advocati
268 1390 408 1464 mixtim
427 1413 509 1464 cum
530 1391 603 1464 suis
623 1391 846 1489 pluvialibus
864 1437 913 1449 --
930 1397 1067 1495 acolyti
1075 1441 1086 1486 ,·
1106 1399 1225 1473 clerici
1247 1425 1410 1494 camere,

78 1515 268 1590 auditores
287 1524 384 1606 rote,
401 1538 528 1590 omnes
546 1516 580 1588 in
601 1516 703 1590 albis.
725 1561 774 1572 -
798 1519 1046 1595 Subdiaconus
1068 1521 1214 1615 latinus,
1237 1527 1411 1602 diaeonus

78 1649 115 1715 et
136 1642 381 1716 subdiaconus
402 1643 514 1740 greci,
537 1643 647 1718 sacris
668 1644 826 1718 restibus
845 1645 971 1738 induti,
998 1672 1153 1746 quorum
1173 1651 1314 1726 medius
1336 1659 1412 1728 erat

78 1769 270 1858 diaconus,
294 1791 316 1841 a
336 1768 493 1842 dexteris
513 1771 594 1866 ejus
611 1769 743 1844 latinus
759 1781 794 1844 ct
814 1793 835 1843 a
857 1771 1011 1848 sinistris
1032 1799 1162 1872 grecus
1187 1779 1409 1854 subdiaconi.

75 1937 125 1952 -
140 1895 301 1970 Abbates
323 1894 500 1970 forenses.
520 1939 569 1952 -
592 1897 770 1995 Episcopi.
795 1941 844 1954 -
865 1901 1150 2001 archiepiscopi.
1177 1947 1225 1960 -—
1246 1905 1412 2003 Episcopi

78 2025 176 2119 Pape
207 2020 429 2096 assistentes.
460 2063 509 2076 —
537 2021 695 2100 Abbates
726 2023 842 2097 Urbis.
869 2068 917 2080 -
946 2027 1167 2103 Patriarche.
1194 2073 1241 2086 —
1264 2031 1413 2106 Diacoui

79 2147 297 2222 cardinales.
315 2148 584 2248 -Presbyteri
601 2149 814 2224 cardinales.
839 2195 888 2206 --
904 2153 1072 2251 Episcopi
1088 2155 1307 2230 cardinales.

126 2278 208 2350 Duo
234 2273 378 2348 diaconi
403 2275 604 2350 cardinales
637 2279 734 2373 Pape
764 2277 990 2368 assistentes
1016 2278 1110 2352 iuter
1131 2305 1222 2377 quus
1244 2281 1413 2356 dominus

78 2403 256 2475 Senensis
287 2403 386 2499 prior
407 2425 535 2476 eorum
557 2401 617 2498 qui
643 2402 869 2499 evangelium
898 2403 1070 2478 inmissa
1098 2405 1238 2482 dixerat
1271 2405 1413 2481 medius

79 2533 168 2618 erat,
181 2533 374 2626 postquam
384 2527 655 2624 processionem
666 2529 759 2603 hauc
773 2529 967 2603 ordinavit.
979 2573 1025 2586 —
1041 2535 1150 2630 Papa,
1166 2534 1267 2630 cujus
1279 2558 1411 2630 equum

78 2656 258 2730 ducebant
274 2664 421 2728 senator
435 2662 470 2729 et
486 2661 759 2729 conservatores
776 2655 894 2746 Urbis,
919 2656 1004 2753 quia
1027 2657 1108 2731 laici
1125 2658 1309 2756 digniores
1326 2659 1412 2756 ipsis

77 2807 148 2857 uon
163 2781 418 2870 interfuerunt,
439 2780 505 2854 sub
521 2781 736 2854 baldachino
766 2782 863 2878 quod
894 2783 989 2856 cives
1009 2784 1146 2857 romani
1164 2785 1283 2882 capita
1298 2785 1414 2882 regio-

76 2932 160 2982 num
176 2915 214 2982 et
229 2907 288 2980 alii
303 2907 499 2982 nobiliores
512 2909 620 2999 cives,
648 2909 708 3005 qui
731 2907 904 2982 continuo
927 2908 963 2981 in
987 2910 1072 2983 satis
1093 2911 1242 3008 copioso
1261 2933 1413 2984 numero

79 3043 159 3110 aute
176 3037 312 3135 Papam
331 3033 562 3124 incedebant,
583 3059 696 3132 usque
717 3035 762 3109 ad
778 3037 995 3109 Lateranum
1011 3036 1214 3131 portabant.

126 3169 167 3238 Ι).
185 3163 373 3262 Philippus
389 3163 433 3237 de
450 3161 641 3238 Canonicis
662 3161 918 3252 Bononiensis,
943 3163 1091 3235 scutiler
1115 3167 1210 3260 Pape
1227 3169 1262 3236 et
1278 3185 1413 3236 mares-

82 3291 202 3382 callus,
229 3291 328 3366 curie
350 3291 518 3365 soldanus
539 3296 780 3387 nuncupatus,
802 3293 983 3385 equester,
1009 3288 1097 3362 duas
1124 3287 1312 3362 scarsellas
1338 3287 1409 3361 sive

83 3441 205 3492 saccos
227 3423 375 3492 monete
394 3415 561 3490 videlicet
581 3415 747 3504 carlonis,
777 3413 958 3503 baiochis,
989 3415 1173 3511 quatranis
1199 3421 1235 3488 et
1256 3413 1412 3490 denariis

81 3544 260 3643 plenosad
276 3543 402 3617 sellam
418 3543 499 3638 equi
512 3547 595 3615 ante
618 3564 656 3614 se
676 3541 828 3633 habens,
851 3541 1023 3638 pecunias
1041 3540 1251 3638 hujusmodi
1266 3541 1300 3614 iu
1317 3539 1407 3614 locis

81 3669 253 3768 deputatis
270 3677 305 3744 et
323 3669 415 3758 aliis,
432 3666 491 3742 ubi
508 3665 781 3765 oppressionem
796 3667 951 3756 videbat,
970 3667 1102 3764 populo
1119 3666 1344 3764 projiciebat.

128 3797 168 3866 n.
185 3793 362 3870 Antonius
377 3794 421 3867 de
439 3794 593 3883 Grassis,
606 3793 765 3866 decanus
781 3799 873 3882 rote,
891 3793 928 3866 in
944 3792 1209 3892 superpellicia,
1231 3791 1410 3868 tobaleam
1518 3787 1520 3790 ’

81 3919 124 3992 ad
146 3921 276 3995 collum
299 3921 440 3994 habens
469 3943 533 4018 pro
564 3919 683 4009 mitra,
709 3917 850 3993 medius
877 3919 971 3993 inter
1001 3923 1077 3992 ht).
1112 3919 1342 3994 Laurentium
1366 3919 1410 3994 de

82 4045 163 4118 llari
179 4053 214 4121 et
232 4047 494 4146 Hieronymum
508 4047 746 4144 Calagranum
762 4053 923 4119 secretos
939 4045 1178 4119 cubicularios
1194 4049 1305 4142 Pape.

127 4175 219 4246 Unus
236 4172 398 4248 servieus
415 4195 613 4262 armorum,
632 4149 814 4269 equester,
832 4171 1078 4246 umbraculum
1093 4177 1254 4268 portans.

126 4297 450 4388 Vicecamerarius‚
468 4298 637 4373 baculum
653 4299 689 4372 in
706 4322 815 4373 manu
829 4303 990 4396 portans,
1009 4303 1048 4372 ut
1066 4299 1230 4372 sacrista.

128 4425 276 4510 Quidam
291 4425 418 4524 prelati
434 4449 508 4500 non
526 4425 655 4522 parati.

126 4551 341 4644 Prutcuarii,
358 4552 394 4624 in
410 4573 536 4626 eorum
552 4551 688 4649 cappis.

124 4681 273 4755 Auditor
302 4678 606 4754 contradictarum
632 4683 668 4751 et
695 4683 880 4752 corrector
911 4677 1098 4751 literarum
1125 4675 1406 4775 apostolicarum
1477 4679 1487 4720 ‘

86 4801 245 4880 hocloco
280 4829 354 4878 non
378 4803 611 4897 incedebant,
650 4827 733 4878 cunr
757 4804 900 4878 auditor
926 4809 1022 4878 essct
1045 4801 1340 4902 archiepiscopus
1370 4808 1406 4875 et

86 4927 160 5003 alius
174 4955 248 5005 nnc
268 4931 424 5007 adesset.

124 5059 253 5132 Omnes
268 5056 379 5156 togati
395 5055 562 5150 curialeS,
581 5055 640 5154 qui
656 5057 836 5150 volebant,
856 5055 1112 5154 sequebantur.

125 5185 197 5258 lloc
212 5183 338 5258 ordine
354 5183 399 5258 ad
414 5187 631 5258 Lateranum
647 5191 701 5258 est
717 5189 942 5282 perventum.
