3424 6038
70 474 142 542 [ler
157 475 230 541 litt]
404 475 531 534 nabunt
555 473 783 537 URBANARUM
806 475 1068 536 COMMENTARN.
1336 481 1387 542 ml

64 632 182 702 Rmus.
202 632 248 702 D.
269 625 460 706 cardinalis
480 629 652 706 Senensis
673 631 759 706 uidit
781 633 852 707 hoc
876 655 921 708 ox
936 631 1164 730 simplicitate
1179 655 1222 709 ac
1236 633 1390 732 puritate

63 753 198 851 pretato
211 753 374 829 senatori
390 753 566 849 evenisse,
589 755 745 830 obtinuit
768 755 926 856 desuper
948 781 1015 856 per
1034 761 1097 834 88.
1118 763 1162 836 D.
1185 762 1227 833 N.
1243 760 1391 835 oraculo

63 881 131 954 vise
146 878 249 955 vocis
266 903 351 954 eum
367 901 411 956 eo
426 879 626 977 dispensari
643 887 679 956 et
694 904 793 974 eum,
805 879 936 958 haustu
946 881 1109 982 predicto
1121 903 1194 959 non
1208 884 1388 978 obstante,

63 1007 338 1100 communicari,
377 1029 505 1084 omnes
539 1013 715 1104 quotquot
746 1013 933 1082 venerunt.
964 1005 1104 1082 Deinde
1131 1008 1319 1084 descondit
1346 1009 1392 1084 ad

62 1132 167 1208 altare
181 1139 220 1208 et
236 1131 393 1232 persenit
408 1131 572 1207 otticium
590 1157 598 1206 :
618 1129 763 1206 interim
777 1131 875 1230 quod
890 1135 987 1231 Pap'a
1000 1131 1172 1231 populum
1187 1134 1392 1208 communi-

62 1265 154 1333 carat
166 1257 355 1333 mandavit
369 1258 501 1356 populo
524 1257 665 1333 ostendi
680 1255 814 1332 vultum
829 1263 1007 1349 sanctum,
1024 1265 1078 1349 ut,
1098 1257 1159 1332 illo
1173 1257 1263 1350 viso,
1280 1283 1393 1358 popu·

60 1384 111 1458 lus
133 1383 335 1458 ecclesiam
355 1383 483 1474 exiret,
501 1388 610 1481 prout
631 1382 767 1458 iactum
792 1390 860 1458 est.
883 1387 992 1481 Papa,
1008 1381 1046 1456 in
1070 1382 1142 1458 fine
1164 1383 1275 1459 misse
1294 1383 1393 1460 dedit

61 1508 355 1584 benedictionem
377 1515 414 1584 et
436 1531 511 1582 non
536 1506 792 1606 indulgentias,
815 1515 852 1584 et
873 1511 1015 1583 retento
1039 1507 1147 1606 pallio
1169 1515 1392 1608 acceptoque

60 1655 167 1732 ragno
199 1631 523 1734 processionaliter
555 1634 622 1708 sub
654 1631 884 1724 baldachino,
915 1631 1062 1732 prelatis
1086 1639 1123 1709 at
1150 1634 1391 1711 cardinalibus

60 1759 190 1858 paratis
212 1758 511 1860 precedentibus
542 1779 607 1856 per
636 1781 764 1834 navem
792 1759 911 1834 vultus
938 1761 1053 1835 saneti
1080 1759 1141 1858 qui
1169 1759 1301 1837 iterum
1326 1761 1393 1838 suit

60 1893 225 1962 ostensus
240 1911 250 1977 3
282 1909 326 1962 eo
349 1885 443 1979 viso,
471 1883 634 1960 ascendit
651 1877 698 1959 ad
716 1883 1010 1960 benedictionem
1029 1885 1090 1960 ubi
1108 1885 1242 1985 populo
1258 1887 1392 1962 sclem-

60 2007 373 2112 niter‘benedixit3
392 2016 470 2087 erat
491 2017 613 2086 autem
628 2007 782 2108 populus
798 2009 835 2084 in
849 2033 1002 2088 numero
1018 2010 1181 2109 copioso.
1213 2012 1392 2088 Benedic-

60 2138 152 2214 tionc
170 2139 273 2225 data,
293 2137 398 2212 rediit
413 2137 459 2211 ad
474 2135 659 2235 palatium,
677 2135 871 2210 licentiatis
886 2135 922 2209 in
939 2135 1039 2210 curia
1056 2135 1312 2213 cardinalibus.

106 2263 214 2340 Feria
244 2261 419 2353 secunda,
444 2261 618 2336 tmensis
641 2259 778 2360 aprilis,
806 2263 870 2336 88.
893 2264 937 2336 Ι).
962 2264 1004 2337 Ν.
1029 2267 1189 2361 paratus,
1222 2269 1262 2338 ut
1280 2263 1392 2339 moris

61 2399 124 2483 est,
141 2390 246 2466 venit
263 2389 308 2464 ad
323 2387 499 2486 capellam
520 2409 703 2485 magnam,
728 2385 789 2460 ubi
804 2391 928 2462 Rmus.
945 2389 987 2460 1).
1006 2386 1197 2463 cardinalis
1222 2387 1393 2464 Mediola-

61 2517 180 2592 nensis
196 2516 396 2593 celebravit
409 2515 572 2607 missam,
588 2521 695 2614 prout
709 2513 746 2589 in
761 2513 961 2606 ordinari03
980 2521 1015 2590 et
1030 2537 1104 2589 non
1118 2514 1185 2590 suit
1206 2535 1342 2588 sermo.
1425 2565 1426 2570 ,

106 2645 183 2718 Noc
200 2665 314 2735 anno,
332 2665 416 2718 cum
431 2665 497 2741 per
511 2646 740 2716 astronomos
764 2639 858 2715 iacta
872 2646 970 2716 esset
992 2638 1195 2733 calculatio,
1213 2647 1251 2715 et
1265 2663 1391 2739 reper-

62 2774 131 2841 tum
143 2767 244 2842 male
263 2768 396 2843 festum
406 2767 544 2842 Pascha
558 2769 580 2839 6
595 2767 705 2865 hujus
721 2763 897 2840 celebrari
912 2765 1058 2858 debere,
1069 2763 1129 2839 alii
1145 2765 1307 2840 dicentes
1322 2787 1389 2863 per

61 2893 142 2969 istos
157 2899 336 2985 arratum,
354 2893 561 2984 noluemnt,
580 2893 688 2992 juxta
703 2891 863 2967 debitum
885 2915 1032 2966 cursum
1051 2891 1150 2983 lune,
1169 2890 1300 2966 testum
1317 2890 1387 2964 hu-

59 3020 212 3116 jusmodi
225 3025 273 3095 30
284 3017 403 3094 martii
417 3018 589 3094 celebrari
599 3017 832 3117 oportere;et
844 3017 894 3094 ita
905 3017 1058 3116 proponi
1069 3017 1231 3092 iecerunt
1241 3013 1388 3112 quidam

64 3145 122 3218 88.
134 3147 176 3220 n.
190 3149 236 3220 N.
248 3145 345 3243 quod
357 3151 678 3244 propterarrorom
693 3143 834 3234 calculi,
850 3143 981 3219 testum
995 3141 1197 3240 predictum
1210 3145 1256 3216 30
1268 3141 1388 3216 martii

63 3271 234 3346 celebrari
263 3270 464 3347 mandaret.
489 3269 562 3344 Sed
583 3269 668 3368 quia
689 3268 733 3343 dc
757 3271 880 3344 errore
901 3257 1131 3367 hujusmodi,
1142 3265 1172 3340 si
1188 3289 1291 3342 orror
1305 3265 1384 3358 init,

65 3395 122 3470 88.
145 3399 189 3470 Ι).
216 3399 261 3471 N.
287 3395 389 3470 tarde
413 3395 481 3470 iuit
500 3393 668 3488 avisatus,
691 3393 856 3469 videlicet
883 3395 978 3470 circa
1006 3393 1168 3469 medium
1192 3391 1391 3490 quadrage·

65 3517 161 3609 sime,
192 3519 311 3594 uisum
340 3525 395 3594 est
419 3519 541 3618 potius
572 3519 740 3595 tollerare
775 3518 873 3616 quod
901 3520 1040 3594 Pascha
1077 3523 1100 3592 b
1129 3517 1386 3606 celebraretur,

65 3666 167 3740 quum
183 3667 302 3736 error,
319 3643 443 3743 paucis
457 3650 579 3737 notus,
602 3650 698 3720 esset
712 3642 861 3718 demum
876 3643 1058 3735 omnibus,
1075 3663 1185 3740 quam
1199 3641 1286 3716 illud
1300 3640 1390 3715 anti·

66 3765 177 3866 cipere
196 3777 236 3845 et
254 3769 568 3868 quadragesimam
590 3775 784 3868 propterea
808 3767 1032 3860 abbreviare3
1060 3767 1119 3866 qui
1139 3790 1243 3843 error
1266 3772 1388 3842 tamon

66 3896 226 3971 omuibus
242 3895 308 3970 luit
321 3894 537 3970 manifestus
558 3893 569 3995 (
593 3895 618 3995 ).

109 4019 211 4096 Faria
225 4021 332 4096 tertia
352 4020 506 4110 Pascha,
525 4025 546 4096 8
562 4021 698 4097 mansis
714 4020 850 4119 aprilis,
869 4023 934 4096 88.
961 4023 1004 4096 Ι).
1026 4024 1069 4096 N.
1085 4043 1186 4095 more
1211 4023 1384 4094 consueto

65 4153 202 4241 paratus
218 4145 316 4222 venit
329 4147 376 4222 ad
394 4148 570 4246 capellam
585 4148 777 4246 majorem,
796 4147 858 4222 ubi
873 4151 998 4222 Rmus,
1015 4151 1057 4222 1).
1078 4145 1269 4221 cardinalis
1293 4145 1385 4220 Ulix-

66 4268 230 4348 bonensis
250 4273 446 4350 celebrarit
464 4271 626 4349 oitic'ium
641 4295 744 4347 more
763 4280 939 4348 consueto
959 4280 995 4348 et
1014 4297 1087 4348 non
1107 4271 1175 4346 suit
1193 4293 1331 4361 sermo;
1349 4275 1385 4344 et

67 4395 143 4489 quia
164 4401 290 4473 limus.
321 4403 365 4474 Ι).
395 4395 584 4474 cardinalis
612 4419 642 4470 s.
675 4395 771 4471 Petri
795 4377 1012 4474 adVincula
1031 4395 1175 4494 scripsit
1203 4394 1311 4470 hodic
1340 4417 1385 4468 ex

67 4519 221 4598 Ostiense
240 4522 382 4600 ciuitate
398 4545 437 4600 sa
451 4527 602 4598 Romam
618 4519 831 4615 rediturum,
846 4521 969 4620 plures
991 4545 1035 4598 ex
1052 4519 1195 4596 NRmis.
1215 4522 1291 4594 DI).
1309 4541 1385 4594 car·

67 4641 248 4741 dinalibuS,
270 4655 419 4747 peracto
434 4647 599 4748 prandio,
618 4645 825 4746 equitarunt
840 4647 873 4721 ai
889 4647 1043 4722 obviam.
1059 4649 1150 4722 Nam
1165 4643 1290 4719 RRmi.
1305 4645 1380 4717 DD.

67 4767 383 4868 vicecancellarius,
399 4774 669 4873 Neapolitanus,
690 4797 720 4846 s.
739 4771 863 4864 Marci,
882 4797 911 4847 s.
929 4773 1056 4871 hirgeli
1078 4778 1114 4849 et
1128 4773 1173 4847 de
1189 4773 1288 4844 Fuxo
1303 4791 1384 4845 car-

98 4997 119 5054 i.
134 4997 184 5058 Les
196 5007 368 5060 astronomos
380 5015 411 5060 sc
425 4999 599 5076 tmmpaient,
615 5000 725 5074 Ptquss
739 4998 854 5058 tombcit
867 5014 901 5056 cn
916 4995 980 5056 etiet
993 4993 1018 5054 la
1033 4997 1049 5053 d
1064 4993 1141 5053 arrii.
1153 4993 1224 5070 ch.
1240 4991 1280 5051 les
1294 4989 1383 5052 tnbles

65 5083 94 5140 de
107 5085 176 5144 l’lrc
188 5091 225 5147 da
241 5089 358 5166 clrifier
374 5091 415 5148 tes
433 5093 524 5156 dates,
540 5095 561 5148 t.
578 5090 600 5159 1,
615 5107 643 5165 p.
658 5091 695 5146 22
714 5094 741 5147 et
757 5091 787 5148 5)
802 5106 808 5158 ;
831 5095 859 5146 et
877 5087 917 5145 les
935 5083 1125 5146 observatione
1149 5083 1268 5159 d'brago
1292 5099 1340 5141 sur
1356 5079 1382 5140 la

65 5171 165 5236 ilmtion
179 5180 212 5239 da
225 5181 343 5258 quucs.
359 5181 538 5240 astronomia
546 5180 714 5255 populatre,
729 5185 750 5237 t.
768 5175 817 5252 lV,
832 5195 861 5254 p.
875 5175 939 5237 702.
