<?xml version="1.0" encoding="UTF-8"?>
<!DOCTYPE html PUBLIC "-//W3C//DTD XHTML 1.0 Transitional//EN"
    "http://www.w3.org/TR/xhtml1/DTD/xhtml1-transitional.dtd">
<html xmlns="http://www.w3.org/1999/xhtml" xml:lang="en" lang="en">
 <head>
  <title>
</title>
<meta http-equiv="Content-Type" content="text/html;charset=utf-8" />
  <meta name='ocr-system' content='tesseract 3.04.00' />
  <meta name='ocr-capabilities' content='ocr_page ocr_carea ocr_par ocr_line ocrx_word'/>
</head>
<body>
  <div class='ocr_page' id='page_1' title='image "./johannisburchar02burcgoog/johannisburchar02burcgoog_0427.png"; bbox 0 0 3422 6034; ppageno 0'>
   <div class='ocr_carea' id='block_1_1' title="bbox 349 461 1705 594">
    <p class='ocr_par' dir='ltr' id='par_1_1' title="bbox 349 461 1705 594">
     <span class='ocr_line' id='line_1_1' title="bbox 349 461 1705 560; baseline 0.007 -42"><span class='ocrx_word' id='word_1_1' title='bbox 349 461 403 518; x_wconf 73' lang='lat' dir='ltr'>lla</span> <span class='ocrx_word' id='word_1_2' title='bbox 766 521 768 524; x_wconf 77' lang='grc'><strong>,</strong></span> <span class='ocrx_word' id='word_1_3' title='bbox 806 463 980 520; x_wconf 88' lang='lat' dir='ltr'>lOHANNlS</span> <span class='ocrx_word' id='word_1_4' title='bbox 1005 463 1227 532; x_wconf 81' lang='lat' dir='ltr'>BURCHARDI,</span> <span class='ocrx_word' id='word_1_5' title='bbox 1532 463 1588 538; x_wconf 76' lang='lat' dir='ltr'>[Mei</span> <span class='ocrx_word' id='word_1_6' title='bbox 1601 471 1657 542; x_wconf 69' lang='lat' dir='ltr'>tlte]</span> <span class='ocrx_word' id='word_1_7' title='bbox 1704 507 1705 560; x_wconf 45' lang='lat' dir='ltr'>p</span> 
     </span>
     <span class='ocr_line' id='line_1_2' title="bbox 1704 563 1705 594; baseline 0 0"><span class='ocrx_word' id='word_1_8' title='bbox 1704 563 1705 594; x_wconf 84' lang='lat' dir='ltr'>l</span> 
     </span>
    </p>
   </div>
   <div class='ocr_carea' id='block_1_2' title="bbox 254 603 1660 5240">
    <p class='ocr_par' dir='ltr' id='par_1_2' title="bbox 325 603 1705 1952">
     <span class='ocr_line' id='line_1_3' title="bbox 348 603 1659 715; baseline 0.003 -25"><span class='ocrx_word' id='word_1_9' title='bbox 348 617 454 706; x_wconf 88' lang='lat' dir='ltr'>cisse,</span> <span class='ocrx_word' id='word_1_10' title='bbox 476 640 584 714; x_wconf 91' lang='lat' dir='ltr'>super</span> <span class='ocrx_word' id='word_1_11' title='bbox 601 641 673 712; x_wconf 92' lang='lat' dir='ltr'>quo</span> <span class='ocrx_word' id='word_1_12' title='bbox 689 603 868 691; x_wconf 70' lang='lat' dir='ltr'>Sanctitas</span> <span class='ocrx_word' id='word_1_13' title='bbox 883 641 949 691; x_wconf 87' lang='lat' dir='ltr'>sun</span> <span class='ocrx_word' id='word_1_14' title='bbox 963 641 1089 692; x_wconf 90' lang='lat' dir='ltr'>secum</span> <span class='ocrx_word' id='word_1_15' title='bbox 1108 615 1352 715; x_wconf 71' lang='lat' dir='ltr'>dispensabat,</span> <span class='ocrx_word' id='word_1_16' title='bbox 1378 615 1408 688; x_wconf 91' lang='lat' dir='ltr'>si</span> <span class='ocrx_word' id='word_1_17' title='bbox 1428 616 1588 692; x_wconf 83' lang='lat' dir='ltr'>scivisset</span> <span class='ocrx_word' id='word_1_18' title='bbox 1604 623 1659 694; x_wconf 85' lang='lat' dir='ltr'>Pa·</span> 
     </span>
     <span class='ocr_line' id='line_1_4' title="bbox 346 742 1658 842; baseline 0.002 -25"><span class='ocrx_word' id='word_1_19' title='bbox 346 767 430 842; x_wconf 90' lang='lat' dir='ltr'>pam</span> <span class='ocrx_word' id='word_1_20' title='bbox 445 765 569 817; x_wconf 88' lang='lat' dir='ltr'>secum</span> <span class='ocrx_word' id='word_1_21' title='bbox 591 742 901 840; x_wconf 66' lang='lat' dir='ltr'>dispensaturum</span> <span class='ocrx_word' id='word_1_22' title='bbox 922 744 986 819; x_wconf 90' lang='lat' dir='ltr'>sed</span> <span class='ocrx_word' id='word_1_23' title='bbox 1006 767 1089 817; x_wconf 92' lang='lat' dir='ltr'>cum</span> <span class='ocrx_word' id='word_1_24' title='bbox 1103 745 1181 842; x_wconf 89' lang='lat' dir='ltr'>jam</span> <span class='ocrx_word' id='word_1_25' title='bbox 1201 744 1324 818; x_wconf 89' lang='lat' dir='ltr'>omnio</span> <span class='ocrx_word' id='word_1_26' title='bbox 1338 751 1550 840; x_wconf 86' lang='lat' dir='ltr'>paramenta</span> <span class='ocrx_word' id='word_1_27' title='bbox 1563 746 1658 820; x_wconf 88' lang='lat' dir='ltr'>babe-</span> 
     </span>
     <span class='ocr_line' id='line_1_5' title="bbox 346 867 1657 964; baseline 0.004 -24"><span class='ocrx_word' id='word_1_28' title='bbox 346 874 414 957; x_wconf 90' lang='lat' dir='ltr'>ret,</span> <span class='ocrx_word' id='word_1_29' title='bbox 436 873 473 942; x_wconf 90' lang='lat' dir='ltr'>et</span> <span class='ocrx_word' id='word_1_30' title='bbox 490 867 624 942; x_wconf 82' lang='lat' dir='ltr'><strong>ibidem</strong></span> <span class='ocrx_word' id='word_1_31' title='bbox 639 868 675 940; x_wconf 90' lang='lat' dir='ltr'>in</span> <span class='ocrx_word' id='word_1_32' title='bbox 691 867 833 964; x_wconf 88' lang='lat' dir='ltr'>publico</span> <span class='ocrx_word' id='word_1_33' title='bbox 854 874 962 958; x_wconf 88' lang='lat' dir='ltr'>esset,</span> <span class='ocrx_word' id='word_1_34' title='bbox 985 869 1051 942; x_wconf 89' lang='lat' dir='ltr'>sibi</span> <span class='ocrx_word' id='word_1_35' title='bbox 1068 868 1182 942; x_wconf 84' lang='lat' dir='ltr'>videri</span> <span class='ocrx_word' id='word_1_36' title='bbox 1206 867 1439 942; x_wconf 89' lang='lat' dir='ltr'>collationem</span> <span class='ocrx_word' id='word_1_37' title='bbox 1461 869 1578 945; x_wconf 89' lang='lat' dir='ltr'>facere</span> <span class='ocrx_word' id='word_1_38' title='bbox 1598 895 1657 944; x_wconf 89' lang='lat' dir='ltr'>nou</span> 
     </span>
     <span class='ocr_line' id='line_1_6' title="bbox 346 993 1657 1092; baseline 0.001 -23"><span class='ocrx_word' id='word_1_39' title='bbox 346 994 552 1081; x_wconf 87' lang='lat' dir='ltr'>convenire,</span> <span class='ocrx_word' id='word_1_40' title='bbox 570 1015 777 1066; x_wconf 88' lang='lat' dir='ltr'>sermonem</span> <span class='ocrx_word' id='word_1_41' title='bbox 797 1000 918 1067; x_wconf 88' lang='lat' dir='ltr'>autem</span> <span class='ocrx_word' id='word_1_42' title='bbox 936 1001 1128 1092; x_wconf 88' lang='lat' dir='ltr'>expectare</span> <span class='ocrx_word' id='word_1_43' title='bbox 1145 1016 1219 1068; x_wconf 93' lang='lat' dir='ltr'>non</span> <span class='ocrx_word' id='word_1_44' title='bbox 1238 1016 1359 1091; x_wconf 87' lang='lat' dir='ltr'>possa,</span> <span class='ocrx_word' id='word_1_45' title='bbox 1380 993 1470 1068; x_wconf 86' lang='lat' dir='ltr'>alias</span> <span class='ocrx_word' id='word_1_46' title='bbox 1495 995 1657 1070; x_wconf 86' lang='lat' dir='ltr'>celebrare</span> 
     </span>
     <span class='ocr_line' id='line_1_7' title="bbox 325 1119 1657 1220; baseline 0.001 -26"><span class='ocrx_word' id='word_1_47' title='bbox 325 1143 418 1220; x_wconf 61' lang='lat' dir='ltr'>juon</span> <span class='ocrx_word' id='word_1_48' title='bbox 433 1119 540 1193; x_wconf 89' lang='lat' dir='ltr'>vellet</span> <span class='ocrx_word' id='word_1_49' title='bbox 559 1119 623 1194; x_wconf 91' lang='lat' dir='ltr'>sed</span> <span class='ocrx_word' id='word_1_50' title='bbox 644 1119 764 1215; x_wconf 91' lang='lat' dir='ltr'>potius</span> <span class='ocrx_word' id='word_1_51' title='bbox 789 1126 999 1215; x_wconf 86' lang='lat' dir='ltr'>paramenta</span> <span class='ocrx_word' id='word_1_52' title='bbox 1019 1120 1218 1210; x_wconf 90' lang='lat' dir='ltr'>dimittere;</span> <span class='ocrx_word' id='word_1_53' title='bbox 1238 1126 1432 1217; x_wconf 86' lang='lat' dir='ltr'>propterea</span> <span class='ocrx_word' id='word_1_54' title='bbox 1457 1143 1518 1194; x_wconf 90' lang='lat' dir='ltr'>me</span> <span class='ocrx_word' id='word_1_55' title='bbox 1547 1123 1657 1195; x_wconf 88' lang='lat' dir='ltr'>iterum</span> 
     </span>
     <span class='ocr_line' id='line_1_8' title="bbox 344 1244 1658 1343; baseline 0.002 -26"><span class='ocrx_word' id='word_1_56' title='bbox 344 1269 410 1343; x_wconf 92' lang='lat' dir='ltr'>pro</span> <span class='ocrx_word' id='word_1_57' title='bbox 437 1245 693 1319; x_wconf 82' lang='lat' dir='ltr'>commissione</span> <span class='ocrx_word' id='word_1_58' title='bbox 716 1244 879 1339; x_wconf 92' lang='lat' dir='ltr'>predicta</span> <span class='ocrx_word' id='word_1_59' title='bbox 895 1246 941 1319; x_wconf 89' lang='lat' dir='ltr'>ad</span> <span class='ocrx_word' id='word_1_60' title='bbox 962 1247 1172 1343; x_wconf 85' lang='lat' dir='ltr'>pontificem</span> <span class='ocrx_word' id='word_1_61' title='bbox 1196 1245 1337 1318; x_wconf 89' lang='lat' dir='ltr'>remisit</span> <span class='ocrx_word' id='word_1_62' title='bbox 1355 1245 1596 1340; x_wconf 74' lang='lat' dir='ltr'>quitantiam,</span> <span class='ocrx_word' id='word_1_63' title='bbox 1614 1247 1658 1320; x_wconf 88' lang='lat' dir='ltr'>bis</span> 
     </span>
     <span class='ocr_line' id='line_1_9' title="bbox 346 1369 1658 1470; baseline 0.002 -26"><span class='ocrx_word' id='word_1_64' title='bbox 346 1371 550 1460; x_wconf 75' lang='lat' dir='ltr'>intellectis,</span> <span class='ocrx_word' id='word_1_65' title='bbox 577 1393 623 1444; x_wconf 88' lang='lat' dir='ltr'>an</span> <span class='ocrx_word' id='word_1_66' title='bbox 645 1394 765 1445; x_wconf 90' lang='lat' dir='ltr'>sermo</span> <span class='ocrx_word' id='word_1_67' title='bbox 794 1371 920 1446; x_wconf 90' lang='lat' dir='ltr'>baberi</span> <span class='ocrx_word' id='word_1_68' title='bbox 947 1372 1077 1446; x_wconf 89' lang='lat' dir='ltr'>debeat</span> <span class='ocrx_word' id='word_1_69' title='bbox 1104 1371 1161 1446; x_wconf 88' lang='lat' dir='ltr'>vel</span> <span class='ocrx_word' id='word_1_70' title='bbox 1184 1393 1256 1443; x_wconf 92' lang='lat' dir='ltr'>non</span> <span class='ocrx_word' id='word_1_71' title='bbox 1285 1369 1525 1444; x_wconf 84' lang='lat' dir='ltr'>cardinalium</span> <span class='ocrx_word' id='word_1_72' title='bbox 1543 1372 1658 1470; x_wconf 86' lang='lat' dir='ltr'>judicio</span> 
     </span>
     <span class='ocr_line' id='line_1_10' title="bbox 345 1497 1657 1595; baseline 0.003 -24"><span class='ocrx_word' id='word_1_73' title='bbox 345 1499 540 1588; x_wconf 85' lang='lat' dir='ltr'>commisit,</span> <span class='ocrx_word' id='word_1_74' title='bbox 560 1501 621 1595; x_wconf 89' lang='lat' dir='ltr'>qui</span> <span class='ocrx_word' id='word_1_75' title='bbox 643 1500 904 1574; x_wconf 88' lang='lat' dir='ltr'>commiserunt</span> <span class='ocrx_word' id='word_1_76' title='bbox 925 1521 1133 1571; x_wconf 90' lang='lat' dir='ltr'>sermonem</span> <span class='ocrx_word' id='word_1_77' title='bbox 1157 1499 1275 1572; x_wconf 88' lang='lat' dir='ltr'>omitti</span> <span class='ocrx_word' id='word_1_78' title='bbox 1295 1497 1429 1572; x_wconf 90' lang='lat' dir='ltr'>debere</span> <span class='ocrx_word' id='word_1_79' title='bbox 1449 1525 1456 1574; x_wconf 96' lang='lat'><strong>:</strong></span> <span class='ocrx_word' id='word_1_80' title='bbox 1480 1499 1657 1574; x_wconf 87' lang='lat' dir='ltr'>siclaetuu</span> 
     </span>
     <span class='ocr_line' id='line_1_11' title="bbox 346 1599 1659 1723; baseline 0 -25"><span class='ocrx_word' id='word_1_81' title='bbox 346 1630 413 1698; x_wconf 91' lang='lat' dir='ltr'>est.</span> <span class='ocrx_word' id='word_1_82' title='bbox 431 1628 471 1697; x_wconf 90' lang='lat' dir='ltr'>lu</span> <span class='ocrx_word' id='word_1_83' title='bbox 486 1625 597 1698; x_wconf 90' lang='lat' dir='ltr'>missa</span> <span class='ocrx_word' id='word_1_84' title='bbox 609 1625 732 1699; x_wconf 89' lang='lat' dir='ltr'>omnia</span> <span class='ocrx_word' id='word_1_85' title='bbox 746 1631 827 1699; x_wconf 88' lang='lat' dir='ltr'>acta</span> <span class='ocrx_word' id='word_1_86' title='bbox 839 1630 922 1698; x_wconf 88' lang='lat' dir='ltr'>sunt</span> <span class='ocrx_word' id='word_1_87' title='bbox 933 1599 1038 1698; x_wconf 65' lang='lat' dir='ltr'>⁸more</span> <span class='ocrx_word' id='word_1_88' title='bbox 1054 1625 1177 1713; x_wconf 88' lang='lat' dir='ltr'>solito;</span> <span class='ocrx_word' id='word_1_89' title='bbox 1195 1625 1232 1697; x_wconf 93' lang='lat' dir='ltr'>in</span> <span class='ocrx_word' id='word_1_90' title='bbox 1247 1625 1334 1714; x_wconf 90' lang='lat' dir='ltr'>fine,</span> <span class='ocrx_word' id='word_1_91' title='bbox 1355 1625 1547 1700; x_wconf 88' lang='lat' dir='ltr'>celebrans</span> <span class='ocrx_word' id='word_1_92' title='bbox 1561 1625 1659 1723; x_wconf 89' lang='lat' dir='ltr'>publi·</span> 
     </span>
     <span class='ocr_line' id='line_1_12' title="bbox 346 1749 1660 1850; baseline 0.002 -28"><span class='ocrx_word' id='word_1_93' title='bbox 346 1749 437 1824; x_wconf 87' lang='lat' dir='ltr'>cavit</span> <span class='ocrx_word' id='word_1_94' title='bbox 453 1749 696 1847; x_wconf 83' lang='lat' dir='ltr'>indulgentias</span> <span class='ocrx_word' id='word_1_95' title='bbox 711 1759 851 1849; x_wconf 90' lang='lat' dir='ltr'>septem</span> <span class='ocrx_word' id='word_1_96' title='bbox 869 1772 1046 1825; x_wconf 90' lang='lat' dir='ltr'>annerum</span> <span class='ocrx_word' id='word_1_97' title='bbox 1066 1756 1103 1824; x_wconf 90' lang='lat' dir='ltr'>et</span> <span class='ocrx_word' id='word_1_98' title='bbox 1116 1749 1268 1824; x_wconf 86' lang='lat' dir='ltr'>totidem</span> <span class='ocrx_word' id='word_1_99' title='bbox 1284 1751 1597 1850; x_wconf 83' lang='lat' dir='ltr'>quadragenarum</span> <span class='ocrx_word' id='word_1_100' title='bbox 1609 1777 1660 1848; x_wconf 84' lang='lat' dir='ltr'>per</span> 
     </span>
     <span class='ocr_line' id='line_1_13' title="bbox 346 1877 874 1952; baseline 0.004 -4"><span class='ocrx_word' id='word_1_101' title='bbox 346 1877 409 1949; x_wconf 85' lang='lat' dir='ltr'>SS.</span> <span class='ocrx_word' id='word_1_102' title='bbox 428 1879 471 1949; x_wconf 85' lang='lat' dir='ltr'>b.</span> <span class='ocrx_word' id='word_1_103' title='bbox 489 1882 653 1950; x_wconf 92' lang='lat' dir='ltr'>nostrum</span> <span class='ocrx_word' id='word_1_104' title='bbox 669 1901 874 1952; x_wconf 91' lang='lat' dir='ltr'>concessas.</span> 
     </span>
    </p>

    <p class='ocr_par' dir='ltr' id='par_1_3' title="bbox 344 2001 1660 3734">
     <span class='ocr_line' id='line_1_14' title="bbox 397 2001 1659 2101; baseline 0.006 -27"><span class='ocrx_word' id='word_1_105' title='bbox 397 2002 522 2074; x_wconf 89' lang='lat' dir='ltr'>Notavi</span> <span class='ocrx_word' id='word_1_106' title='bbox 543 2003 707 2100; x_wconf 88' lang='lat' dir='ltr'>superius</span> <span class='ocrx_word' id='word_1_107' title='bbox 727 2004 788 2077; x_wconf 90' lang='lat' dir='ltr'>SS.</span> <span class='ocrx_word' id='word_1_108' title='bbox 815 2007 857 2076; x_wconf 89' lang='lat' dir='ltr'>D.</span> <span class='ocrx_word' id='word_1_109' title='bbox 877 2005 920 2076; x_wconf 92' lang='lat' dir='ltr'>N.</span> <span class='ocrx_word' id='word_1_110' title='bbox 939 2024 1070 2100; x_wconf 86' lang='lat' dir='ltr'>papam</span> <span class='ocrx_word' id='word_1_111' title='bbox 1084 2001 1306 2100; x_wconf 89' lang='lat' dir='ltr'>principibus</span> <span class='ocrx_word' id='word_1_112' title='bbox 1327 2003 1521 2101; x_wconf 82' lang='lat' dir='ltr'>scripsisse</span> <span class='ocrx_word' id='word_1_113' title='bbox 1543 2013 1581 2080; x_wconf 90' lang='lat' dir='ltr'>ut</span> <span class='ocrx_word' id='word_1_114' title='bbox 1594 2029 1659 2082; x_wconf 88' lang='lat' dir='ltr'>ora·</span> 
     </span>
     <span class='ocr_line' id='line_1_15' title="bbox 347 2126 1656 2229; baseline 0.002 -28"><span class='ocrx_word' id='word_1_115' title='bbox 347 2135 443 2201; x_wconf 88' lang='lat' dir='ltr'>tores</span> <span class='ocrx_word' id='word_1_116' title='bbox 459 2149 545 2201; x_wconf 89' lang='lat' dir='ltr'>suos</span> <span class='ocrx_word' id='word_1_117' title='bbox 560 2126 605 2200; x_wconf 91' lang='lat' dir='ltr'>ad</span> <span class='ocrx_word' id='word_1_118' title='bbox 621 2128 855 2202; x_wconf 81' lang='lat' dir='ltr'>sanctitatem</span> <span class='ocrx_word' id='word_1_119' title='bbox 872 2151 974 2200; x_wconf 89' lang='lat' dir='ltr'>suam</span> <span class='ocrx_word' id='word_1_120' title='bbox 993 2127 1178 2201; x_wconf 88' lang='lat' dir='ltr'>mitterent</span> <span class='ocrx_word' id='word_1_121' title='bbox 1192 2151 1236 2201; x_wconf 90' lang='lat' dir='ltr'>ex</span> <span class='ocrx_word' id='word_1_122' title='bbox 1254 2151 1364 2202; x_wconf 89' lang='lat' dir='ltr'>causa</span> <span class='ocrx_word' id='word_1_123' title='bbox 1381 2137 1471 2204; x_wconf 90' lang='lat' dir='ltr'>tunc</span> <span class='ocrx_word' id='word_1_124' title='bbox 1495 2153 1656 2229; x_wconf 82' lang='lat' dir='ltr'>expressa,</span> 
     </span>
     <span class='ocr_line' id='line_1_16' title="bbox 346 2250 1659 2354; baseline 0.005 -30"><span class='ocrx_word' id='word_1_125' title='bbox 346 2250 536 2346; x_wconf 91' lang='lat' dir='ltr'>dequibus</span> <span class='ocrx_word' id='word_1_126' title='bbox 552 2275 661 2348; x_wconf 84' lang='lat' dir='ltr'>supra</span> <span class='ocrx_word' id='word_1_127' title='bbox 675 2251 711 2324; x_wconf 93' lang='lat' dir='ltr'>in</span> <span class='ocrx_word' id='word_1_128' title='bbox 725 2251 818 2325; x_wconf 84' lang='lat' dir='ltr'>sesto</span> <span class='ocrx_word' id='word_1_129' title='bbox 833 2253 1133 2327; x_wconf 72' lang='lat' dir='ltr'>annunciationis</span> <span class='ocrx_word' id='word_1_130' title='bbox 1151 2254 1256 2328; x_wconf 88' lang='lat' dir='ltr'>beate</span> <span class='ocrx_word' id='word_1_131' title='bbox 1272 2256 1385 2330; x_wconf 88' lang='lat' dir='ltr'>llarie</span> <span class='ocrx_word' id='word_1_132' title='bbox 1398 2257 1553 2354; x_wconf 82' lang='lat' dir='ltr'>virginis</span> <span class='ocrx_word' id='word_1_133' title='bbox 1566 2257 1659 2330; x_wconf 87' lang='lat' dir='ltr'>babe-</span> 
     </span>
     <span class='ocr_line' id='line_1_17' title="bbox 346 2377 1658 2481; baseline 0.004 -31"><span class='ocrx_word' id='word_1_134' title='bbox 346 2383 416 2450; x_wconf 89' lang='lat' dir='ltr'>tur.</span> <span class='ocrx_word' id='word_1_135' title='bbox 439 2381 694 2451; x_wconf 78' lang='lat' dir='ltr'>Convenerunt</span> <span class='ocrx_word' id='word_1_136' title='bbox 716 2377 825 2473; x_wconf 81' lang='lat' dir='ltr'>igitur</span> <span class='ocrx_word' id='word_1_137' title='bbox 841 2377 879 2449; x_wconf 93' lang='lat' dir='ltr'>iu</span> <span class='ocrx_word' id='word_1_138' title='bbox 898 2379 992 2452; x_wconf 90' lang='lat' dir='ltr'>Urbe</span> <span class='ocrx_word' id='word_1_139' title='bbox 1010 2378 1249 2475; x_wconf 90' lang='lat' dir='ltr'>plurimorum</span> <span class='ocrx_word' id='word_1_140' title='bbox 1271 2404 1396 2478; x_wconf 82' lang='lat' dir='ltr'>regum</span> <span class='ocrx_word' id='word_1_141' title='bbox 1415 2389 1450 2456; x_wconf 91' lang='lat' dir='ltr'>et</span> <span class='ocrx_word' id='word_1_142' title='bbox 1476 2383 1658 2481; x_wconf 90' lang='lat' dir='ltr'>principum</span> 
     </span>
     <span class='ocr_line' id='line_1_18' title="bbox 346 2502 1660 2605; baseline 0.002 -30"><span class='ocrx_word' id='word_1_143' title='bbox 346 2509 521 2591; x_wconf 90' lang='lat' dir='ltr'>oratores,</span> <span class='ocrx_word' id='word_1_144' title='bbox 539 2503 633 2576; x_wconf 88' lang='lat' dir='ltr'>inter</span> <span class='ocrx_word' id='word_1_145' title='bbox 647 2525 801 2599; x_wconf 91' lang='lat' dir='ltr'>quorum</span> <span class='ocrx_word' id='word_1_146' title='bbox 817 2502 950 2576; x_wconf 88' lang='lat' dir='ltr'>multos</span> <span class='ocrx_word' id='word_1_147' title='bbox 966 2527 1098 2602; x_wconf 79' lang='lat' dir='ltr'>magna</span> <span class='ocrx_word' id='word_1_148' title='bbox 1112 2507 1298 2581; x_wconf 87' lang='lat' dir='ltr'>altercatio</span> <span class='ocrx_word' id='word_1_149' title='bbox 1319 2531 1429 2604; x_wconf 90' lang='lat' dir='ltr'>super</span> <span class='ocrx_word' id='word_1_150' title='bbox 1445 2509 1660 2605; x_wconf 76' lang='lat' dir='ltr'>precedentis</span> 
     </span>
     <span class='ocr_line' id='line_1_19' title="bbox 346 2629 1659 2731; baseline 0.001 -28"><span class='ocrx_word' id='word_1_151' title='bbox 346 2633 425 2703; x_wconf 89' lang='lat' dir='ltr'>orta</span> <span class='ocrx_word' id='word_1_152' title='bbox 439 2637 506 2703; x_wconf 89' lang='lat' dir='ltr'>ast.</span> <span class='ocrx_word' id='word_1_153' title='bbox 524 2629 659 2704; x_wconf 85' lang='lat' dir='ltr'>Valens</span> <span class='ocrx_word' id='word_1_154' title='bbox 674 2636 866 2728; x_wconf 92' lang='lat' dir='ltr'>propterea</span> <span class='ocrx_word' id='word_1_155' title='bbox 885 2631 947 2703; x_wconf 89' lang='lat' dir='ltr'>SS.</span> <span class='ocrx_word' id='word_1_156' title='bbox 967 2635 1010 2704; x_wconf 87' lang='lat' dir='ltr'>D.</span> <span class='ocrx_word' id='word_1_157' title='bbox 1033 2633 1076 2703; x_wconf 92' lang='lat' dir='ltr'>N.</span> <span class='ocrx_word' id='word_1_158' title='bbox 1099 2633 1285 2728; x_wconf 84' lang='lat' dir='ltr'>negotium</span> <span class='ocrx_word' id='word_1_159' title='bbox 1305 2633 1495 2723; x_wconf 89' lang='lat' dir='ltr'>inchoare,</span> <span class='ocrx_word' id='word_1_160' title='bbox 1515 2633 1571 2708; x_wconf 89' lang='lat' dir='ltr'>die</span> <span class='ocrx_word' id='word_1_161' title='bbox 1585 2634 1659 2731; x_wconf 82' lang='lat' dir='ltr'>jons</span> 
     </span>
     <span class='ocr_line' id='line_1_20' title="bbox 348 2751 1659 2856; baseline 0.003 -32"><span class='ocrx_word' id='word_1_162' title='bbox 348 2755 368 2824; x_wconf 87' lang='lat'><strong>3</strong></span> <span class='ocrx_word' id='word_1_163' title='bbox 387 2752 494 2849; x_wconf 86' lang='lat' dir='ltr'>junii,</span> <span class='ocrx_word' id='word_1_164' title='bbox 513 2751 713 2826; x_wconf 91' lang='lat' dir='ltr'>cardinales</span> <span class='ocrx_word' id='word_1_165' title='bbox 728 2776 856 2828; x_wconf 91' lang='lat' dir='ltr'>omnes</span> <span class='ocrx_word' id='word_1_166' title='bbox 878 2755 924 2829; x_wconf 87' lang='lat' dir='ltr'>ad</span> <span class='ocrx_word' id='word_1_167' title='bbox 938 2756 1111 2853; x_wconf 87' lang='lat' dir='ltr'>palatium</span> <span class='ocrx_word' id='word_1_168' title='bbox 1131 2755 1178 2834; x_wconf 84' lang='lat' dir='ltr'>ad</span> <span class='ocrx_word' id='word_1_169' title='bbox 1197 2781 1235 2830; x_wconf 88' lang='lat' dir='ltr'>sc</span> <span class='ocrx_word' id='word_1_170' title='bbox 1255 2758 1377 2831; x_wconf 85' lang='lat' dir='ltr'>vocari</span> <span class='ocrx_word' id='word_1_171' title='bbox 1394 2758 1483 2832; x_wconf 87' lang='lat' dir='ltr'>lecit</span> <span class='ocrx_word' id='word_1_172' title='bbox 1509 2765 1546 2832; x_wconf 90' lang='lat' dir='ltr'>ct</span> <span class='ocrx_word' id='word_1_173' title='bbox 1563 2759 1659 2856; x_wconf 90' lang='lat' dir='ltr'>primo</span> 
     </span>
     <span class='ocr_line' id='line_1_21' title="bbox 346 2876 1660 2978; baseline 0.004 -29"><span class='ocrx_word' id='word_1_174' title='bbox 346 2876 645 2958; x_wconf 85' lang='lat' dir='ltr'>consistorialiter</span> <span class='ocrx_word' id='word_1_175' title='bbox 659 2883 864 2978; x_wconf 82' lang='lat' dir='ltr'>proposuit;</span> <span class='ocrx_word' id='word_1_176' title='bbox 884 2888 919 2956; x_wconf 91' lang='lat' dir='ltr'>et</span> <span class='ocrx_word' id='word_1_177' title='bbox 943 2905 989 2955; x_wconf 92' lang='lat' dir='ltr'>ne</span> <span class='ocrx_word' id='word_1_178' title='bbox 1007 2883 1043 2954; x_wconf 91' lang='lat' dir='ltr'>in</span> <span class='ocrx_word' id='word_1_179' title='bbox 1063 2882 1278 2956; x_wconf 88' lang='lat' dir='ltr'>consistorio</span> <span class='ocrx_word' id='word_1_180' title='bbox 1303 2885 1398 2958; x_wconf 90' lang='lat' dir='ltr'>inter</span> <span class='ocrx_word' id='word_1_181' title='bbox 1412 2891 1578 2960; x_wconf 84' lang='lat' dir='ltr'>oratores</span> <span class='ocrx_word' id='word_1_182' title='bbox 1590 2906 1660 2956; x_wconf 87' lang='lat' dir='ltr'>oon·</span> 
     </span>
     <span class='ocr_line' id='line_1_22' title="bbox 347 3001 1660 3109; baseline 0.007 -37"><span class='ocrx_word' id='word_1_183' title='bbox 347 3001 460 3074; x_wconf 91' lang='lat' dir='ltr'>tentio</span> <span class='ocrx_word' id='word_1_184' title='bbox 475 3001 683 3095; x_wconf 87' lang='lat' dir='ltr'>haberetur,</span> <span class='ocrx_word' id='word_1_185' title='bbox 701 3005 799 3078; x_wconf 90' lang='lat' dir='ltr'>misit</span> <span class='ocrx_word' id='word_1_186' title='bbox 812 3009 989 3085; x_wconf 86' lang='lat' dir='ltr'>Sanctitas</span> <span class='ocrx_word' id='word_1_187' title='bbox 1005 3031 1071 3081; x_wconf 91' lang='lat' dir='ltr'>sua</span> <span class='ocrx_word' id='word_1_188' title='bbox 1089 3033 1135 3082; x_wconf 93' lang='lat' dir='ltr'>ex</span> <span class='ocrx_word' id='word_1_189' title='bbox 1151 3009 1368 3083; x_wconf 88' lang='lat' dir='ltr'>consistorio</span> <span class='ocrx_word' id='word_1_190' title='bbox 1384 3011 1423 3083; x_wconf 90' lang='lat' dir='ltr'>in</span> <span class='ocrx_word' id='word_1_191' title='bbox 1436 3011 1522 3085; x_wconf 89' lang='lat' dir='ltr'>aula</span> <span class='ocrx_word' id='word_1_192' title='bbox 1535 3009 1660 3109; x_wconf 83' lang='lat' dir='ltr'>pontifi·</span> 
     </span>
     <span class='ocr_line' id='line_1_23' title="bbox 346 3125 1659 3236; baseline 0.009 -39"><span class='ocrx_word' id='word_1_193' title='bbox 346 3147 428 3198; x_wconf 89' lang='lat' dir='ltr'>cum</span> <span class='ocrx_word' id='word_1_194' title='bbox 458 3125 582 3200; x_wconf 88' lang='lat' dir='ltr'>habito</span> <span class='ocrx_word' id='word_1_195' title='bbox 606 3127 652 3200; x_wconf 89' lang='lat' dir='ltr'>ad</span> <span class='ocrx_word' id='word_1_196' title='bbox 680 3153 862 3205; x_wconf 88' lang='lat' dir='ltr'>cameram</span> <span class='ocrx_word' id='word_1_197' title='bbox 886 3133 1078 3230; x_wconf 81' lang='lat' dir='ltr'>papagalli,</span> <span class='ocrx_word' id='word_1_198' title='bbox 1112 3135 1148 3206; x_wconf 93' lang='lat' dir='ltr'>in</span> <span class='ocrx_word' id='word_1_199' title='bbox 1174 3158 1247 3230; x_wconf 88' lang='lat' dir='ltr'>qua</span> <span class='ocrx_word' id='word_1_200' title='bbox 1274 3143 1438 3211; x_wconf 86' lang='lat' dir='ltr'>oratores</span> <span class='ocrx_word' id='word_1_201' title='bbox 1469 3139 1659 3236; x_wconf 83' lang='lat' dir='ltr'>congregati</span> 
     </span>
     <span class='ocr_line' id='line_1_24' title="bbox 344 3251 1659 3359; baseline 0.008 -37"><span class='ocrx_word' id='word_1_202' title='bbox 344 3256 460 3340; x_wconf 89' lang='lat' dir='ltr'>erant,</span> <span class='ocrx_word' id='word_1_203' title='bbox 492 3251 694 3327; x_wconf 85' lang='lat' dir='ltr'>cardinales</span> <span class='ocrx_word' id='word_1_204' title='bbox 721 3255 1020 3353; x_wconf 83' lang='lat' dir='ltr'>Andagavensem</span> <span class='ocrx_word' id='word_1_205' title='bbox 1049 3264 1085 3332; x_wconf 91' lang='lat' dir='ltr'>et</span> <span class='ocrx_word' id='word_1_206' title='bbox 1114 3257 1396 3334; x_wconf 87' lang='lat' dir='ltr'>Ulixbouensem</span> <span class='ocrx_word' id='word_1_207' title='bbox 1424 3265 1488 3359; x_wconf 90' lang='lat' dir='ltr'>qui</span> <span class='ocrx_word' id='word_1_208' title='bbox 1518 3270 1659 3338; x_wconf 91' lang='lat' dir='ltr'>oratores</span> 
     </span>
     <span class='ocr_line' id='line_1_25' title="bbox 344 3375 1659 3484; baseline 0.011 -37"><span class='ocrx_word' id='word_1_209' title='bbox 344 3375 442 3472; x_wconf 88' lang='lat' dir='ltr'>ipsos</span> <span class='ocrx_word' id='word_1_210' title='bbox 461 3377 608 3450; x_wconf 90' lang='lat' dir='ltr'>nomine</span> <span class='ocrx_word' id='word_1_211' title='bbox 633 3381 813 3476; x_wconf 83' lang='lat' dir='ltr'>pontilicis</span> <span class='ocrx_word' id='word_1_212' title='bbox 836 3383 1071 3458; x_wconf 88' lang='lat' dir='ltr'>exhortarunt</span> <span class='ocrx_word' id='word_1_213' title='bbox 1097 3391 1133 3459; x_wconf 93' lang='lat' dir='ltr'>et</span> <span class='ocrx_word' id='word_1_214' title='bbox 1160 3394 1334 3482; x_wconf 82' lang='lat' dir='ltr'>rogarunt</span> <span class='ocrx_word' id='word_1_215' title='bbox 1361 3395 1543 3484; x_wconf 85' lang='lat' dir='ltr'>quatenus</span> <span class='ocrx_word' id='word_1_216' title='bbox 1568 3387 1659 3461; x_wconf 84' lang='lat' dir='ltr'>ultra·</span> 
     </span>
     <span class='ocr_line' id='line_1_26' title="bbox 344 3502 1658 3608; baseline 0.006 -36"><span class='ocrx_word' id='word_1_217' title='bbox 344 3502 507 3574; x_wconf 88' lang='lat' dir='ltr'>montani</span> <span class='ocrx_word' id='word_1_218' title='bbox 537 3502 583 3575; x_wconf 87' lang='lat' dir='ltr'>ad</span> <span class='ocrx_word' id='word_1_219' title='bbox 609 3503 758 3578; x_wconf 90' lang='lat' dir='ltr'>dextera</span> <span class='ocrx_word' id='word_1_220' title='bbox 786 3513 822 3580; x_wconf 88' lang='lat' dir='ltr'>et</span> <span class='ocrx_word' id='word_1_221' title='bbox 855 3507 1126 3601; x_wconf 55' lang='lat' dir='ltr'>ei‘tramontani,</span> <span class='ocrx_word' id='word_1_222' title='bbox 1164 3535 1479 3608; x_wconf 90' lang='lat' dir='ltr'>quorumcumque</span> <span class='ocrx_word' id='word_1_223' title='bbox 1517 3518 1658 3586; x_wconf 77' lang='lat' dir='ltr'>oratores</span> 
     </span>
     <span class='ocr_line' id='line_1_27' title="bbox 344 3626 1658 3734; baseline 0.005 -36"><span class='ocrx_word' id='word_1_224' title='bbox 344 3631 479 3716; x_wconf 83' lang='lat' dir='ltr'>essent,</span> <span class='ocrx_word' id='word_1_225' title='bbox 497 3626 543 3700; x_wconf 88' lang='lat' dir='ltr'>ad</span> <span class='ocrx_word' id='word_1_226' title='bbox 556 3627 701 3703; x_wconf 90' lang='lat' dir='ltr'>sinistra</span> <span class='ocrx_word' id='word_1_227' title='bbox 715 3633 896 3729; x_wconf 87' lang='lat' dir='ltr'>pontificis</span> <span class='ocrx_word' id='word_1_228' title='bbox 914 3633 1029 3707; x_wconf 88' lang='lat' dir='ltr'>latera</span> <span class='ocrx_word' id='word_1_229' title='bbox 1043 3634 1165 3707; x_wconf 91' lang='lat' dir='ltr'>locum</span> <span class='ocrx_word' id='word_1_230' title='bbox 1180 3637 1386 3733; x_wconf 88' lang='lat' dir='ltr'>reciperent</span> <span class='ocrx_word' id='word_1_231' title='bbox 1401 3642 1438 3711; x_wconf 89' lang='lat' dir='ltr'>et</span> <span class='ocrx_word' id='word_1_232' title='bbox 1459 3637 1513 3712; x_wconf 94' lang='lat' dir='ltr'>illi</span> <span class='ocrx_word' id='word_1_233' title='bbox 1533 3661 1594 3734; x_wconf 93' lang='lat' dir='ltr'>pro</span> <span class='ocrx_word' id='word_1_234' title='bbox 1606 3637 1658 3707; x_wconf 87' lang='lat' dir='ltr'>hae</span> 
     </span>
    </p>

    <p class='ocr_par' dir='ltr' id='par_1_4' title="bbox 254 3750 1658 5240">
     <span class='ocr_line' id='line_1_28' title="bbox 254 3750 1658 3858; baseline 0.007 -37"><span class='ocrx_word' id='word_1_235' title='bbox 254 3807 255 3810; x_wconf 63' lang='lat'>,</span> <span class='ocrx_word' id='word_1_236' title='bbox 344 3750 421 3823; x_wconf 85' lang='lat' dir='ltr'>vice</span> <span class='ocrx_word' id='word_1_237' title='bbox 434 3753 594 3826; x_wconf 91' lang='lat' dir='ltr'>contenti</span> <span class='ocrx_word' id='word_1_238' title='bbox 613 3758 752 3842; x_wconf 86' lang='lat' dir='ltr'>esseut;</span> <span class='ocrx_word' id='word_1_239' title='bbox 770 3777 924 3850; x_wconf 91' lang='lat' dir='ltr'>querum</span> <span class='ocrx_word' id='word_1_240' title='bbox 946 3755 1189 3838; x_wconf 86' lang='lat' dir='ltr'>exhortationi</span> <span class='ocrx_word' id='word_1_241' title='bbox 1209 3767 1373 3834; x_wconf 90' lang='lat' dir='ltr'>oratores</span> <span class='ocrx_word' id='word_1_242' title='bbox 1394 3761 1464 3858; x_wconf 92' lang='lat' dir='ltr'>ipsi</span> <span class='ocrx_word' id='word_1_243' title='bbox 1487 3761 1658 3856; x_wconf 84' lang='lat' dir='ltr'>acquieve-</span> 
     </span>
     <span class='ocr_line' id='line_1_29' title="bbox 344 3879 1657 3984; baseline 0.005 -37"><span class='ocrx_word' id='word_1_244' title='bbox 344 3881 440 3950; x_wconf 91' lang='lat' dir='ltr'>runt.</span> <span class='ocrx_word' id='word_1_245' title='bbox 457 3881 509 3950; x_wconf 90' lang='lat' dir='ltr'>Ne</span> <span class='ocrx_word' id='word_1_246' title='bbox 525 3884 646 3952; x_wconf 90' lang='lat' dir='ltr'>autem</span> <span class='ocrx_word' id='word_1_247' title='bbox 663 3880 699 3951; x_wconf 91' lang='lat' dir='ltr'>in</span> <span class='ocrx_word' id='word_1_248' title='bbox 717 3880 866 3953; x_wconf 90' lang='lat' dir='ltr'>introitu</span> <span class='ocrx_word' id='word_1_249' title='bbox 881 3879 927 3953; x_wconf 92' lang='lat' dir='ltr'>ad</span> <span class='ocrx_word' id='word_1_250' title='bbox 941 3883 1199 3957; x_wconf 88' lang='lat' dir='ltr'>consistorium</span> <span class='ocrx_word' id='word_1_251' title='bbox 1215 3885 1346 3960; x_wconf 90' lang='lat' dir='ltr'>iterum</span> <span class='ocrx_word' id='word_1_252' title='bbox 1365 3887 1459 3961; x_wconf 88' lang='lat' dir='ltr'>inter</span> <span class='ocrx_word' id='word_1_253' title='bbox 1474 3889 1571 3984; x_wconf 87' lang='lat' dir='ltr'>ipsos</span> <span class='ocrx_word' id='word_1_254' title='bbox 1587 3909 1657 3956; x_wconf 89' lang='lat' dir='ltr'>con-</span> 
     </span>
     <span class='ocr_line' id='line_1_30' title="bbox 344 4000 1657 4105; baseline 0.002 -31"><span class='ocrx_word' id='word_1_255' title='bbox 344 4000 456 4074; x_wconf 90' lang='lat' dir='ltr'>tentio</span> <span class='ocrx_word' id='word_1_256' title='bbox 476 4001 594 4090; x_wconf 90' lang='lat' dir='ltr'>fieret,</span> <span class='ocrx_word' id='word_1_257' title='bbox 618 4003 874 4076; x_wconf 87' lang='lat' dir='ltr'>ultramontani</span> <span class='ocrx_word' id='word_1_258' title='bbox 892 4028 958 4101; x_wconf 91' lang='lat' dir='ltr'>per</span> <span class='ocrx_word' id='word_1_259' title='bbox 984 4005 1206 4080; x_wconf 88' lang='lat' dir='ltr'>camerulam</span> <span class='ocrx_word' id='word_1_260' title='bbox 1225 4009 1408 4105; x_wconf 88' lang='lat' dir='ltr'>pontificis</span> <span class='ocrx_word' id='word_1_261' title='bbox 1428 4015 1465 4083; x_wconf 91' lang='lat' dir='ltr'>et</span> <span class='ocrx_word' id='word_1_262' title='bbox 1482 4010 1657 4083; x_wconf 89' lang='lat' dir='ltr'>citramon-</span> 
     </span>
     <span class='ocr_line' id='line_1_31' title="bbox 343 4125 1654 4224; baseline 0.003 -26"><span class='ocrx_word' id='word_1_263' title='bbox 343 4125 418 4198; x_wconf 85' lang='lat' dir='ltr'>teui</span> <span class='ocrx_word' id='word_1_264' title='bbox 439 4149 505 4223; x_wconf 91' lang='lat' dir='ltr'>per</span> <span class='ocrx_word' id='word_1_265' title='bbox 531 4126 667 4201; x_wconf 91' lang='lat' dir='ltr'>lobiam</span> <span class='ocrx_word' id='word_1_266' title='bbox 687 4153 708 4200; x_wconf 91' lang='lat' dir='ltr'>a</span> <span class='ocrx_word' id='word_1_267' title='bbox 726 4128 876 4203; x_wconf 89' lang='lat' dir='ltr'>dextera</span> <span class='ocrx_word' id='word_1_268' title='bbox 899 4130 994 4205; x_wconf 87' lang='lat' dir='ltr'>dicte</span> <span class='ocrx_word' id='word_1_269' title='bbox 1019 4133 1202 4206; x_wconf 87' lang='lat' dir='ltr'>camerula</span> <span class='ocrx_word' id='word_1_270' title='bbox 1230 4141 1313 4208; x_wconf 90' lang='lat' dir='ltr'>sunt</span> <span class='ocrx_word' id='word_1_271' title='bbox 1329 4135 1546 4224; x_wconf 81' lang='lat' dir='ltr'>intermissi3</span> <span class='ocrx_word' id='word_1_272' title='bbox 1563 4140 1606 4222; x_wconf 90' lang='lat' dir='ltr'>et,</span> <span class='ocrx_word' id='word_1_273' title='bbox 1621 4153 1654 4202; x_wconf 88' lang='lat' dir='ltr'>ne</span> 
     </span>
     <span class='ocr_line' id='line_1_32' title="bbox 343 4251 1655 4357; baseline 0.003 -33"><span class='ocrx_word' id='word_1_274' title='bbox 343 4251 600 4325; x_wconf 90' lang='lat' dir='ltr'>ultramontani</span> <span class='ocrx_word' id='word_1_275' title='bbox 616 4254 720 4327; x_wconf 91' lang='lat' dir='ltr'>citius</span> <span class='ocrx_word' id='word_1_276' title='bbox 741 4254 944 4344; x_wconf 89' lang='lat' dir='ltr'>introirent,</span> <span class='ocrx_word' id='word_1_277' title='bbox 962 4257 1229 4347; x_wconf 89' lang='lat' dir='ltr'>citramontani,</span> <span class='ocrx_word' id='word_1_278' title='bbox 1245 4259 1307 4356; x_wconf 90' lang='lat' dir='ltr'>qui</span> <span class='ocrx_word' id='word_1_279' title='bbox 1322 4259 1467 4357; x_wconf 84' lang='lat' dir='ltr'>longius</span> <span class='ocrx_word' id='word_1_280' title='bbox 1483 4261 1552 4334; x_wconf 89' lang='lat' dir='ltr'>iter</span> <span class='ocrx_word' id='word_1_281' title='bbox 1564 4257 1655 4330; x_wconf 87' lang='lat' dir='ltr'>babe-</span> 
     </span>
     <span class='ocr_line' id='line_1_33' title="bbox 343 4376 1653 4484; baseline 0.002 -36"><span class='ocrx_word' id='word_1_282' title='bbox 343 4376 442 4466; x_wconf 90' lang='lat' dir='ltr'>bant,</span> <span class='ocrx_word' id='word_1_283' title='bbox 461 4378 576 4452; x_wconf 85' lang='lat' dir='ltr'>veloci</span> <span class='ocrx_word' id='word_1_284' title='bbox 594 4401 700 4452; x_wconf 87' lang='lat' dir='ltr'>cursu</span> <span class='ocrx_word' id='word_1_285' title='bbox 720 4380 949 4456; x_wconf 89' lang='lat' dir='ltr'>ambularunt</span> <span class='ocrx_word' id='word_1_286' title='bbox 972 4383 1095 4478; x_wconf 91' lang='lat' dir='ltr'>sicque</span> <span class='ocrx_word' id='word_1_287' title='bbox 1117 4385 1300 4480; x_wconf 93' lang='lat' dir='ltr'>predictos</span> <span class='ocrx_word' id='word_1_288' title='bbox 1318 4384 1363 4458; x_wconf 90' lang='lat' dir='ltr'>ad</span> <span class='ocrx_word' id='word_1_289' title='bbox 1385 4385 1507 4459; x_wconf 87' lang='lat' dir='ltr'>aulam</span> <span class='ocrx_word' id='word_1_290' title='bbox 1525 4381 1653 4484; x_wconf 86' lang='lat' dir='ltr'>predicti</span> 
     </span>
     <span class='ocr_line' id='line_1_34' title="bbox 344 4501 1653 4603; baseline 0.003 -29"><span class='ocrx_word' id='word_1_291' title='bbox 344 4501 548 4576; x_wconf 91' lang='lat' dir='ltr'>consistorii</span> <span class='ocrx_word' id='word_1_292' title='bbox 574 4513 828 4601; x_wconf 89' lang='lat' dir='ltr'>prevenerunt,</span> <span class='ocrx_word' id='word_1_293' title='bbox 846 4507 906 4579; x_wconf 94' lang='lat' dir='ltr'>ubi</span> <span class='ocrx_word' id='word_1_294' title='bbox 921 4507 967 4580; x_wconf 89' lang='lat' dir='ltr'>ad</span> <span class='ocrx_word' id='word_1_295' title='bbox 987 4507 1174 4582; x_wconf 92' lang='lat' dir='ltr'>dexteram</span> <span class='ocrx_word' id='word_1_296' title='bbox 1189 4509 1462 4603; x_wconf 87' lang='lat' dir='ltr'>ultramontani,</span> <span class='ocrx_word' id='word_1_297' title='bbox 1488 4513 1576 4586; x_wconf 89' lang='lat' dir='ltr'>citra</span> <span class='ocrx_word' id='word_1_298' title='bbox 1588 4528 1653 4582; x_wconf 88' lang='lat' dir='ltr'>vero</span> 
     </span>
     <span class='ocr_line' id='line_1_35' title="bbox 344 4627 1653 4731; baseline 0.005 -33"><span class='ocrx_word' id='word_1_299' title='bbox 344 4629 507 4701; x_wconf 86' lang='lat' dir='ltr'>montani</span> <span class='ocrx_word' id='word_1_300' title='bbox 532 4627 577 4700; x_wconf 93' lang='lat' dir='ltr'>ad</span> <span class='ocrx_word' id='word_1_301' title='bbox 605 4629 786 4704; x_wconf 89' lang='lat' dir='ltr'>sinistram</span> <span class='ocrx_word' id='word_1_302' title='bbox 810 4633 991 4728; x_wconf 87' lang='lat' dir='ltr'>pontilicis</span> <span class='ocrx_word' id='word_1_303' title='bbox 1019 4634 1313 4730; x_wconf 84' lang='lat' dir='ltr'>genutlexerunt;</span> <span class='ocrx_word' id='word_1_304' title='bbox 1338 4636 1469 4731; x_wconf 91' lang='lat' dir='ltr'>quibus</span> <span class='ocrx_word' id='word_1_305' title='bbox 1492 4661 1530 4710; x_wconf 86' lang='lat' dir='ltr'>se</span> <span class='ocrx_word' id='word_1_306' title='bbox 1552 4653 1653 4708; x_wconf 80' lang='lat' dir='ltr'>corani</span> 
     </span>
     <span class='ocr_line' id='line_1_36' title="bbox 344 4754 1653 4858; baseline 0.001 -33"><span class='ocrx_word' id='word_1_307' title='bbox 344 4754 514 4848; x_wconf 88' lang='lat' dir='ltr'>pontifice</span> <span class='ocrx_word' id='word_1_308' title='bbox 533 4757 751 4845; x_wconf 89' lang='lat' dir='ltr'>constitutis,</span> <span class='ocrx_word' id='word_1_309' title='bbox 773 4757 934 4854; x_wconf 79' lang='lat' dir='ltr'>pontifex</span> <span class='ocrx_word' id='word_1_310' title='bbox 960 4757 1095 4856; x_wconf 88' lang='lat' dir='ltr'>incepit</span> <span class='ocrx_word' id='word_1_311' title='bbox 1113 4760 1293 4858; x_wconf 90' lang='lat' dir='ltr'>explicare</span> <span class='ocrx_word' id='word_1_312' title='bbox 1315 4785 1462 4835; x_wconf 89' lang='lat' dir='ltr'>causam</span> <span class='ocrx_word' id='word_1_313' title='bbox 1481 4756 1653 4835; x_wconf 85' lang='lat' dir='ltr'>vocationis</span> 
     </span>
     <span class='ocr_line' id='line_1_37' title="bbox 346 4880 1653 4986; baseline 0.005 -37"><span class='ocrx_word' id='word_1_314' title='bbox 346 4901 472 4951; x_wconf 87' lang='lat' dir='ltr'>eorum</span> <span class='ocrx_word' id='word_1_315' title='bbox 487 4880 525 4952; x_wconf 90' lang='lat' dir='ltr'>in</span> <span class='ocrx_word' id='word_1_316' title='bbox 547 4880 798 4970; x_wconf 82' lang='lat' dir='ltr'>conclusione3</span> <span class='ocrx_word' id='word_1_317' title='bbox 817 4890 853 4956; x_wconf 90' lang='lat' dir='ltr'>et</span> <span class='ocrx_word' id='word_1_318' title='bbox 870 4883 1025 4958; x_wconf 92' lang='lat' dir='ltr'>dicendo</span> <span class='ocrx_word' id='word_1_319' title='bbox 1041 4885 1221 4961; x_wconf 88' lang='lat' dir='ltr'>obmutuit</span> <span class='ocrx_word' id='word_1_320' title='bbox 1236 4895 1272 4961; x_wconf 91' lang='lat' dir='ltr'>et</span> <span class='ocrx_word' id='word_1_321' title='bbox 1292 4887 1440 4961; x_wconf 89' lang='lat' dir='ltr'>tandem</span> <span class='ocrx_word' id='word_1_322' title='bbox 1464 4891 1653 4986; x_wconf 81' lang='lat' dir='ltr'>prosecutus</span> 
     </span>
     <span class='ocr_line' id='line_1_38' title="bbox 345 5002 1651 5112; baseline 0.008 -37"><span class='ocrx_word' id='word_1_323' title='bbox 345 5008 402 5075; x_wconf 88' lang='lat' dir='ltr'>est</span> <span class='ocrx_word' id='word_1_324' title='bbox 416 5002 559 5102; x_wconf 89' lang='lat' dir='ltr'>incepta</span> <span class='ocrx_word' id='word_1_325' title='bbox 575 5004 672 5103; x_wconf 86' lang='lat' dir='ltr'>(satis</span> <span class='ocrx_word' id='word_1_326' title='bbox 686 5013 726 5080; x_wconf 90' lang='lat' dir='ltr'>ut</span> <span class='ocrx_word' id='word_1_327' title='bbox 738 5007 783 5082; x_wconf 90' lang='lat' dir='ltr'>ab</span> <span class='ocrx_word' id='word_1_328' title='bbox 797 5007 960 5083; x_wconf 90' lang='lat' dir='ltr'>auditore</span> <span class='ocrx_word' id='word_1_329' title='bbox 972 5010 1129 5106; x_wconf 88' lang='lat' dir='ltr'>quodam</span> <span class='ocrx_word' id='word_1_330' title='bbox 1144 5012 1319 5102; x_wconf 85' lang='lat' dir='ltr'>intellexi,</span> <span class='ocrx_word' id='word_1_331' title='bbox 1333 5015 1419 5110; x_wconf 86' lang='lat' dir='ltr'>quie</span> <span class='ocrx_word' id='word_1_332' title='bbox 1431 5037 1500 5112; x_wconf 80' lang='lat' dir='ltr'>ego</span> <span class='ocrx_word' id='word_1_333' title='bbox 1512 5015 1584 5110; x_wconf 86' lang='lat' dir='ltr'>ipse</span> <span class='ocrx_word' id='word_1_334' title='bbox 1595 5029 1651 5080; x_wconf 82' lang='lat' dir='ltr'>non</span> 
     </span>
     <span class='ocr_line' id='line_1_39' title="bbox 350 5127 1651 5240; baseline 0.002 -41"><span class='ocrx_word' id='word_1_335' title='bbox 350 5127 496 5203; x_wconf 88' lang='lat' dir='ltr'>interlui</span> <span class='ocrx_word' id='word_1_336' title='bbox 517 5130 554 5202; x_wconf 90' lang='lat' dir='ltr'>in</span> <span class='ocrx_word' id='word_1_337' title='bbox 569 5131 766 5231; x_wconf 84' lang='lat' dir='ltr'>conclave),</span> <span class='ocrx_word' id='word_1_338' title='bbox 786 5135 906 5230; x_wconf 88' lang='lat' dir='ltr'>potius</span> <span class='ocrx_word' id='word_1_339' title='bbox 922 5136 1113 5210; x_wconf 89' lang='lat' dir='ltr'>consilium</span> <span class='ocrx_word' id='word_1_340' title='bbox 1132 5138 1300 5230; x_wconf 86' lang='lat' dir='ltr'>omnibus</span> <span class='ocrx_word' id='word_1_341' title='bbox 1318 5147 1447 5237; x_wconf 87' lang='lat' dir='ltr'>patens</span> <span class='ocrx_word' id='word_1_342' title='bbox 1465 5163 1532 5240; x_wconf 86' lang='lat' dir='ltr'>qua</span> <span class='ocrx_word' id='word_1_343' title='bbox 1545 5137 1596 5210; x_wconf 81' lang='lat' dir='ltr'>via</span> <span class='ocrx_word' id='word_1_344' title='bbox 1607 5152 1651 5204; x_wconf 84' lang='lat' dir='ltr'>res</span> 
     </span>
    </p>
   </div>
   <div class='ocr_carea' id='block_1_3' title="bbox 0 0 1716 6034">
    <p class='ocr_par' dir='ltr' id='par_1_5' title="bbox 0 0 1716 6034">
     <span class='ocr_line' id='line_1_40' title="bbox 0 0 1716 6034; baseline 0 0"><span class='ocrx_word' id='word_1_345' title='bbox 0 0 1716 6034; x_wconf 95' lang='lat' dir='ltr'> </span> 
     </span>
    </p>
   </div>
  </div>
 </body>
</html>
