3436 6038
59 475 209 540 [Decembre
223 474 292 541 liet]
380 473 507 533 RERUM
530 473 759 535 Unennxnun
783 475 1046 542 conuerreret.
1330 487 1381 542 231

53 628 237 704 luminaria
264 651 349 702 eum
378 627 616 704 candelabris.
646 632 835 726 Responsa
864 634 1113 708 acanton'bus
1135 634 1209 710 Deo
1228 638 1377 734 pretias,

52 758 264 832 arcessiti).
287 758 529 858 Hieronymus
550 753 768 852 Calagranus
798 757 1054 850 subdiaconus,
1079 765 1115 836 et
1138 761 1378 858 preinteuavit

53 890 141 980 Papa
162 883 209 956 Te
224 883 343 957 Deum
356 883 564 973 laodomam
581 880 904 979 quopreintenato,
918 889 1085 958 cantores
1102 890 1183 957 sunt
1194 886 1378 982 prosecuti

52 1009 234 1100 Palicum,
251 1021 333 1098 etc,
349 1031 423 1083 non
439 1013 673 1106 expectantes
686 1006 783 1104 quod
799 1011 896 1104 Papa
910 1007 1102 1098 intonaret,
1117 1033 1183 1107 per
1198 1033 1375 1088 errorem.

51 1135 159 1209 Finito
175 1135 434 1208 Benedicomue
447 1133 609 1225 Morino,
629 1133 699 1208 Deo
713 1133 861 1230 gratiae,
881 1137 978 1231 Papa
996 1134 1033 1208 in
1049 1134 1139 1208 solio
1156 1143 1254 1212 stans
1270 1162 1378 1212 acce-

50 1262 107 1358 pit,
133 1260 301 1358 deposita
323 1283 451 1358 cappa,
473 1259 644 1334 amictum
669 1259 804 1350 album,
832 1257 1029 1355 cingulum,
1057 1259 1201 1352 stolam,
1224 1262 1377 1359 pluviale

49 1393 81 1459 et
93 1386 236 1460 mitram
250 1386 460 1483 pretiosam,
479 1384 594 1459 atalia
607 1384 728 1459 omnia
750 1384 938 1458 observata
964 1389 1048 1458 sunt
1063 1407 1164 1459 mere
1187 1393 1373 1464 consueto.

50 1510 152 1586 Venit
166 1510 213 1583 ad
227 1507 496 1584 consessionem
512 1513 547 1583 et
562 1509 632 1583 alia
648 1509 839 1584 observata
850 1515 934 1582 sunl
946 1531 1048 1583 more
1065 1510 1187 1588 solito.
1206 1513 1378 1588 Interlue-

51 1641 127 1708 runt
151 1633 337 1710 matutinis
357 1640 393 1708 et
417 1633 527 1708 misse
551 1656 663 1731 usque
688 1633 734 1708 ad
760 1633 984 1731 evangelium
1009 1657 1138 1709 nerem
1162 1637 1375 1732 cardinales,

51 1760 214 1836 uidelicet
233 1787 241 1832 ε
259 1784 288 1834 s.
311 1759 407 1834 Petri
425 1759 470 1833 ad
488 1759 655 1850 Vincula,
676 1758 960 1856 Andegavensis,
984 1759 1164 1859 episcopi3
1189 1764 1378 1838 Rechana-

54 1887 175 1977 tensis,
199 1909 229 1958 s.
251 1884 462 1976 Clementis,
482 1883 702 1984 presbyteri3
721 1883 905 1974 Senensis,
924 1908 954 1956 s.
973 1885 1131 1983 Georgii,
1149 1888 1193 1961 de
1210 1886 1375 1982 Sabellis,

55 2011 95 2084 de
110 2010 284 2084 Columna
298 2009 530 2100 etAscanius‚
544 2009 699 2084 diaconi.
713 2009 997 2084 Reohanatensis
1008 2010 1096 2084 dixit
1106 2011 1201 2088 hanc
1213 2013 1376 2107 missam,

56 2162 83 2209 s.
107 2136 301 2212 Clementis
322 2135 434 2210 astitit
462 2133 637 2233 pontifici.
668 2133 784 2208 Finito
809 2133 1008 2231 evangelio,
1037 2135 1189 2210 recessit
1211 2138 1380 2237 Andaga-

57 2261 181 2351 rensis,
203 2269 241 2337 et
265 2263 370 2360 jussu
397 2283 480 2336 meo
510 2261 554 2334 de
582 2259 747 2351 Sabellis,
780 2258 954 2333 Columna
981 2264 1016 2332 et
1037 2260 1211 2334 Ascanius
1237 2263 1378 2338 diaconi

57 2394 225 2463 renerent
253 2389 298 2461 ad
330 2388 514 2462 banchum
543 2411 572 2459 s.
609 2386 705 2460 Petri
732 2385 777 2459 ad
809 2383 974 2474 Vincula,
998 2406 1043 2459 ne
1070 2383 1130 2458 ille
1158 2387 1254 2460 solus
1282 2396 1380 2464 essct

58 2536 162 2609 nsque
175 2511 469 2610 adpreiatienem
488 2539 495 2584 :
512 2535 581 2607 qua
595 2511 751 2608 incepta,
763 2509 812 2584 illi
823 2509 1008 2586 redierunt
1018 2514 1061 2588 ad
1074 2537 1180 2588 snum
1195 2512 1378 2588 banchum

59 2645 90 2713 et
108 2665 137 2713 s.
161 2639 356 2714 Clementis
372 2637 471 2714 stetit
494 2659 576 2712 cum
593 2635 669 2710 illo.
693 2637 773 2709 Non
794 2633 859 2708 luit
884 2639 990 2734 Pape'
1004 2637 1101 2713 lacta
1123 2639 1323 2714 reverentia
1343 2641 1379 2713 in

58 2764 119 2840 hae
146 2765 272 2856 missa,
302 2770 339 2840 et
367 2763 437 2838 alia
463 2762 586 2839 omnia
610 2767 693 2836 sunt
713 2783 815 2836 more
842 2761 947 2836 solito
970 2764 1169 2839 observata.
1198 2766 1380 2840 Intorticia

58 2889 172 2986 viginti
202 2896 358 2987 quatuor
382 2889 463 2964 alba
481 2892 674 2964 tenuerunt
700 2885 860 2961 scutileri
882 2893 976 2986 Pape
1005 2896 1141 2966 stantes
1161 2913 1263 2968 mere
1291 2915 1380 2966 eon-

61 3022 169 3090 sueto.

102 3141 212 3216 Finita
228 3141 353 3230 missa,
370 3142 462 3216 hera
475 3165 553 3234 xm,
572 3145 682 3238 Papa,
706 3138 906 3213 cardinales
923 3147 958 3215 et
975 3143 1103 3240 prelati
1117 3165 1244 3218 omnes
1261 3167 1381 3216 reces-

62 3273 193 3347 serunt:
211 3267 323 3342 abbas
339 3292 369 3341 s.
395 3266 595 3342 Sebastiani
614 3265 763 3340 sacrista
779 3272 874 3366 Pape
900 3266 988 3340 dixit
1010 3268 1207 3342 secundam
1231 3267 1379 3340 missam

62 3413 152 3465 more
181 3392 299 3467 solito.
323 3392 472 3466 interim
498 3389 638 3466 lorrerii
663 3399 876 3466 amoverunt
902 3415 1030 3468 omnes
1049 3416 1189 3490 pannos
1214 3394 1321 3467 etiam
1344 3393 1379 3464 in

64 3519 148 3589 terra
185 3523 399 3614 prostratos,
426 3518 523 3613 quod
553 3515 640 3590 milri
663 3515 768 3590 valde
791 3515 983 3614 displicuit.
1012 3517 1103 3591 Huic
1125 3517 1235 3592 misse
1262 3517 1379 3592 nullus

63 3641 237 3715 cardinalis
253 3642 309 3715 xel
324 3643 484 3741 prelatus
495 3642 670 3733 interluit,
690 3642 755 3716 sed
770 3643 835 3717 soli
851 3645 997 3740 quidam
1013 3669 1203 3743 pauperes.

103 3767 200 3839 Faria
216 3767 391 3858 secunda,
409 3771 453 3842 25
475 3767 611 3841 mensis
628 3767 845 3858 decembris,
871 3767 1001 3843 festum
1022 3768 1213 3842 nativitatis
1236 3769 1379 3843 Domini

64 3891 118 3963 llei
137 3890 318 3966 salvatoris
334 3893 448 3967 nostri
470 3896 556 3966 Jesu
576 3892 719 3984 Christi,
742 3897 839 3991 Papa
857 3891 1174 3991 processionaliter
1194 3893 1291 3966 venit
1313 3892 1380 3966 sub

64 4014 263 4091 baldachino
291 4017 337 4091 ad
357 4017 543 4092 basilicam
569 4040 598 4089 s.
634 4015 742 4107 Petri,
781 4015 928 4113 prelatis
961 4023 997 4088 et
1018 4014 1259 4090 cardinalibus
1300 4021 1381 4112 pest

64 4163 192 4217 crucem
217 4142 509 4242 precedentibus.
542 4141 716 4215 Dominus
747 4141 942 4238 Sioulphus
975 4139 1129 4215 clericus
1152 4163 1309 4229 camere,
1335 4139 1380 4212 ad

64 4267 230 4344 sinistram
248 4269 381 4361 crucis,
405 4293 531 4345 ensem
551 4291 632 4342 cum
652 4267 748 4364 pileo
769 4267 923 4363 portavit
944 4290 1052 4364 super
1071 4266 1183 4340 altare
1206 4267 1323 4362 majus
1344 4265 1380 4338 in

64 4413 161 4468 cornu
176 4394 344 4493 epistole,
361 4393 421 4468 ubi
436 4417 503 4493 per
517 4399 630 4468 totam
645 4391 793 4466 missam
809 4390 953 4464 mansit.
974 4393 1051 4476 Qua
1065 4389 1179 4480 finita,
1197 4391 1260 4463 SS.
1272 4393 1315 4462 D.
1335 4393 1375 4464 N.

63 4517 177 4592 sedens
199 4517 345 4593 insede
372 4517 466 4609 solii,
498 4515 621 4592 comiti
650 4515 809 4590 Teodille
838 4521 922 4589 ante
947 4539 986 4589 se
1015 4515 1207 4612 genussexo
1237 4514 1380 4587 tradidit

62 4641 204 4734 gladium
237 4667 321 4720 cum
352 4642 505 4742 capello,
527 4641 652 4717 dicens
679 4641 756 4715 sine
776 4641 868 4714 libre
897 4640 1059 4736 :Accipe
1084 4638 1260 4736 gladium,
1283 4651 1317 4712 et
1332 4639 1381 4712 sis

64 4765 212 4866 desererer
219 4769 308 4869 fidei
321 4781 356 4843 et
367 4780 487 4843 sancte
500 4791 644 4842 romane
657 4765 808 4858 ecclesie,
827 4767 864 4838 in
878 4765 1020 4839 nomine
1033 4763 1156 4836 Patria
1172 4775 1256 4853 etc.,·
1271 4787 1380 4860 quern

62 4887 112 4966 ille
126 4895 306 4992 accipiens
324 4894 506 4970 osculatus
526 4898 582 4968 est
601 4915 763 4983 manum,
785 4889 915 4965 deinde
935 4891 1068 4988 pedem
1090 4893 1198 4986 Pape,
1224 4895 1259 4963 et
1283 4889 1393 4964 dedit'

64 5039 136 5092 eum
151 5021 213 5094 uni
230 5043 275 5094 ex
291 5019 365 5094 suis
380 5019 552 5094 militibus
567 5020 626 5116 qui
644 5041 726 5092 eum
740 5015 911 5091 continuo
927 5019 1010 5089 ante
1031 5014 1149 5112 ipsum
1162 5014 1329 5112 portarit.

106 5147 145 5216 ll.
164 5145 407 5244 Hieronymus
426 5145 642 5242 Calagranus
658 5141 745 5216 dixit
761 5140 970 5238 epistolam;
989 5139 1179 5214 cardinalis
1192 5139 1380 5229 Ostiensis,
