3578 6032
315 483 369 538 558
445 485 449 492 ’
877 472 1090 530 APPENDICE.

315 649 444 707 sumus,
462 630 683 714 significatum
696 626 800 691 fuisse
815 625 1016 707 quotidianis
1036 625 1165 688 nunciis
1180 627 1212 688 et
1227 627 1419 690 cursoribus
1436 628 1501 690 scio
1517 631 1653 710 magni-

314 729 375 794 fico
392 731 564 794 Laurentio
579 743 794 810 progressum
809 725 935 788 itineris
959 723 1017 786 filii
1042 725 1104 801 sui,
1130 723 1219 786 unde
1234 729 1267 788 11
1281 729 1318 788 11
1332 724 1513 789 identidem
1528 729 1654 791 certior

314 829 384 892 fieri
400 829 547 908 potuisti.
564 828 784 906 Quamobrem
797 823 920 887 iactum
934 828 996 898 est,
1012 827 1050 885 ut
1062 822 1189 886 tardius
1204 823 1265 886 hac
1280 824 1368 886 dere
1383 821 1427 886 ad
1442 829 1474 887 te
1490 827 1648 888 scribam.

315 929 476 1008 Quoniam
491 945 567 992 vero
583 943 668 1008 quae
682 926 778 988 nobis
796 928 890 1004 grata
906 927 995 998 sunt,
1014 922 1114 984 etiam
1137 922 1271 1001 saepius
1293 923 1430 1002 repetita
1445 940 1513 986 non
1536 924 1653 1002 displi-

315 1032 399 1102 cent,
415 1029 448 1088 et
463 1042 525 1106 ego
540 1025 573 1086 in
587 1029 747 1104 perpetuo
759 1023 825 1085 1111
835 1022 993 1085 comitatu
1008 1025 1108 1100 atque
1124 1020 1283 1100 obsequio
1298 1021 1521 1116 colendissimi
1536 1023 1653 1086 Cardi-

315 1123 400 1186 nalis
416 1124 460 1186 ad
473 1123 557 1186 hanc
570 1139 677 1203 usque
693 1123 778 1186 diem
794 1121 852 1197 111,
870 1121 1067 1199 complectar
1087 1119 1288 1182 summatim.
1317 1135 1403 1198 quae
1425 1118 1533 1181 relatu
1548 1119 1651 1200 digna

315 1221 395 1284 mibi
411 1223 640 1297 succurrerint,
654 1239 697 1284 ne
710 1219 856 1284 defuisse
877 1221 1011 1300 penitus
1027 1223 1059 1280 et
1074 1216 1180 1281 officio
1196 1233 1270 1280 meo
1294 1222 1326 1280 et
1351 1217 1515 1280 desiderio
1534 1222 1595 1281 tuo
1611 1219 1652 1280 ri·

317 1319 406 1384 dear.
427 1321 528 1402 lgitur
543 1319 747 1396 duodecima,
762 1323 798 1382 11
812 1317 912 1394 nosti,
933 1315 1042 1379 martii
1061 1315 1186 1377 mensis
1206 1314 1270 1392 die,
1295 1315 1388 1391 hora,
1407 1315 1489 1378 sieut
1502 1316 1651 1380 edictum

314 1417 432 1494 iuerat,
450 1419 681 1492 sextadecima,
697 1417 888 1480 conscensis
904 1415 1060 1478 iumentis
1076 1431 1232 1495 egressus
1248 1419 1298 1477 est
1313 1414 1474 1477 Florentia
1490 1414 1651 1478 dominus

314 1517 610 1582 reverendissimus
625 1533 699 1578 cnm
714 1514 836 1578 familia
853 1533 911 1578 sua
928 1513 1202 1594 praecedentibus
1222 1512 1314 1576 illum
1333 1513 1458 1577 civibus
1473 1513 1651 1594 spectabili

314 1633 447 1696 pompa,
465 1615 521 1695 qui
536 1615 578 1678 ad
594 1614 659 1677 duo
679 1613 779 1676 millia
801 1630 962 1692 passuum
984 1613 1095 1692 ipsum
1118 1611 1650 1688 1111111111;111111111111111

313 1714 426 1791 iussis,
449 1717 525 1792 post
548 1713 781 1776 salutationem
806 1717 969 1784 mutuam,
995 1711 1177 1775 Cardinalis
1194 1727 1234 1772 eo
1249 1710 1301 1773 die
1316 1727 1390 1773 cum
1410 1712 1535 1774 maiore
1549 1716 1648 1790 parto

312 1809 454 1875 familiae
467 1812 510 1874 ad
525 1812 692 1874 abbatiam
706 1827 802 1873 suam
818 1809 1013 1891 Passignani
1036 1809 1180 1872 diuertit.
1197 1810 1263 1872 Nos
1278 1827 1355 1873 vero
1369 1813 1401 1872 et
1415 1809 1470 1873 alii
1484 1809 1650 1874 Podibon·

311 1911 392 1972 tium
406 1909 630 1990 peruenimus.
648 1909 802 1988 Sequenti
816 1907 869 1970 111
883 1912 1070 1970 remorante
1079 1907 1135 1970 illo
1148 1907 1249 1970 animi
1264 1909 1369 1989 gratia
1385 1908 1418 1970 in
1432 1925 1492 1971 suo
1507 1925 1648 1971 monas·

312 2009 405 2086 terio,
422 2009 663 2089 praecessimus
688 2010 803 2084 Senas,
827 2007 954 2082 moniti,
976 2012 1013 2069 ut
1034 2007 1157 2069 ibidem
1172 2005 1450 2086 praestolaremur
1463 2005 1647 2069 adventum

311 2106 393 2172 1111.
411 2111 494 2172 llora
510 2109 636 2172 circiter
651 2107 808 2188 vigesima
825 2108 1009 2170 1111111111
1026 2107 1056 2168 11
1071 2105 1113 2168 11
1129 2104 1313 2168 111111111
1326 2109 1417 2167 extra
1432 2104 1549 2167 urbem
1562 2104 1646 2184 lapi-

310 2208 396 2271 dem.
414 2209 445 2271 Si
461 2207 513 2270 bic
527 2207 647 2270 referre
667 2205 886 2286 particulatim
905 2206 1052 2278 voluere,
1069 2221 1135 2284 quo
1150 2203 1248 2266 fuerit
1263 2204 1387 2266 honore
1401 2220 1421 2265 a
1437 2203 1646 2266 Senensibus

310 2306 491 2370 Cardinalis
506 2312 617 2368 noster
638 2308 807 2384 exceptus,
831 2321 896 2383 qua
916 2303 1018 2366 totius
1034 2301 1125 2366 urbis
1140 2302 1433 2384 congratulatione,
1450 2302 1573 2382 quibus
1591 2302 1647 2366 de-

308 2405 402 2482 liciis,
419 2421 487 2468 non
503 2402 624 2466 11111111
639 2405 720 2466 1111.
738 2405 882 2468 Occurrit
897 2407 987 2465 extra
1010 2403 1127 2465 urbem
1142 2401 1263 2464 ciuium
1282 2401 1514 2481 primariorum
1529 2401 1642 2476 turba,

309 2505 448 2567 occurrit
463 2507 495 2566 et
510 2503 617 2566 onmis
634 2504 787 2582 populus.
805 2505 843 2565 Et
857 2519 899 2564 ne
914 2501 1032 2581 cuique
1049 2505 1180 2580 praesto
1200 2505 1290 2562 esset
1308 2499 1436 2563 occasio
1451 2499 1644 2562 continendi

309 2619 344 2664 11
359 2601 459 2676 domi,
474 2602 606 2681 publico
622 2602 727 2665 edicto
743 2603 940 2680 imperatum
955 2605 1016 2676 est,
1029 2605 1066 2662 11
1077 2599 1356 2662 uniuersaeurbis
1366 2599 1522 2662 tabernae
1532 2599 1641 2661 occlu-

308 2698 474 2762 derentur.
490 2699 672 2762 Advenisse
687 2697 879 2764 Pontificem
893 2715 1060 2761 summum
1071 2698 1222 2762 crederes
1240 2717 1248 2760 :
1264 2698 1308 2760 ita
1324 2701 1486 2760 commota
1499 2701 1549 2759 est
1563 2697 1641 2759 uni·
1732 2765 1738 2778 ,

305 2813 401 2859 versa
417 2797 544 2859 ciuitas
562 2799 647 2859 llaec
663 2813 743 2860 sane
759 2796 922 2860 Cardinali
944 2797 1088 2859 exhibita
1103 2797 1301 2872 reuerentia,
1320 2796 1437 2875 pictas,
1455 2794 1538 2858 fides
1552 2796 1641 2858 adeo

306 2896 387 2958 satis
403 2895 556 2958 omnibus
572 2893 658 2972 fecit,
680 2901 717 2958 ut
739 2913 838 2959 nemo
861 2895 956 2957 Senis
979 2911 1047 2957 non
1068 2899 1245 2958 contentus
1264 2894 1393 2958 abierit.
1411 2894 1639 2957 sextadecima

306 2993 357 3057 die
371 2993 448 3058 inde
468 2995 634 3058 mouimus
656 3009 783 3069 omnes,
808 2993 988 3074 prensique
1010 2993 1053 3057 ad
1078 2997 1360 3070 Bonconuentum,
1384 2993 1512 3073 vesperi
1537 2993 1582 3056 ad
1603 2995 1637 3056 S.

303 3093 469 3170 Quiricum
484 3094 709 3174 peruenimus.
735 3093 793 3155 Dic
817 3092 1007 3172 insequenti
1031 3092 1073 3154 ad
1097 3092 1228 3155 Paleam
1255 3093 1377 3172 accepti
1399 3091 1441 3155 ad
1457 3091 1637 3171 prandium

304 3209 438 3272 sumus3
460 3199 493 3256 et
514 3193 685 3273 hucusque
700 3191 897 3254 senensium
913 3191 1103 3270 sumptibus
1118 3208 1251 3272 semper
1264 3191 1431 3270 hospitati,
1448 3191 1491 3254 11
1504 3193 1636 3270 Aquam

303 3291 504 3354 Pendentem
517 3290 681 3354 Ecclesiae
697 3290 856 3370 oppidum
870 3295 967 3352 nocte
981 3290 1220 3370 requieuimus.
1233 3291 1328 3352 Mane
1342 3287 1478 3368 proiecti
1488 3290 1636 3369 complu·

303 3404 357 3450 res
369 3389 519 3468 praelati,
536 3405 665 3468 nosque
679 3388 793 3452 itidem
808 3387 991 3452 viterbium
1011 3388 1242 3468 applicuimus
1258 3393 1386 3452 retento
1403 3389 1436 3450 in
1461 3388 1569 3450 medio
1586 3390 1638 3450 iti·

299 3502 379 3548 nere
391 3488 433 3550 ab
446 3487 571 3550 Ursinis
582 3487 773 3566 propinquis
783 3485 852 3548 suis
863 3485 1026 3550 cardinali
1036 3487 1281 3550 colendissimo.
1296 3487 1487 3550 lnuenimus
1497 3488 1634 3549 Viterbii

300 3585 465 3648 Pontificis
476 3585 581 3648 filium
597 3586 719 3649 sororis
733 3585 914 3648 cardinalis
929 3585 1096 3661 moritum,
1111 3585 1216 3665 ipsius
1230 3586 1412 3650 aduentum
1428 3586 1633 3665 praestolan-

299 3687 378 3746 tem.
394 3683 528 3747 Postera
544 3684 596 3746 die
618 3683 782 3746 cardinali
796 3685 1009 3760 occurrimus,
1030 3689 1062 3746 et
1079 3702 1206 3749 111111
1219 3686 1399 3749 Viterbium
1414 3685 1631 3766 ingressisu-

298 3797 385 3843 mus.
412 3780 491 3843 1111
522 3781 751 3843 discendentes
781 3783 935 3861 sequenti
959 3782 1024 3859 die,
1051 3786 1192 3862 vesperi,
1220 3785 1410 3848 Bradanum
1435 3785 1630 3848 Ursinorum

298 3879 455 3958 oppidum
479 3878 686 3941 diuertimus.
712 3880 844 3958 Excepti
859 3879 981 3942 ibidem
1005 3896 1121 3943 sumus
1136 3885 1299 3960 apparatu
1311 3881 1403 3962 regio
1418 3881 1453 3944 11
1469 3881 1631 3960 palatium

297 3977 434 4058 virginii
448 3978 587 4055 comitis,
605 3978 663 4056 qui
677 3994 799 4058 magna
812 3977 961 4056 equitum
974 3981 1083 4041 turma
1096 3984 1231 4042 venerat
1246 3979 1378 4042 obuiam
1393 3981 1491 4044 nobis
1504 3979 1546 4043 ad
1557 3987 1629 4044 octo

297 4076 397 4138 millia
410 4093 570 4156 passuum
591 4077 739 4140 Alterum
764 4075 850 4137 diem
874 4075 1020 4138 Bratiani
1042 4079 1242 4158 peregimus,
1270 4081 1302 4140 et
1327 4078 1461 4157 quidem
1482 4079 1627 4142 maximo

296 4175 444 4238 omnium
456 4175 640 4238 commodo.
657 4173 804 4238 Tandem
817 4174 1000 4238 nouissimo
1014 4175 1140 4238 itineris
1155 4177 1260 4239 nostri
1275 4176 1339 4254 die,
1353 4175 1528 4240 undecimo
1543 4177 1627 4240 scili·

295 4279 346 4336 oet
360 4274 512 4336 kalendis
527 4275 652 4354 aprilis,
667 4276 803 4336 Romam
816 4272 958 4352 ingressi
969 4290 1097 4349 111111,
1111 4276 1357 4338 occurrentibus
1371 4292 1460 4338 nune
1473 4275 1525 4338 bis
1539 4291 1627 4338 nunc

295 4372 361 4435 illis
376 4373 409 4434 11
424 4372 475 4436 via
491 4372 534 4437 ad
549 4372 777 4436 deducendum
793 4371 1009 4449 Cardinalem,
1030 4373 1121 4436 nulla
1134 4373 1323 4452 pluuiarum
1337 4375 1381 4452 vi,
1397 4391 1482 4455 quae
1504 4391 1625 4455 magna

297 4471 376 4528 tunc
390 4468 595 4546 erumpebat,
612 4467 686 4530 illos
705 4473 866 4544 morante,
892 4470 971 4547 quin
998 4469 1144 4534 officioso
1166 4473 1295 4536 muneri
1319 4471 1557 4535 satisfacerent.
1578 4471 1627 4534 Ad

296 4565 437 4643 primam
450 4566 546 4628 Urbis
562 4571 689 4645 portam
705 4567 841 4629 secessit
863 4567 1044 4631 Cardinalis
1067 4587 1142 4632 cum
1163 4570 1275 4650 paucis
1290 4569 1324 4632 in
1337 4571 1576 4634 monasterium
1592 4572 1623 4630 S.

296 4663 416 4727 llariae
431 4663 465 4726 in
480 4665 622 4744 Populo;
639 4681 736 4736 mane
752 4665 922 4744 sequentis
937 4665 1001 4728 diei
1014 4673 1240 4730 conuenerunt
1255 4685 1294 4730 eo
1306 4668 1496 4732 (1111111111
1509 4685 1625 4730 omnes

296 4763 328 4822 ct
342 4761 496 4824 nimboso
511 4747 644 4840 quidem
658 4761 761 4838 coelo,
778 4761 1052 4842 deduxeruntque
1070 4765 1164 4827 illum
1184 4765 1227 4829 ad
1249 4764 1438 4830 Pontificem
1452 4767 1486 4828 11
1501 4767 1624 4830 concis·

296 4857 416 4919 lorium
430 4858 608 4936 publicum.
625 4859 787 4940 Exceptus
800 4861 906 4924 estad
920 4863 1069 4925 osculum
1084 4880 1103 4926 a
1118 4863 1284 4940 Pontifioe,
1298 4869 1398 4945 atque
1412 4865 1455 4928 ab
1470 4867 1624 4928 omnibus

296 4953 450 5032 deinceps
466 4957 704 5034 Cardinalibus,
720 4959 814 5021 sicuti
827 4965 859 5022 et
873 4977 935 5023 nos
953 4961 1059 5024 111111
1074 4965 1321 5040 consueuimus,
1334 4981 1409 5028 cum
1423 4965 1569 5045 aliquem
1582 4963 1624 5027 ad

295 5051 488 5130 religionem
502 5055 717 5119 admittimus
741 5057 868 5139 Singuli
891 5076 1023 5140 quoque
1043 5061 1084 5123 de
1104 5063 1626 5126 (1111111111111111111111111111

293 5145 417 5210 ibidem
432 5152 551 5213 summi
563 5152 726 5216 Pontificis
742 5155 855 5234 pedes.
873 5157 1076 5221 Redeuntem
1092 5159 1227 5224 domurn
1243 5162 1399 5225 uniuersa
1415 5161 1508 5224 illum
1522 5160 1622 5224 comi·
