3436 6038
90 489 226 556 {manure
241 484 309 550 ram]
396 481 523 540 RERUM
548 479 774 540 baalmeon
798 478 1060 540 COMMENTARH.
1345 479 1400 539 233

88 640 266 720 faldistorio
280 643 364 712 ante
380 636 491 712 altare
510 636 630 734 majus
650 637 716 709 sub
735 635 909 732 capitibus
930 635 1189 733 apostolorum,
1205 636 1265 710 ubi
1282 637 1394 712 missa

89 769 227 844 debebat
249 762 443 852 celebrari3
462 769 540 836 tum
562 760 731 852 surrexit,
748 761 888 858 accepit
908 760 1060 859 pluviale
1083 783 1125 834 ac
1148 760 1234 836 iecit
1255 763 1398 836 conlas-

89 895 212 968 siouam
226 913 309 965 cum
322 887 548 978 celebrante3
571 886 700 962 deinde
720 886 882 962 ascendit
901 886 947 960 ad
961 885 1093 960 solium
1109 887 1238 961 sedens
1254 887 1291 960 in
1308 889 1394 961 sede

89 1018 205 1092 ibidem
225 1037 443 1104 marmorea,
467 1012 551 1109 quia
572 1019 772 1086 ammotum
792 1017 870 1087 erat
888 1011 1000 1088 altare
1019 1013 1180 1112 ligneum
1192 1014 1235 1088 iu
1250 1014 1394 1089 tribuno

87 1144 205 1218 ibidem
224 1139 311 1239 poni
328 1145 542 1215 consuetum
560 1162 632 1234 quo
650 1137 815 1213 canonici
839 1145 1001 1212 utuntur.
1027 1139 1232 1216 cardinales
1252 1139 1337 1212 hinc
1363 1145 1398 1212 et

87 1269 158 1343 inde
176 1289 276 1342 more
299 1265 419 1355 solito,
443 1263 642 1363 presbytcri
670 1263 881 1338 assistentes
910 1263 956 1336 ad
980 1263 1114 1337 dextris
1138 1268 1246 1362 Pepe,
1269 1263 1396 1361 prelati

86 1417 199 1468 omues
217 1397 320 1467 extra
338 1391 503 1481 chorum,
527 1393 623 1486 Papa
639 1413 661 1463 a
680 1388 813 1462 dextris
833 1389 911 1485 ejus
933 1388 1027 1462 inter
1049 1391 1202 1466 chorum
1226 1396 1262 1465 et
1284 1391 1395 1464 altare

84 1521 202 1616 majus,
232 1516 393 1615 exceptis
421 1514 670 1589 assistentibus
700 1513 760 1610 qui
792 1519 895 1588 erant
920 1538 942 1587 a
968 1514 1120 1590 sinistris
1151 1540 1235 1592 cnm
1270 1520 1394 1613 Papa;

85 1653 233 1718 oratores
250 1641 333 1716 laici
363 1641 398 1714 in
423 1640 566 1714 bancho
589 1639 780 1712 humiliore
810 1645 893 1736 post
918 1641 1149 1740 presbyteros
1180 1641 1394 1730 cardinales,

84 1769 184 1844 lacios
203 1772 387 1842 vertentes
405 1768 501 1862 Papa
521 1771 558 1838 et
573 1788 679 1839 renes
699 1763 815 1838 altari.
842 1763 1036 1840 Celebrans
1053 1766 1114 1862 qui
1133 1767 1200 1840 luit
1216 1771 1338 1842 Rmus.
1353 1769 1396 1839 o.

84 1892 262 1968 cardinalis
277 1917 308 1964 s.
325 1890 520 1964 Clementis
541 1889 633 1962 sedit
651 1889 687 1962 in
714 1889 911 1962 faldistorio
932 1890 968 1962 in
984 1911 1097 1964 cornu
1121 1892 1273 1990 epistole
1298 1897 1400 1966 extra

85 2019 274 2094 cancellum
291 2015 413 2090 altaris
428 2014 558 2088 faciem
571 2019 667 2112 Papo
682 2021 839 2090 vertens.
858 2016 1048 2090 Credentia
1058 2017 1175 2091 stabat
1189 2024 1286 2091 retro
1302 2039 1398 2092 eum.

85 2147 153 2216 Non
180 2141 391 2216 iuit'sermo
416 2139 460 2212 de
483 2139 653 2212 mandato
678 2144 787 2238 Papa,
811 2163 919 2237 quem
938 2139 1066 2214 iecisse
1090 2141 1211 2216 debuit
1231 2145 1271 2215 R.
1293 2146 1333 2214 P.
1354 2145 1399 2214 D.

84 2267 171 2340 Titus
192 2265 388 2363 episcopus
405 2265 606 2338 Castrensis
620 2263 655 2336 in
674 2265 905 2360 patrimonio.
923 2264 1038 2339 Finita
1052 2265 1175 2356 missa,
1194 2268 1291 2362 Papa
1304 2264 1403 2338 dedit
1513 2359 1516 2366 Ι

85 2392 366 2467 benedictionem
399 2395 434 2465 et
466 2389 706 2485 indulgentias
742 2389 922 2486 plenarias
959 2413 1047 2486 quas
1082 2388 1275 2487 publicavit
1305 2388 1402 2462 cele-

85 2517 193 2590 brans.
211 2515 351 2614 Deinde
374 2517 471 2612 Papa
495 2513 599 2590 rediit
621 2513 750 2588 eodem
770 2513 895 2588 ordine
922 2516 967 2590 ad
986 2514 1158 2612 palatium
1183 2537 1287 2588 suum
1308 2513 1403 2610 apud

85 2665 111 2712 s.
137 2644 302 2729 Petrum3
331 2639 450 2713 eundo
478 2640 572 2713 venit
593 2663 659 2738 per
687 2663 854 2737 campum
878 2640 998 2732 Flore,
1027 2640 1185 2738 plateam
1209 2639 1402 2738 judeorum

86 2771 117 2838 et
130 2789 157 2836 s.
177 2765 327 2840 Mariam
341 2764 385 2838 de
400 2765 669 2853 consolatione;
694 2764 877 2839 redeundo
893 2771 1029 2855 autem,
1051 2789 1118 2862 per
1135 2791 1164 2838 s.
1190 2767 1351 2838 Marcum
1367 2771 1404 2838 et

87 2889 168 2962 riam
191 2893 299 2987 Pape.
330 2890 402 2964 Sed
423 2895 496 2963 tam
521 2890 638 2964 eundo
662 2913 769 2986 quam
794 2891 978 2966 redeundo
997 2891 1094 2965 venit
1117 2913 1184 2987 per
1201 2889 1401 2963 colisseum

88 3021 260 3088 etrectam
276 3015 384 3106 viam,
409 3013 577 3089 videlicet
593 3014 654 3088 ubi
669 3015 784 3112 posita
800 3023 856 3090 est
877 3015 997 3112 imago
1018 3015 1174 3113 papissa,
1197 3021 1236 3088 ut
1257 3015 1400 3104 dicitur,
1499 3091 1503 3098 ,

88 3138 266 3236 insignum
283 3139 381 3236 quod
395 3139 580 3212 lohannes
594 3142 657 3216 Vll
674 3139 835 3238 anglicus
850 3163 1004 3237 puerum
1025 3139 1183 3237 peperit;
1207 3161 1271 3236 per
1290 3126 1399 3235 quam

89 3284 201 3338 omnes
223 3265 348 3339 dicunt
371 3287 444 3338 nou
469 3265 601 3340 debere
625 3289 783 3362 unquam
808 3264 981 3362 equitare.
1002 3265 1067 3337 Fui
1091 3271 1285 3362 propterea
1308 3287 1328 3336 a
1355 3267 1398 3336 D.

88 3389 346 3488 archiepiscopo
381 3389 688 3481 Florentinorum‚
722 3391 892 3487 episcopo
924 3393 1091 3464 Massano
1124 3397 1161 3462 et
1190 3388 1403 3486 liugonede

90 3514 214 3587 lienciis
247 3497 469 3589 subdiacono
500 3515 713 3611 apostolico,
748 3515 1005 3612 reprehensus.
1038 3514 1154 3588 Habui
1191 3537 1299 3611 super
1329 3513 1401 3587 hoc

89 3641 220 3714 uerbum
248 3663 333 3715 cnm
368 3643 410 3712 l).
440 3633 612 3737 episcopo
650 3641 830 3730 Pientino,
863 3640 923 3736 qui
953 3639 1043 3713 mihi
1079 3639 1166 3714 dixit
1196 3641 1293 3714 illam
1322 3664 1402 3714 esse

90 3759 272 3836 fatuitatem
287 3785 330 3836 nc
343 3764 503 3838 heresim
520 3787 647 3859 sapere
663 3765 758 3860 quod
773 3767 870 3861 Papa
884 3787 956 3836 non
972 3763 1102 3838 debeat
1115 3788 1180 3862 per
1194 3765 1290 3839 illam
1305 3766 1398 3839 viam

90 3883 144 3976 ire,
168 3911 248 3962 cum
275 3911 348 3962 non
372 3889 573 3986 reperiatur
596 3887 716 3985 aliquo
742 3888 834 3961 libro
859 3875 1069 3964 authentico
1099 3892 1319 3988 prohibitum
1344 3892 1399 3966 vel

89 4031 125 4081 ex
138 4013 393 4088 consuetudine
409 4013 631 4088 contrarium
651 4012 906 4113 observatum(
930 4014 956 4112 ).

129 4138 185 4212 llis
199 4139 324 4214 diebus
339 4145 514 4214 venerunt
528 4139 575 4214 ad
589 4139 722 4212 Urbem
739 4141 811 4213 RR.
827 4143 897 4213 ΡΡ.
914 4143 988 4213 DD.
1009 4139 1198 4216 Wilelmus
1209 4141 1404 4240 archiepis·

117 4363 139 4417 l.
157 4361 322 4420 L‘exiatenoe
337 4361 371 4420 de
386 4363 411 4420 la
426 4362 661 4436 Papeaseleaune
674 4367 717 4418 est
731 4361 902 4436 auiourd'hui
917 4363 1042 4436 relegata
1052 4363 1141 4436 parmi
1152 4364 1191 4421 les
1205 4363 1335 4438 legendas
1349 4380 1402 4436 que

86 4463 145 4505 nous
158 4467 173 4507 a
186 4451 345 4510 transmissa
359 4451 386 4508 la
397 4451 433 4508 loi
456 4457 536 4508 naive
551 4451 589 4508 du
606 4469 705 4526 moyen
727 4455 790 4526 age.
806 4451 876 4508 blais
891 4469 925 4508 ou
942 4469 976 4508 ne
991 4452 1094 4509 saurait
1112 4453 1172 4509 nier
1192 4469 1245 4526 que
1265 4451 1364 4526 depuis
1378 4451 1402 4507 le
1509 4521 1514 4530 .

86 4546 119 4592 n·
131 4539 207 4598 siecle
222 4540 335 4614 jusqu’a
354 4541 380 4596 l'a
399 4540 437 4597 tin
457 4540 495 4598 du
512 4549 592 4610 reru,
608 4547 678 4598 cette
699 4540 814 4613 legenda
838 4541 904 4597 n’ait
919 4543 961 4598 tte
976 4540 1081 4598 adrniss
1101 4558 1206 4598 comme
1221 4539 1354 4598 veritable
1374 4546 1402 4596 et

86 4626 141 4685 n'ait
153 4634 292 4687 reucoutre
308 4629 377 4688 daus
391 4630 417 4686 lo
431 4630 520 4702 cierge
530 4635 617 4686 meme
630 4630 680 4686 des
695 4629 834 4704 partisous
852 4629 1027 4686 convaiuous.
1045 4631 1159 4700 Plotina,
1174 4631 1244 4688 dans
1266 4646 1317 4686 son
1332 4630 1402 4684 Hia-

85 4717 146 4771 tor're
155 4718 202 4772 des
214 4719 311 4790 Paper
325 4719 407 4776 ecrite
420 4736 469 4793 par
478 4719 557 4777 ordre
571 4719 605 4776 de
621 4719 697 4776 Sixte
712 4719 758 4788 IV,
771 4718 915 4776 contribua
924 4735 960 4775 au
975 4718 1103 4776 maintien
1119 4719 1152 4776 de
1168 4726 1238 4776 cette
1252 4735 1399 4793 croyance,

84 4801 138 4860 bien
154 4807 216 4880 qu'il
235 4810 276 4866 ait
295 4807 405 4864 scinde
426 4825 583 4882 remarquer
598 4809 662 4882 qu'il
677 4826 712 4865 na
733 4809 781 4866 iait
801 4825 855 4882 que
873 4815 1014 4882 rapporter
1028 4807 1155 4882 l’opinion
1176 4823 1328 4865 commune.
1347 4808 1401 4880 (De

84 4895 142 4950 vitis
157 4899 283 4967 raperis
296 4897 382 4958 Sum.
397 4898 494 4968 Pone,
507 4899 588 4969 1664,
604 4915 631 4972 p.
647 4898 725 4970 258.)
739 4897 761 4954 Il
775 4896 892 4954 faudrait
901 4901 962 4954 tout
977 4914 1013 4954 uu
1027 4897 1135 4954 volume
1148 4913 1217 4972 pour
1228 4898 1400 4954 mentionner

84 4979 116 5037 les
128 5001 255 5059 oonages
271 4987 381 5060 quiunt
404 4989 447 5044 ete
463 4987 545 5044 ecrite
557 5004 626 5061 pour
641 5004 677 5044 ou
691 4995 785 5044 contra
799 4985 956 5044 l'existence
970 4985 1005 5042 de
1022 4985 1048 5042 la
1063 4986 1185 5061 Papesse
1202 5003 1209 5042 :
1226 5003 1291 5044 saus
1307 4992 1398 5044 entrer

58 5127 63 5139 ,
84 5068 142 5127 dans
163 5074 188 5130 la
207 5075 362 5132 discussion
379 5077 429 5134 des
448 5082 608 5150 arguments
623 5075 747 5150 produits
762 5077 796 5132 de
811 5081 872 5150 part
884 5083 912 5132 et
931 5075 1046 5141 dentre,
1059 5076 1087 5150 je
1104 5093 1146 5132 me
1160 5075 1284 5132 boruerai
1299 5079 1316 5132 d
1330 5074 1396 5132 citer

83 5161 139 5216 trois
152 5162 309 5224 documents
322 5166 369 5240 qui
383 5167 539 5240 paruissent
552 5165 734 5238 irrefutables,
748 5171 909 5239 renvoyant,
925 5181 994 5240 pour
1008 5165 1070 5240 plus
1085 5165 1119 5222 de
1133 5165 1243 5225 details,
1258 5167 1275 5221 d
1292 5163 1320 5220 la
1338 5163 1396 5219 dis-
