3508 6034
114 464 200 527 [lllars
216 465 285 529 1⁴92]
453 463 578 521 RERUM
608 465 834 524 URBANAHUM
858 467 1122 525 COMMENTARll.
1405 473 1459 530 4⁴7

112 615 163 688 ad
179 615 375 690 ecclesiam
389 616 588 712 predictam
599 617 776 709 venirent,
788 619 921 694 vicario
936 621 1040 694 Urbis
1056 623 1327 719 processionem
1338 623 1454 722 ipsam

110 741 149 814 in
167 741 369 840 pontificali
388 741 511 816 habitu
532 751 720 839 sequente.
750 747 832 817 Post
853 746 1045 842 prandium
1059 747 1376 824 vicecancellarius
1398 753 1453 825 in-

112 867 236 940 terfici
257 867 355 956 lecit,
370 867 406 940 in
422 868 523 942 curia
537 893 604 942 sua
622 875 705 944 aute
724 870 872 943 domum
898 895 1013 962 suam,
1037 872 1072 946 in
1094 873 1152 947 via
1171 874 1326 970 publica,
1345 901 1452 973 quem

110 990 260 1087 magnis
278 991 436 1065 trabibus
451 992 608 1089 undique
627 994 767 1086 clausit,
790 996 949 1093 quinque
966 990 1102 1088 tauros,
1120 1000 1180 1095 qui
1198 1000 1318 1096 plures
1334 1002 1454 1074 homi-

109 1138 180 1188 nes
195 1116 356 1190 lesernnt
371 1124 406 1191 et
422 1117 631 1191 occiderunt
651 1127 844 1217 antequam
867 1120 935 1218 ipsi
957 1121 1262 1198 interimerentur.
1285 1125 1452 1226 Episcopi

111 1241 288 1315 Pacensis
304 1247 339 1316 el
352 1241 607 1332 astoricensis,
626 1252 789 1319 oratores
805 1245 900 1342 regis
917 1247 1087 1344 etregine
1105 1249 1369 1347 Hispaniarum,
1388 1276 1452 1350 pa-

111 1367 185 1439 rari
208 1367 374 1441 lecerunt
399 1375 435 1441 et
454 1367 614 1441 construi
636 1377 715 1466 post
738 1370 899 1445 medium
921 1373 1070 1469 Agonis,
1094 1381 1130 1448 et
1153 1375 1312 1449 trabibus
1338 1381 1374 1450 et
1397 1381 1452 1450 ta-

107 1494 207 1567 bulis
224 1501 383 1568 castrum
399 1517 510 1567 unum
528 1493 691 1569 eminens
716 1520 799 1570 cum
822 1497 925 1586 turri,
943 1497 1000 1571 cui
1017 1521 1151 1572 nomen
1167 1499 1344 1575 dederunt
1362 1499 1454 1575 Gru-

105 1634 210 1711 nuta,
240 1627 276 1696 et
299 1645 321 1694 a
343 1627 439 1696 retro
464 1628 545 1718 post
570 1620 762 1694 ecclesiam
789 1623 977 1720 hospitalis
1002 1629 1169 1720 preterea
1194 1623 1300 1698 aliam
1324 1626 1452 1700 turrim

105 1748 279 1822 similiter
294 1773 338 1822 ex
358 1747 499 1838 tabulis,
518 1753 769 1844 representare
786 1749 948 1824 volentes
968 1749 1274 1847 expugnationem
1290 1757 1326 1824 et
1340 1750 1453 1826 ricto-

104 1874 200 1948 riam
231 1881 359 1948 contra
385 1879 578 1951 Granatam
605 1877 768 1952 habitam
796 1883 832 1950 et
856 1874 981 1972 primis
1013 1880 1206 1950 Grauatam
1236 1875 1452 1952 intrantibus

103 2008 208 2076 certa
224 2000 320 2074 dona
335 2009 521 2096 pararunt;
548 2003 609 2101 qui
630 2003 776 2100 quidem
794 2002 901 2100 jocus
924 1999 1107 2074 dominica
1125 2005 1168 2073 12
1185 1999 1349 2076 similiter
1371 2001 1451 2076 lieri

103 2127 279 2218 debebat,
298 2129 362 2203 sed
376 2135 523 2228 propter
538 2129 697 2226 pluviam
713 2129 778 2202 suit
793 2152 837 2201 ea
851 2127 907 2200 die
921 2109 1188 2224 pretermissus.
1214 2131 1322 2200 Facta
1341 2126 1451 2223 igitur

104 2254 235 2327 omnia
248 2253 285 2326 in
300 2255 483 2329 dominica
501 2260 544 2328 19
561 2255 726 2353 ejusdem
742 2253 892 2328 mensis.

155 2383 198 2452 ln
215 2403 322 2454 mane
338 2379 501 2478 ejusdem
516 2378 586 2453 diei
605 2384 648 2451 19
667 2379 851 2476 predictus
869 2378 1060 2477 episcopus
1072 2379 1240 2453 Pacensis
1254 2378 1448 2454 celebravit

105 2503 261 2577 missam
277 2503 456 2601 publicam
474 2503 685 2578 solemniter
699 2502 735 2575 in
753 2503 881 2577 eadem
897 2503 1064 2593 ecclesia,
1085 2511 1120 2577 ct
1137 2502 1267 2577 deinde
1285 2503 1379 2576 lacta
1393 2507 1449 2577 est

104 2629 375 2724 perustionem
396 2629 563 2704 eamdem
587 2627 759 2702 solemnis
779 2627 982 2726 processio;
1004 2627 1237 2725 deindepost
1259 2626 1449 2726 prandium

103 2751 215 2826 ludus
232 2753 470 2852 supradictus,
489 2761 524 2828 et
540 2753 673 2828 ibidem
690 2753 725 2826 in
741 2757 867 2850 Agora
884 2759 1038 2850 quatuor
1053 2753 1143 2828 tauri
1160 2753 1318 2845 mactati,
1337 2753 1448 2850 aqui-

105 2881 188 2968 bus,
214 2903 286 2952 uno
310 2904 403 2976 equo
425 2879 584 2977 dempto,
605 2903 713 2954 nemo
731 2881 827 2954 lesus
848 2879 929 2954 luit.
953 2881 1075 2955 Plures
1096 2882 1203 2956 etiam
1224 2882 1351 2978 prelati
1369 2882 1450 2956 llis-

104 3029 202 3102 pane
222 3003 378 3079 nationis
402 3005 529 3080 diebus
554 3005 702 3079 diversis
727 3006 931 3080 successive
953 3012 1076 3079 tauros
1104 3006 1286 3080 donarunt
1305 3007 1447 3104 publice

103 3130 329 3205 occidendos
343 3159 351 3220 ;
367 3131 565 3228 etquidem
588 3155 632 3204 ex
648 3131 699 3204 eis
715 3137 790 3204 tota
805 3131 952 3206 die‘uua
974 3156 1105 3229 panem
1121 3137 1158 3206 ct
1172 3132 1294 3206 vinnm
1317 3133 1352 3205 in
1374 3133 1447 3230 pla-

105 3263 167 3330 tea
182 3255 351 3329 omuibus
366 3255 565 3330 volentibus
582 3257 667 3330 lecit
682 3257 889 3330 ministrari.
908 3262 1033 3331 Rmus.
1057 3261 1100 3330 D.
1124 3257 1315 3331 cardinalis
1332 3258 1445 3333 sancti

107 3381 258 3478 Georgii
273 3381 371 3456 dedit
386 3382 569 3480 quoddam
594 3383 742 3481 pallium
759 3383 832 3458 sive
847 3383 1007 3457 bravium
1025 3391 1061 3458 et
1079 3384 1219 3480 galeam
1236 3391 1447 3482 argenteam

104 3528 172 3600 pro
196 3505 302 3580 hasta
320 3507 526 3581 ludentibus
547 3509 583 3580 in
601 3513 741 3604 Agone,
761 3507 906 3582 circiter
922 3507 1053 3582 valoris
1075 3507 1288 3582 ducatorum
1309 3509 1446 3584 duceu-

104 3637 199 3716 tnm,
213 3655 278 3727 pro
294 3631 422 3727 quibus
439 3631 560 3704 multis
578 3632 703 3706 diebus
721 3632 786 3705 luit
801 3633 838 3705 in
854 3655 971 3730 agone
983 3631 1230 3722 bastalusum,
1247 3641 1283 3708 et
1299 3634 1446 3709 tandem

103 3757 249 3830 veneris
271 3757 423 3831 dmartii
439 3757 581 3832 cuidam
597 3758 808 3832 Mascoletto
823 3757 1052 3833 contestabili
1069 3759 1323 3854 gubernatoris
1339 3761 1446 3834 Urbis

102 3881 322 3979 adjudicata,
340 3883 640 3958 Columnensibus
656 3889 849 3980 propterea
866 3884 1018 3957 multum
1032 3883 1351 3981 conquerentibus.
1363 3889 1447 3960 Fes-

104 4015 182 4081 tum
199 4007 236 4080 in
249 4013 375 4108 Agaue
392 4017 427 4085 et
443 4011 512 4084 alia
527 4015 862 4086 consuetaromana
875 4012 1021 4086 luerunt
1036 4011 1228 4108 magnifice
1244 4017 1393 4108 peracta
1404 4036 1447 4086 ac

103 4131 247 4206 diversa
265 4134 387 4207 bravia
406 4157 471 4231 pro
492 4135 652 4226 senibus,
676 4137 880 4235 juvenibus,
903 4137 1039 4237 pueris,
1065 4137 1188 4212 Judeis
1215 4145 1249 4212 et
1276 4137 1385 4212 asinis
1403 4161 1445 4211 ac

104 4257 261 4348 bullaliS,
279 4259 325 4332 ad
340 4259 454 4333 instar
469 4259 553 4334 anni
570 4261 765 4358 superioris
786 4263 931 4336 donata.

150 4383 257 4456 Faria
272 4391 399 4480 quarta
415 4385 590 4476 cinerum,
610 4395 629 4460 7
647 4388 777 4479 martii,
801 4391 865 4463 SS.
884 4391 925 4462 D.
945 4394 1072 4462 noster
1090 4385 1187 4461 venit
1207 4387 1252 4460 ad
1268 4387 1442 4486 capellam

102 4511 295 4608 majorem,
314 4511 497 4585 benedixit
516 4511 657 4586 cineres
680 4517 716 4585 et
735 4512 891 4610 receptis
907 4511 975 4584 illis
996 4511 1215 4585 acardinale
1237 4537 1266 4585 s.
1286 4511 1381 4586 Petri
1397 4511 1443 4585 ad

103 4637 258 4712 Vincula
280 4637 520 4728 celebraturo,
551 4637 649 4712 dedit
672 4638 789 4736 primo
811 4637 930 4712 eidem
947 4639 1186 4724 celebraturo,
1209 4639 1339 4714 deiude
1364 4638 1442 4712 aliis

102 4751 360 4851 cardinalibus,
378 4769 454 4836 tum
471 4763 601 4838 ceteris
618 4786 718 4838 more
738 4764 855 4838 solito.
874 4767 1004 4838 Comes
1018 4765 1185 4856 Pitiliani,
1203 4765 1263 4862 qui
1280 4771 1334 4839 est
1347 4763 1443 4860 capi-

104 4895 232 4963 taneus
248 4889 423 4980 Ecclesia,
442 4899 478 4978 et
493 4889 563 4962 dux
579 4893 667 4964 Sore
683 4897 903 4985 acceperunt
916 4891 1282 4988 cinerespostomnes
1298 4895 1442 4989 paratos

104 5015 215 5089 etiam
228 5023 310 5114 post
322 5017 523 5114 primarios.
545 5015 662 5089 Finita
679 5015 836 5105 datione,
860 5015 956 5089 idern
978 5038 1100 5090 comes
1117 5015 1328 5113 capitaneus
1345 5013 1443 5090 dedit

104 5167 235 5238 aquam
251 5145 429 5233 manibus,
445 5143 563 5242 priore
580 5143 874 5241 presbyterorum
886 5139 1123 5215 cardinalium
1139 5138 1343 5239 adjuvaute.
1358 5144 1443 5214 Car-
