3600 6094
364 434 395 490 ιο
813 427 989 485 rouxuurs
1014 426 1235 494 eunonium,
1530 429 1693 494 troncoso
1788 387 1789 428 ³

360 610 468 685 supra
485 591 611 683 pectus
632 606 777 658 crucem
799 583 937 656 habens
962 582 1126 656 manibus
1147 581 1371 679 compositis,
1397 584 1567 660 defuncto
1591 611 1692 660 reve-

360 712 512 787 rentiam
538 709 753 808 profundam
775 708 956 782 laciebant
975 707 1253 797 cardinalarem;
1274 714 1349 781 tum
1374 709 1554 784 intrabant
1574 712 1690 786 aulam

358 859 527 933 magnam
542 859 654 933 prope
669 834 802 906 dictam
818 856 1015 921 cameram,
1032 856 1098 929 pro
1114 833 1221 906 rebus
1235 833 1443 908 ordinandis
1457 835 1611 910 locuturi
1628 838 1638 937 (
1661 840 1687 936 t.

407 966 603 1060 Deputatus
623 959 688 1033 fuit
709 958 900 1056 episcopus
919 957 1104 1055 Septensis
1129 958 1350 1055 capitaneus
1373 959 1445 1033 sive
1471 962 1691 1058 gubernator

357 1087 546 1186 Capitolii;
583 1084 774 1183 episcopus
808 1082 1026 1172 Cerviensis,
1065 1083 1272 1180 capitaneus
1301 1088 1405 1180 porte
1439 1085 1562 1182 palatii
1595 1089 1687 1185 apud

355 1219 516 1288 sanctum
547 1214 718 1298 Petrum3
751 1210 795 1282 ad
827 1207 983 1307 singulas
1015 1213 1137 1305 portas
1167 1209 1272 1285 Urbis
1301 1209 1460 1308 deputati
1491 1211 1686 1309 scriptores

355 1335 558 1438 apostolici,
589 1333 756 1422 curialeS,
783 1339 819 1406 et
843 1333 938 1406 cives
968 1332 1107 1406 romani
1131 1332 1284 1423 mixtim,
1315 1336 1620 1436 commissumque
1649 1347 1687 1413 ut

355 1463 575 1539 scriberetur
594 1459 760 1534 omnibus
779 1457 1002 1558 principibus
1028 1463 1065 1532 et
1088 1457 1194 1531 terris
1219 1458 1493 1566 etolficialibus
1517 1463 1561 1535 de
1588 1463 1685 1536 obitu
1789 1451 1790 1498 ³

353 1592 462 1685 Pape.
482 1585 649 1682 Deputati
670 1591 751 1658 sunt
773 1582 862 1657 certi
884 1582 1084 1657 cardinales
1100 1606 1166 1682 pro
1182 1584 1345 1660 custodia
1358 1585 1494 1683 palatii,
1513 1593 1549 1662 et
1563 1611 1684 1664 rerum
1789 1649 1790 1654 ,

353 1711 596 1809 expeditione,
614 1733 683 1806 que
700 1713 946 1782 occurrerent.

399 1843 485 1912 Post
500 1837 661 1935 quintam
675 1835 803 1908 boram
818 1832 1000 1906 lohannes
1016 1831 1129 1906 llario
1145 1833 1264 1907 socius
1287 1857 1403 1925 mem,
1425 1835 1462 1910 in
1477 1835 1586 1911 domo
1602 1860 1684 1914 mea

350 1988 409 2038 me
426 1963 574 2054 vocavit,
596 1983 678 2036 cum
699 1982 770 2056 quo
790 1957 870 2032 veni
894 1958 939 2032 ad
963 1957 1133 2055 palatium
1157 1959 1359 2056 predictum
1378 1959 1425 2033 ad
1444 1961 1681 2040 ordinandum

349 2111 417 2186 que
439 2087 646 2163 necessaria
667 2091 769 2160 erant
783 2108 848 2182 pro
865 2083 1048 2181 sepultura
1066 2082 1244 2174 detuncti;
1267 2084 1331 2158 sed
1351 2091 1457 2160 antea
1472 2095 1617 2180 venerat
1636 2093 1681 2164 ad

348 2215 518 2312 palatium
540 2211 860 2288 reverendissimus
884 2207 1050 2282 dominus
1070 2208 1399 2302 vicecancellarius,
1421 2217 1471 2302 et,
1498 2235 1542 2287 ex
1561 2237 1677 2306 more,

348 2345 523 2437 stampam
538 2363 604 2436 pro
620 2335 796 2412 bullandis
808 2335 921 2409 literis
937 2333 1158 2433 apostolicis,
1175 2358 1309 2409 nomen
1321 2335 1503 2434 pontificis
1519 2339 1678 2416 defuncti
1790 2399 1791 2412 ,

347 2466 606 2554 continentem,
631 2463 750 2568 fregit.
776 2460 1010 2557 Congregatis
1030 2459 1159 2534 deinde
1185 2461 1424 2536 cardinalibus
1445 2462 1480 2534 in
1496 2463 1578 2538 loco
1593 2488 1677 2562 pre·
1790 2461 1791 2490 Ι

346 2588 456 2680 dicto,
484 2589 693 2676 ornatores,
727 2610 847 2675 norea,
879 2609 984 2659 aures
1012 2591 1049 2659 et
1078 2585 1280 2682 posteriora
1306 2585 1481 2676 defuncti,
1507 2588 1675 2662 bombice
1790 2601 1791 2606 ’

345 2714 506 2788 balsamo
535 2713 705 2802 intincta,
736 2717 1013 2809 constuparunt,
1045 2734 1108 2800 ac,
1139 2710 1386 2808 adjuvantibus
1413 2711 1674 2808 penitentiariis

345 2837 534 2912 ordinariis
556 2837 704 2912 basilice
728 2834 842 2910 sancti
862 2834 978 2925 Petri,
996 2834 1054 2931 qui
1076 2835 1220 2909 interim
1241 2834 1403 2909 officium
1421 2836 1673 2912 detunctorum

343 2963 439 3037 circa
463 2962 673 3038 defunctum
693 2961 856 3034 dixerant
876 2959 1054 3034 submissa
1074 2983 1176 3050 voce,
1198 2959 1412 3056 intelligibili
1432 2965 1567 3053 tamen,
1590 2986 1671 3036 cum

299 3077 306 3092 ⁸
341 3095 489 3188 coperta
503 3088 601 3179 lecti,
621 3094 656 3163 et
671 3088 827 3186 quodam
841 3109 976 3186 panno,
1000 3083 1060 3183 qui
1080 3092 1162 3160 ante
1189 3092 1330 3183 portam
1351 3107 1494 3160 camere
1509 3087 1669 3184 predicte

338 3214 552 3311 pandiderat
573 3213 617 3288 de
642 3213 757 3304 lecto,
784 3219 820 3287 et
844 3235 989 3287 camera
1016 3211 1179 3310 predicta
1207 3211 1252 3284 ad
1281 3233 1463 3284 cameram
1494 3213 1668 3309 papagalli

338 3339 547 3413 interiorem
560 3345 805 3438 portaverunt,
822 3347 859 3412 et
875 3339 1009 3412 ibidem
1029 3337 1065 3410 in
1087 3337 1207 3412 medio
1224 3361 1330 3436 supra
1345 3359 1508 3410 mensam
1523 3335 1666 3435 longam

336 3464 471 3536 nudum
485 3471 695 3562 posuerunt,
714 3464 811 3537 circa
824 3463 952 3537 horam
968 3463 1160 3537 decimam.
1177 3464 1298 3537 Abbas
1320 3462 1434 3536 sancti
1450 3461 1663 3552 Sebastiani,

336 3587 497 3679 sacrista,
515 3589 639 3662 habuit
653 3588 788 3664 lectum
804 3613 886 3662 cum
902 3588 1142 3680 lornimentis,
1158 3589 1245 3663 licet
1266 3589 1311 3662 ad
1327 3587 1487 3662 officium
1503 3593 1665 3662 nostrum
1791 3611 1792 3616 ’

333 3714 452 3811 potius
471 3715 682 3811 pertineret.
706 3714 785 3788 Alia
806 3715 940 3806 omnia,
962 3715 1226 3814 quamprimum
1246 3713 1437 3788 defunctus
1457 3735 1500 3785 ex
1521 3734 1665 3788 camera

332 3844 493 3936 portatus
508 3839 586 3928 luit,
608 3839 715 3912 unico
735 3845 934 3930 momento,
958 3846 996 3914 ut
1016 3840 1066 3914 ita
1084 3839 1215 3930 dicam,
1238 3837 1377 3914 sublata
1398 3843 1497 3928 snnt;
1515 3861 1599 3911 nam
1619 3839 1663 3912 ab

299 3987 303 3996 ·
331 3963 391 4036 illa
414 3964 505 4038 bora
528 3964 573 4038 ad
596 3963 723 4037 horam
751 3970 888 4037 sextam
914 3987 1042 4061 usque,
1066 3965 1164 4038 omni
1187 3964 1455 4064 diligentia-per
1473 3989 1532 4038 me
1552 3962 1659 4051 lacta,

330 4114 404 4184 non
424 4088 524 4186 potui
543 4089 678 4163 habere
698 4112 809 4162 unum
829 4089 996 4178 bacilem,
1019 4115 1128 4163 unum
1143 4091 1333 4183 lintheum,
1355 4092 1411 4166 uel
1425 4090 1571 4188 aliquod
1584 4113 1658 4180 uas,

329 4214 454 4311 inquo
471 4214 590 4286 vinum
613 4221 648 4288 et
669 4239 760 4312 aqua
780 4238 862 4288 cum
881 4215 1004 4289 herbis
1025 4216 1214 4290 odoriferis
1234 4242 1299 4316 pro
1319 4217 1472 4292 lavando
1487 4215 1658 4289 defuncto

330 4339 568 4428 ordinaretur,
597 4363 714 4435 neque
739 4340 906 4429 brachas,
933 4347 968 4414 et
993 4341 1179 4415 camisiam
1204 4342 1375 4416 mundam
1399 4365 1464 4438 pro
1489 4339 1657 4413 defuncto

329 4464 523 4555 induendo,
554 4463 639 4538 licet
668 4463 801 4561 pluries
839 4464 911 4539 hoc
940 4489 961 4539 a
985 4467 1165 4540 cardinale
1199 4466 1398 4554 Parmensi,
1423 4471 1530 4541 Petro
1559 4469 1656 4540 Man-

329 4595 450 4678 tuano,
467 4590 613 4664 domino
628 4592 820 4681 decursio,
838 4593 1011 4690 Gregorio
1028 4598 1063 4665 et
1080 4590 1333 4664 Bartholomeo
1349 4589 1393 4662 de
1405 4593 1535 4681 Ruere,
1548 4593 1656 4665 Geor-

329 4714 387 4809 gio
411 4722 598 4812 scopatore
623 4713 670 4814 (2)
691 4723 848 4807 secreto,
866 4721 901 4790 et
921 4717 1065 4790 Andrea
1086 4714 1337 4789 barbitonsore
1358 4738 1423 4788 suo
1444 4715 1502 4814 qui
1528 4739 1654 4788 omnes

362 4937 386 4990 l.
408 4933 478 5009 Voy.
497 4935 601 4990 Diarto
620 4939 652 4991 di
666 4938 758 4994 Roma
774 4937 821 4992 del
838 4936 949 5007 Notajo
969 4937 1017 4992 del
1030 4937 1206 5007 Nantiporto
1224 4937 1348 5011 (Mursa,
1363 4937 1430 4994 Rer.
1447 4935 1515 4992 Ital.
1533 4936 1653 5008 script,

323 5027 344 5078 t.
361 5023 410 5090 ΙΙΙ,
425 5040 453 5095 p.
469 5040 498 5091 u,
514 5021 565 5080 col.
583 5025 660 5082 1088.

360 5112 387 5166 2.
409 5109 570 5167 Del'italien
586 5135 600 5164 n
617 5119 767 5186 scopatore,
785 5138 799 5165 u
814 5114 954 5188 balayeur.
