3578 6032
343 473 396 530 333
538 543 543 556 ¹
902 467 1116 529 3333313333.

342 626 376 689 di
393 626 510 690 llilano
523 627 555 690 31
572 643 723 689 33333333
739 626 771 688 (11
792 625 966 700 lladonna,
986 628 1018 686 et
1033 625 1063 686 io
1076 623 1122 684 mi
1143 639 1225 686 3333
1240 622 1420 704 ingegnato
1442 623 1475 686 di
1487 624 1666 688 assicurarli
1770 623 1771 678 ἶ

340 725 374 786 13
399 726 509 804 quello
531 723 587 804 3113
607 731 704 787 33313
739 726 837 788 modo
863 726 906 788 133
940 727 1079 803 333313,
1109 727 1141 784 31
1165 739 1224 801 333
1250 727 1376 802 quanto
1398 723 1442 785 ho
1468 740 1625 803 eompreso
1645 741 1667 786 a

340 824 476 898 Vaenza,
493 827 526 885 et
541 823 624 902 3313
641 823 725 886 13311
741 829 789 886 133
806 824 829 885 11
843 825 982 904 Signore
993 828 1025 884 et
1037 821 1164 885 Checho
1182 837 1199 884 e
1215 821 1246 883 13
1268 837 1344 884 casa
1357 819 1532 902 suaepoco
1544 841 1665 898 umore,

340 925 372 982 31
386 921 418 982 di
434 921 546 1000 parole
561 921 592 984 si·
604 939 754 984 suonano
770 923 871 984 molto
887 921 973 984 bane
995 920 1016 982 l'
1033 937 1099 982 uno
1110 919 1131 981 l'
1145 919 1241 981 altro.

384 1043 400 1077 κ
414 1019 460 1084 Le
475 1022 667 1100 bombarde,
684 1023 743 1086 che
758 1023 865 1086 lirano
885 1039 944 1102 per
958 1022 988 1084 la
1011 1026 1109 1096 terra,
1135 1017 1277 1082 secondo
1292 1019 1335 1082 ho
1349 1018 1435 1082 visto
1450 1018 1669 1110 hoggi-lanne

341 1120 445 1202 pecho
465 1120 586 1196 danno,
613 1125 644 1184 et
665 1126 812 1200 appunto
834 1121 945 1184 banno
967 1123 1087 1199 guasto
1109 1118 1174 1181 due
1192 1132 1346 1197 persone,
1369 1121 1402 1178 31
1420 1117 1534 1198 gittato
1549 1135 1567 1180 a
1581 1123 1667 1180 terra

342 1221 458 1282 alcune
473 1234 547 1280 case
561 1218 666 1281 vicine
685 1220 750 1280 alla
765 1217 916 1280 13313333.
932 1216 970 1278 Di
985 1219 1109 1295 quanto
1126 1214 1159 1276 vi
1178 1212 1301 1276 mando
1315 1229 1334 1275 a
1349 1212 1420 1275 dire
1437 1213 1461 1274 il
1481 1213 1610 1294 signore
1626 1216 1669 1275 de

342 1321 466 1381 Vaenza
479 1316 511 1379 vi
522 1317 655 1380 bavessi
671 1334 760 1394 cura,
776 1333 842 1378 non
857 1315 902 1376 mi
917 1329 997 1393 pare
1009 1329 1086 1375 3333
1103 1311 1135 1374 di
1155 1310 1382 1388 fondamento,
1399 1328 1454 1374 ma
1468 1329 1507 1375 va
1522 1329 1578 1392 333
1590 1331 1670 1376 con-

337 1417 477 1496 jactura,
495 1417 528 1477 31
541 1414 611 1477 dice
631 1415 751 1478 havere
775 1414 895 1476 sentito
916 1413 997 1488 dire,
1014 1411 1073 1474 ebe
1088 1412 1196 1490 quecti
1210 1410 1244 1474 di
1259 1411 1378 1473 1111333
1403 1427 1472 1474 333
1490 1427 1594 1474 33333
1607 1428 1672 1474 333

341 1514 393 1580 331
408 1518 527 1593 133333
541 1514 640 1589 bene,
658 1530 677 1576 ο
696 1514 755 1576 3133
769 1512 881 1575 133333
905 1516 1001 1573 33313
1020 1510 1134 1589 333313
1159 1514 1282 1584 313333,
1308 1508 1459 1584 dicendo,
1486 1510 1539 1572 voi
1564 1510 1673 1574 valete

341 1624 526 1688 governare
541 1611 624 1670 tutta
643 1607 745 1685 ltalia,
761 1627 815 1674 ma
828 1611 887 1673 che
902 1625 970 1672 non
985 1605 1121 1671 viverra
1135 1605 1219 1670 13313
1235 1623 1282 1670 33.
1298 1607 1389 1670 Altro
1404 1623 1464 1686 per
1475 1607 1506 1669 13
1521 1613 1673 1687 presente

342 1721 409 1768 non
423 1705 468 1767 mi
483 1722 614 1768 occorre
629 1706 738 1788 degno
763 1709 795 1771 di
818 1707 949 1786 notizia,
972 1706 1030 1769 che
1053 1704 1334 1770 raccomandarmi
1356 1705 1391 1767 in
1411 1707 1516 1787 gratia
1531 1704 1562 1767 di
1575 1707 1611 1766 V.
1628 1706 1673 1766 ll.

343 1819 418 1881 quae
435 1802 571 1865 feliciter
584 1804 702 1867 valeat.
1771 1867 1772 1890 ,

385 1925 397 1954 ι
415 1900 461 1961 Ex
476 1899 666 1963 Castrocaro
679 1901 731 1964 die
745 1901 794 1966 11.
818 1903 937 1982 Aprilis
952 1902 1042 1977 1188,
1058 1900 1201 1964 1333313.
1216 1901 1287 1964 Non
1297 1901 1342 1964 mi
1355 1901 1502 1981 parendo
1513 1901 1673 1966 dihavere
1771 1909 1772 1988 1

343 1993 400 2076 piu
414 1993 553 2059 31331333
568 1997 635 2076 qui,
651 1997 831 2064 domattina
847 2001 970 2080 partird
990 1999 1022 2064 di
1037 2000 1094 2079 qui
1110 2017 1146 2062 se
1161 2000 1245 2062 31133
1261 2016 1327 2062 333
1344 2016 1484 2063 occorre.
1504 2024 1518 2054 3

283 2121 291 2132 ¹
348 2169 351 2178 ’
381 2165 494 2248 (313313.
514 2166 1181 2250 111311.3133333111Ρ313333313.11113111..)

985 2515 1024 2584 al

381 2729 526 2809 Epistola
543 2728 818 2793 Reverendissimi
834 2729 1015 2794 cardinalis
1030 2729 1209 2792 Aleriensis
1222 2729 1265 2792 ad
1277 2731 1568 2794 133333311333333
1580 2731 1673 2792 Ρ331.

341 2825 523 2888 maximum
541 2841 642 2905 super
656 2829 867 2890 excusatione
882 2843 942 2889 sua
957 2826 1091 2906 quando
1105 2843 1124 2888 3
1140 2829 1198 2890 lto.
1215 2843 1266 2890 cu.
1284 2829 1431 2890 recessit.

386 2999 402 3031 u
415 2975 608 3039 Beatissimo
623 2977 726 3040 Pater.
744 2979 859 3041 Attulit
873 2977 952 3040 milri
967 2977 1122 3058 Magister
1132 2980 1308 3043 Gratianus
1321 2979 1361 3044 de
1372 2979 1454 3042 Villa
1467 2981 1556 3042 Nova
1572 2981 1675 3040 Breve

343 3073 531 3136 Sanctitatis
552 3076 697 3152 Vestrae,
713 3076 810 3157 cujus
825 3077 964 3139 lectione
978 3081 1140 3139 commota
1157 3083 1235 3140 3331
1250 3079 1358 3140 333313
1381 3077 1507 3140 viscera
1525 3095 1612 3153 mea,
1627 3077 1675 3138 in·
1772 3159 1773 3166 ἶ

342 3172 470 3234 13113313
487 3172 734 3252 perturbatione
748 3175 869 3238 mentis
885 3175 1071 3236 Sanctitatis
1089 3177 1235 3249 Vestrae,
1257 3181 1290 3238 31
1310 3176 1397 3238 Sacri
1411 3175 1554 3238 Senatus
1569 3179 1674 3239 Reve-
1772 3177 1773 3192 ¹

341 3269 615 3333 rendissimorum
639 3272 856 3335 Dominorum
876 3290 1026 3336 meorum
1048 3276 1186 3337 Sanctae
1213 3277 1249 3338 lt.
1276 3277 1312 3338 11.
1341 3274 1575 3352 cardinalium,
1604 3280 1676 3338 turn

343 3369 441 3430 etiam
454 3369 544 3448 quod
564 3369 782 3432 animadverti
805 3371 1014 3450 interpretari
1029 3371 1062 3432 in
1079 3371 1245 3434 sinistram
1263 3377 1403 3451 partem,
1427 3389 1514 3452 quae
1536 3389 1605 3434 non
1627 3378 1676 3436 13-
1772 3377 1773 3382 ’

342 3482 442 3540 mere,
459 3482 526 3528 non
541 3466 667 3543 leviter,
683 3483 750 3530 non
767 3474 914 3548 repente,
935 3468 995 3532 sed
1009 3469 1159 3531 consulto
1173 3469 1363 3544 deliberavi,
1380 3470 1463 3532 circa
1480 3471 1567 3533 vitae
1580 3485 1677 3534 33333

343 3567 450 3625 313133
474 3564 701 3628 mutationem.
723 3569 794 3629 Non
815 3572 866 3630 est
883 3568 1057 3629 immemor
1075 3567 1237 3630 Sanctitas
1257 3569 1383 3640 Vestra,
1406 3567 1550 3646 quoties,
1568 3569 1676 3648 primo

343 3677 430 3723 3333
445 3678 526 3724 3333
539 3660 747 3727 felicissimae
763 3665 806 3728 ad
819 3666 1049 3746 Apostolatum
1062 3664 1311 3744 assumptionis,
1326 3665 1455 3743 pulsavi
1468 3682 1567 3728 aures
1582 3683 1675 3740 suas,

342 3763 379 3820 ut
394 3759 548 3821 assentiri
562 3759 756 3839 dignaretur
769 3763 898 3826 ardenti
914 3761 1076 3826 desiderio
1097 3763 1183 3829 3133.
1200 3780 1267 3842 333
1286 3763 1435 3838 13331333,
1451 3780 1506 3826 me
1519 3763 1563 3826 ad
1575 3781 1676 3846 regu·

343 3856 446 3918 133333
462 3857 574 3932 vitam,
586 3857 619 3918 in
631 3857 741 3938 aliqua
755 3861 913 3942 religione
924 3859 1130 3924 trasferendi.
1146 3861 1239 3938 Quod
1249 3878 1353 3941 quum
1365 3860 1567 3942 denegasset
1578 3863 1677 3925 Sanc·

344 3955 421 4016 titas
436 3957 564 4032 Vestra,
586 3959 803 4036 sequentibus
825 3961 922 4022 annis
939 3959 973 4022 id
994 3959 1128 4039 saepius
1148 3959 1275 4038 repetii,
1297 3959 1397 4022 etiam
1416 3975 1492 4021 3333
1512 3959 1676 4040 lacryma-

344 4069 417 4116 rurn
432 4053 608 4130 311331333;
622 4053 737 4132 131333,
762 4057 852 4136 quod
877 4057 1038 4120 Sanctitas
1061 4060 1175 4120 Vestra
1194 4061 1272 4121 ante
1296 4057 1541 4122 cardinalatum
1555 4060 1676 4139 repulit

344 4152 536 4232 petitionem
549 4171 668 4217 meam.
686 4158 793 4232 Quum
807 4172 885 4218 vero
905 4156 1004 4218 etiarn
1019 4159 1095 4236 post
1120 4155 1365 4218 cardinalatum
1385 4156 1473 4238 ignis
1495 4157 1552 4219 ille
1570 4159 1675 4220 sancti

344 4253 445 4332 hujus
460 4253 620 4331 propositi
634 4252 764 4316 arderet
779 4254 813 4315 in
827 4258 959 4332 pectore
971 4271 1056 4330 meo,
1069 4269 1184 4314 mense
1200 4254 1300 4332 Aprili
1314 4254 1463 4332 proxime
1475 4253 1604 4333 elapso,
1621 4271 1676 4318 no·

345 4367 403 4414 vas
419 4366 532 4431 preces
553 4351 721 4414 Sanctitati
743 4353 888 4428 Vestrae,
914 4369 973 4430 pro
997 4368 1036 4414 ea
1059 4368 1106 4427 re,
1131 4352 1247 4413 obtuli.
1274 4352 1435 4414 Sanctitas
1459 4355 1577 4415 Vestra
1601 4357 1676 4432 3331

343 4449 466 4511 3331133
479 4448 625 4512 33113333
640 4454 752 4512 333133
768 4450 942 4527 petitiones
964 4467 1067 4524 meas,
1092 4449 1264 4530 allegatas,
1288 4448 1424 4511 tandem
1438 4449 1603 4528 acquievit
1619 4468 1628 4511 :
1645 4457 1677 4513 31

344 4547 438 4609 vivae
452 4547 541 4609 vocis
555 4547 698 4620 oraculo,
715 4547 922 4628 ingrediendi
935 4548 1129 4628 religionem
1141 4545 1221 4608 mihi
1237 4546 1403 4609 licentiam
1424 4547 1590 4626 impartita
1612 4553 1674 4622 331,

343 4661 444 4723 quam
459 4649 574 4723 postea
590 4662 650 4724 per
672 4645 755 4706 duas
770 4645 1037 4724 supplicationes,
1052 4661 1154 4707 manu
1169 4643 1321 4725 ejusdem
1336 4645 1525 4708 sanctitatis
1540 4647 1676 4708 Vestrae

344 4744 506 4823 signatas,
533 4743 642 4806 denuo
658 4743 831 4805 concessit.
853 4743 974 4805 Dehinc
998 4760 1102 4822 quurn
1128 4742 1409 4822 appropinquaret
1424 4743 1496 4805 dies
1511 4759 1674 4818 recessus,

346 4841 423 4917 petii
438 4839 548 4902 denuo
561 4858 579 4902 a
597 4842 773 4904 Sanctitate
789 4843 903 4902 Vestra
924 4841 1089 4904 licentiam
1104 4858 1163 4920 pro
1178 4856 1313 4902 recessu
1329 4857 1416 4915 meo,
1432 4857 1535 4920 quam
1550 4841 1675 4903 Sancti-

346 4944 398 4999 tas
411 4939 524 5000 Vestra
538 4955 613 5000 cum
625 4939 848 5020 resignatione
871 4939 949 5018 pilei
969 4940 1115 5019 gratiose
1135 4938 1309 5014 concessit,
1332 4944 1365 5000 ct
1391 4937 1563 5001 benedixit
1583 4939 1673 5012 mibi,

347 5035 390 5097 ad
404 5036 553 5098 osculum
568 5038 865 5100 sacratissimorum
886 5036 1010 5100 Pedum
1033 5035 1192 5100 admisso.
1217 5038 1301 5099 llaec
1325 5052 1392 5098 non
1412 5037 1533 5112 scribo,
1550 5037 1674 5098 Beatis-

348 5133 430 5195 sime
446 5134 550 5211 Pater,
565 5141 602 5197 ut
617 5136 802 5198 existimem
817 5152 901 5214 opus
917 5151 991 5199 esse
1006 5152 1043 5198 ea
1060 5151 1317 5198 commemorare
1335 5135 1505 5197 Sanctitati
1525 5137 1672 5210 Vestrae,
