3422 6034
289 484 342 540 aaa
743 477 920 536 iohannis
946 475 1168 546 auncuaaor,
1407 475 1531 541 [musa
1547 475 1606 539 run

288 639 397 728 tibus,
428 637 552 734 viginti
575 635 732 732 quinque
747 633 981 707 familiaribus
996 631 1126 706 stabuli
1147 627 1329 704 intorticia
1348 651 1506 702 accensa
1532 651 1608 727 por-

289 761 445 836 tantibus
468 759 646 856 usquead
666 759 858 832 ecclesiam
879 783 908 831 s.
932 757 1116 846 praxedis,
1133 756 1171 828 in
1190 779 1263 852 qua
1289 755 1451 852 positum
1477 753 1554 841 tuit,
1574 763 1609 826 ut

291 887 422 962 deinde
445 889 482 960 iu
504 885 632 959 eadem
652 884 689 956 in
713 881 851 981 capeNa
881 883 948 956 sibi
977 880 1222 956 construenda
1237 879 1445 976 sepeliatur.
1477 878 1610 974 Absque

291 1017 389 1090 clero
405 1013 440 1087 id
456 1012 603 1100 lactum,
621 1018 853 1107 preterquam
869 1035 890 1083 a
911 1015 1080 1082 montes.
1099 1007 1210 1080 Maria
1234 1003 1400 1102 majoris3
1420 1027 1495 1099 quo
1511 1003 1608 1076 cada·

292 1162 375 1212 vere
391 1135 624 1221 ascendente,
641 1139 816 1206 venerunt
832 1135 865 1206 ei
882 1133 1024 1206 obviam
1045 1129 1252 1204 beneficiati
1281 1129 1376 1202 dicte
1401 1127 1557 1202 ecclesie
1584 1139 1614 1201 et
1696 1174 1697 1220 q

291 1286 500 1358 sumusque
523 1261 569 1334 ad
584 1261 776 1334 ecclesiam
791 1283 821 1330 s.
839 1261 1010 1333 Praxedis
1026 1257 1263 1331 associarunt.
1282 1254 1413 1326 Omnia
1437 1252 1509 1324 hec
1531 1253 1614 1326 lacta

291 1397 374 1463 suot
389 1393 511 1486 preter
526 1387 791 1460 ordinationem
807 1389 981 1472 nostram,
997 1383 1042 1455 ad
1056 1382 1278 1456 voluntatem
1294 1381 1470 1454 duntaxat
1481 1379 1618 1476 preshy-

293 1515 359 1588 teri
378 1512 552 1586 lobannis
572 1511 616 1582 de
635 1508 789 1582 Castello
813 1508 963 1581 rectoris
991 1507 1227 1604 parrochialis
1249 1508 1404 1582 ecclesie
1427 1507 1536 1605 (inter
1554 1507 1614 1578 mi-

293 1640 487 1712 nistrantes
506 1637 636 1710 domus
663 1631 858 1706 residentia
890 1638 932 1706 D.
956 1632 1147 1706 cardinalis
1174 1633 1369 1706 constituta
1396 1632 1466 1730 est)
1496 1631 1555 1728 qui
1578 1629 1617 1703 ad

291 1763 535 1861 provisionem
559 1783 641 1832 cere
658 1759 821 1853 exequiis
836 1757 1077 1854 dispensanda
1098 1759 1290 1854 deputatus
1320 1763 1409 1849 erat,
1441 1758 1528 1854 quia
1547 1779 1617 1829 mc-

292 1889 405 1963 dietas
419 1909 502 1960 cere
518 1887 565 1958 hu
567 1883 726 1981 jusmodi
738 1884 774 1955 in
786 1881 1024 1980 sepulturaD.
1039 1881 1230 1955 cardinalis
1242 1881 1489 1979 dispensanda
1503 1903 1618 1978 prove-

291 2013 434 2098 niebat3
452 2033 518 2108 pro
536 2033 600 2083 sua
623 2007 768 2104 propria
783 2007 1041 2081 commoditate
1057 2007 1127 2080 hec
1145 2008 1194 2080 ita
1209 2007 1385 2082 ordinavit
1400 2033 1477 2082 non
1497 2007 1616 2096 solum,

294 2137 358 2210 sed
388 2160 459 2209 una
494 2159 577 2208 curn
610 2157 661 2206 xn
697 2132 886 2208 intorticiis
912 2133 1048 2205 habere
1078 2131 1173 2206 dicte
1214 2133 1368 2207 ecclesie
1397 2159 1428 2208 s.
1458 2134 1620 2208 Praxedis

293 2261 441 2335 dimisse
457 2268 496 2334 ut
521 2260 666 2355 quidam
688 2285 732 2332 ex
755 2259 807 2332 eis
827 2264 954 2356 postea
974 2257 1063 2329 mihi
1084 2259 1225 2346 retulit3
1251 2261 1374 2332 omnia
1401 2259 1475 2334 alia
1496 2261 1616 2357 rapuit.

294 2379 505 2460 Ordinatum
521 2391 640 2457 autem
656 2385 722 2458 luit
743 2383 840 2480 quod
859 2385 1013 2458 cadaver
1032 2387 1067 2458 in
1084 2387 1239 2460 ecclesia
1254 2413 1283 2460 s.
1299 2385 1410 2459 llarie
1427 2385 1474 2458 de
1492 2383 1617 2481 Populo

292 2535 359 2609 per
386 2517 499 2584 totam
522 2508 618 2581 diem
642 2507 897 2598 dimitteretur,
923 2517 971 2598 et,
1004 2510 1219 2606 quibusdam
1242 2510 1361 2584 exeis
1384 2509 1519 2583 deinde
1547 2515 1619 2604 post

293 2635 447 2732 primam
480 2633 607 2706 horam
636 2633 752 2707 noctis
785 2633 1067 2729 precedentibus
1089 2642 1125 2709 et
1148 2635 1274 2709 decem
1303 2634 1511 2723 intorticiis,
1536 2633 1617 2706 ala·

296 2757 396 2830 milia
418 2780 482 2830 sua
511 2757 696 2830 dumtaxat
723 2757 955 2848 associatum,
973 2782 1039 2854 per
1058 2757 1235 2848 tachinos,
1260 2758 1329 2831 nisi
1349 2757 1548 2832 familiares
1570 2755 1615 2828 sui

295 2883 413 2980 ipsum
443 2889 587 2980 portare
614 2882 759 2969 vellent,
786 2882 831 2956 ad
856 2883 1048 2956 ecclesiam
1064 2883 1226 2980 predicte
1252 2907 1281 2956 s,
1307 2882 1481 2956 Praxedis
1502 2881 1620 2978 depor-

293 3015 441 3083 taretur.
461 3007 658 3081 Defunctus
674 3014 729 3080 cst
744 3008 804 3080 hic
820 3007 1011 3082 cardinalis
1031 2999 1166 3104 absque
1183 3030 1227 3082 eo
1248 3007 1345 3104 quod
1364 3013 1616 3081 testamentum
1701 3021 1702 3052 ³

294 3133 514 3223 condiderit3
531 3139 725 3228 propterea
740 3133 862 3205 omnia
883 3133 979 3206 bona
994 3157 1070 3220 sua,
1089 3133 1364 3230 qualiacumque
1381 3132 1542 3220 luerunt,
1560 3133 1614 3204 SS.

191 3350 196 3360 Ι
294 3264 336 3333 Ι).
356 3262 397 3332 N.
416 3264 625 3355 presentata
640 3264 722 3331 sunt
742 3257 976 3332 ascendentia
991 3257 1225 3348 advolarem,
1243 3264 1282 3332 ut
1297 3258 1402 3354 vulgo
1419 3257 1614 3340 dicebatur,

294 3389 439 3458 centum
456 3383 607 3456 millium
624 3382 850 3472 ducatorum,
869 3407 1022 3478 quorum
1036 3407 1141 3456 xxxvr
1156 3383 1212 3456 vel
1228 3383 1373 3456 circiter
1387 3382 1617 3479 quadraginta

293 3508 405 3580 millia
418 3507 563 3581 luerunt
581 3507 615 3579 in
633 3507 799 3604 pecunia,
819 3507 1005 3581 residuum
1027 3508 1064 3580 iu
1084 3513 1249 3604 argento,
1269 3507 1370 3580 libris
1386 3515 1423 3582 et
1445 3507 1617 3606 lapidibus

293 3633 481 3729 preciosis,
499 3633 627 3728 pannis
650 3633 694 3705 de
712 3632 827 3705 rascia
846 3639 882 3706 et
899 3632 990 3706 aliis.
1011 3633 1176 3729 lleputati
1193 3632 1340 3706 luerunt
1355 3655 1421 3728 pcr
1435 3635 1499 3707 SS.
1520 3637 1560 3706 Ι).
1577 3633 1613 3703 N.

295 3757 484 3828 reverendi
502 3761 544 3829 Ι).
557 3758 726 3830 Nicotaus
742 3757 1039 3854 archiepiscopus
1055 3757 1484 3847 Arelatensislobannes
1500 3761 1616 3832 Petrus

294 3881 485 3984 episcopus
503 3881 763 3972 UrbinatensiS,
776 3882 886 3954 Falco
904 3881 949 3954 de
967 3881 1160 3955 Sinibaldis
1177 3881 1273 3955 sedis
1289 3881 1487 3978 apostolice
1507 3887 1617 3979 proto

293 4006 468 4095 notarius,
487 4006 693 4080 Sanctitatis
704 4030 766 4078 sue
784 4007 1028 4080 thesaurarius
1045 4007 1239 4104 generalis
1251 4013 1286 4080 et
1301 4011 1343 4081 Ι).
1355 4005 1616 4082 lacobust'ola-

293 4137 459 4204 terrenus
482 4131 688 4205 Sanctitatis
712 4155 775 4204 sue
792 4132 1022 4219 secretarius,
1039 4131 1168 4228 quibus
1190 4132 1425 4228 exequiarum
1441 4131 1527 4206 dicti
1543 4153 1613 4204 car-

293 4255 421 4328 dinalis
431 4255 589 4329 defuncti
607 4279 693 4328 cura
708 4256 904 4329 commissa
920 4263 987 4329 est.

339 4382 444 4454 Feria
459 4380 630 4470 secunda,
655 4380 782 4454 ultima
804 4383 940 4454 mensis
956 4381 1129 4472 octobris,
1147 4379 1269 4477 vigilia
1284 4381 1454 4456 Omnium
1470 4384 1612 4457 Sancto-

292 4529 385 4593 rum,
404 4507 554 4580 mutatio
564 4531 771 4604 capparum,
790 4507 934 4582 luerunt
948 4531 1097 4605 vespere
1114 4507 1260 4604 papales
1276 4508 1314 4580 iu
1329 4507 1468 4605 capella
1482 4508 1609 4604 majore

291 4630 413 4727 palatii
443 4631 630 4727 apostolici
654 4632 748 4729 apud
769 4657 798 4705 s.
826 4636 986 4722 Petrum,
1011 4633 1141 4730 quibus
1164 4635 1226 4706 SS.
1257 4637 1300 4706 Ι).
1326 4635 1369 4706 N.
1401 4632 1560 4707 interluit
1578 4629 1608 4700 in

290 4757 512 4851 paramentis
527 4755 617 4829 albis
633 4763 669 4832 et
685 4757 771 4831 lecit
786 4756 959 4831 officium.

342 4879 407 4953 Die
431 4883 610 4977 sequenti,
641 4881 733 4956 testo
763 4883 926 4956 omnium
953 4883 1133 4958 dictorum
1162 4891 1385 4973 sanctorum,
1413 4885 1481 4960 luit
1513 4882 1610 4956 missa

293 5002 465 5078 solemnis
481 5006 517 5077 in
531 5007 679 5080 basilica
694 5032 722 5080 a.
742 5008 838 5082 Petri
855 5031 963 5105 quam
979 5013 1103 5082 limus.
1123 5011 1165 5082 Ι).
1183 5008 1376 5084 cardinalis
1392 5035 1421 5082 s.
1433 5004 1607 5083 Anastasia

292 5127 498 5222 celebravit,
530 5137 626 5232 Papa
646 5141 828 5232 presente.
854 5137 1068 5209 Sermonem
1092 5135 1178 5211 lecit
1201 5141 1245 5212 Ι).
1278 5135 1551 5211 Bartholomeus
1567 5128 1605 5202 de
