3508 6034
154 495 216 569 [irc
230 489 299 558 nse]
375 471 380 482 “
487 480 614 539 acaum
637 479 865 538 uaaaulauu
890 479 1154 540 colluaumnn.
1432 485 1486 542 475

156 654 197 722 Ι).
230 642 420 719 Nicolaum
452 639 539 713 Cibo
582 635 893 736 archiepiscopum
924 635 1174 711 arelatensem
1202 643 1239 712 et
1268 639 1481 738 episcopum

149 772 445 868 Fulginatensem
471 765 628 862 prelatos
656 786 741 835 snos
764 761 997 850 domesticos,
1025 761 1085 858 qui
1110 765 1298 836 Anconam
1320 765 1414 838 irent
1444 773 1478 840 et

150 897 286 973 ibidem
301 895 438 966 terrum
455 893 572 988 ipsum
589 890 793 986 reciperent
809 910 853 960 ex
868 887 1033 960 manibus
1055 889 1208 962 oratoris
1224 892 1345 986 Magni
1358 891 1479 981 Turci,

151 1020 302 1097 atinde
338 1041 419 1093 cum
446 1015 697 1113 processione,
734 1037 780 1088 ex
811 1013 961 1111 singulis
996 1013 1196 1088 civitatibus
1226 1021 1263 1088 et
1288 1016 1392 1089 terris
1413 1041 1479 1115 per

151 1151 243 1222 viam
260 1143 498 1218 existentibus
515 1141 702 1232 iaciendis,
728 1145 880 1214 Romam
896 1141 1144 1215 conducerent
1166 1165 1173 1214 :
1198 1139 1244 1213 ad
1267 1143 1364 1238 quod
1385 1148 1492 1218 com-'

149 1271 293 1346 modius
309 1265 515 1342 laciendum
530 1267 653 1339 datum
670 1264 734 1338 luit
748 1267 800 1337 eis
819 1265 1000 1360 quoddam
1018 1267 1290 1342 tabernaculum
1316 1270 1479 1344 cristalli-

149 1422 236 1471 num
257 1420 302 1469 ex
318 1392 480 1490 sacristia
495 1395 603 1488 Papa,
623 1397 659 1464 et
679 1415 794 1487 equus
813 1413 896 1463 cum
916 1415 1025 1488 capsa
1040 1401 1211 1490 cooperta
1224 1401 1260 1470 et
1276 1396 1353 1468 aliis
1370 1421 1478 1471 orna-

148 1522 283 1596 mentis
311 1521 348 1592 in
375 1517 504 1614 quibus
542 1521 822 1607 sacramentum,
857 1519 953 1614 Papa
987 1517 1243 1614 pontificaliter
1277 1521 1474 1617 equitante,

146 1647 278 1723 deterri
295 1644 400 1736 solet,
415 1651 450 1716 et
463 1643 628 1715 lanterna
638 1665 703 1739 pro
716 1641 852 1714 lumine
868 1641 1039 1717 continuo
1052 1653 1134 1717 ante
1150 1645 1268 1742 ipsum
1283 1649 1472 1744 portando.

194 1776 439 1847 Recesserunt
451 1769 559 1866 igitur
574 1793 619 1840 ex
635 1769 729 1841 Urbe
746 1768 793 1841 ob
810 1791 958 1841 causam
975 1771 1173 1865 predictam
1189 1775 1265 1847 Ι)Ι).
1279 1774 1477 1873 archiepis·

145 1923 258 1997 copus
274 1907 310 1972 et
327 1898 518 1996 episcopus
537 1893 690 1991 predicti
709 1898 896 1968 Anconam
913 1895 1008 1986 ituri,
1031 1895 1089 1970 die
1103 1897 1188 1972 lune
1207 1900 1376 1973 lmensis
1392 1903 1477 1976 maii

143 2024 312 2124 predicti,
348 2029 487 2097 etcum
515 2021 566 2094 eis
594 2024 637 2093 Ι).
667 2019 828 2093 Aldellus
861 2020 906 2094 de
941 2021 1244 2096 Piccoleminibus
1280 2026 1476 2099 canonicus

143 2151 331 2241 Senensis,
360 2148 589 2222 decretorum
624 2147 763 2236 doctor,
792 2147 829 2218 in
862 2146 981 2220 officio
1011 2149 1300 2222 ceremoniarum
1336 2149 1476 2248 collega

141 2299 259 2366 mens,
277 2272 530 2372 processiones
544 2270 581 2342 iu
596 2269 686 2342 locis
699 2270 994 2344 convenientibus
1010 2271 1240 2344 ordinaturus
1259 2297 1300 2348 ac
1312 2298 1475 2350 ceremo-

144 2401 222 2473 nias
232 2400 372 2473 debitas
389 2399 486 2470 circa
505 2395 683 2494 premissa
698 2396 821 2470 emnia
835 2396 1051 2470 directurus.

157 2498 163 2508 Ι
189 2523 295 2598 Faria
304 2527 418 2610 sexta,
438 2527 476 2592 ll
493 2520 579 2594 dicti
595 2521 731 2593 mensis
747 2519 846 2610 maii,
862 2525 984 2594 Rmus.
997 2527 1040 2595 Ι).
1051 2529 1208 2601 loannes
1222 2529 1414 2605 cardinalis
1428 2534 1473 2607 de

141 2649 294 2724 Medicis
313 2649 351 2720 in
366 2625 506 2722 secreto
522 2647 737 2719 consistorio
757 2653 899 2720 creatus
922 2653 976 2721 est
997 2648 1139 2747 legatus
1155 2653 1200 2726 de
1214 2653 1328 2729 latere
1343 2659 1472 2733 Tuscie

141 2782 175 2848 et
190 2775 390 2862 Florentie;
409 2781 444 2846 et
461 2771 676 2846 consistorio
692 2773 807 2862 finito,
825 2774 1029 2870 publicatus
1046 2785 1082 2850 et
1098 2779 1143 2852 ab
1162 2782 1330 2854 omnibus
1354 2785 1471 2858 cardi-

138 2901 281 2976 nalibus
300 2923 415 2996 usque
441 2905 542 2974 extra
565 2905 706 2995 portam
726 2899 893 2976 Viridarii
922 2901 1120 2976 associatus
1145 2928 1247 2978 more
1264 2907 1384 2994 solito,
1407 2911 1467 3006 qui
1567 2921 1568 2924 ’

137 3029 221 3102 lecit
235 3027 426 3126 prandium
443 3027 480 3098 in
496 3025 598 3099 vinea
612 3031 653 3098 R.
669 3027 712 3098 Ι).
732 3025 896 3099 Falconis
913 3026 1085 3102 Sinibaldi
1107 3033 1343 3125 protonotarii
1361 3057 1467 3131 apos-

139 3153 237 3226 tolici
267 3159 303 3224 et
333 3151 548 3226 thesaurarii
576 3151 777 3248 generalis;
810 3151 940 3224 deinde
969 3155 1121 3227 recessit
1143 3156 1272 3230 eadem
1299 3159 1370 3249 die,
1398 3161 1466 3235 iter

134 3301 260 3352 versus
273 3278 494 3352 Florentiam
507 3277 709 3375 arripiens(
734 3277 759 3374 ).

183 3405 247 3476 llis
263 3404 404 3491 diebus,
419 3393 604 3478 intellecto
624 3427 690 3499 per
704 3405 766 3476 SS.
787 3405 829 3476 Ι).
847 3410 1011 3479 nostrum
1027 3406 1180 3480 adventu
1197 3408 1294 3482 lllus.
1314 3414 1359 3484 D.
1377 3417 1464 3487 Fer-

132 3529 279 3603 dinandi
309 3529 354 3604 de
378 3529 559 3626 dragonia
587 3529 761 3626 principis
788 3530 959 3625 Capuani,
983 3530 1084 3604 ducis
1117 3532 1280 3605 Calabria
1307 3535 1385 3628 tilii,
1416 3561 1461 3612 ex

131 3655 283 3752 Neapoli
303 3655 349 3730 ad
373 3656 521 3744 Urbem,
539 3655 722 3752 deputavit
738 3660 782 3728 D.
800 3656 1033 3730 Franciscum
1057 3657 1143 3731 Cibo
1170 3659 1282 3733 lilium
1307 3685 1410 3736 snum
1427 3671 1462 3739 et

129 3787 173 3856 R.
205 3785 247 3853 Ι).
280 3783 541 3855 Cortonensem
579 3787 615 3853 et
650 3781 912 3854 Falcouensem
951 3785 1242 3858 Protonotarium
1280 3787 1459 3884 prelatum

130 3907 384 4006 apostolicum,
399 3905 558 4004 prelatos
573 3905 713 4003 palatii;
733 3915 769 3980 et
785 3907 836 3980 eis
851 3909 1032 3981 commisit
1049 3915 1087 3982 ut
1102 3910 1148 3984 ad
1164 3914 1327 3987 confines
1344 3923 1458 3989 terra-

128 4057 207 4106 rum
219 4032 380 4106 Ecclesia
392 4032 713 4129 romanepredicto
727 4033 879 4130 principi
895 4037 1014 4132 Capua
1031 4036 1173 4109 obviam
1188 4038 1282 4112 irent
1300 4063 1456 4138 eumque

125 4159 314 4258 pontificis·
331 4157 477 4232 nomine
503 4157 719 4256 reciperent.
749 4163 991 4233 Recesserunt
1014 4161 1124 4258 igitur
1145 4187 1190 4236 ex
1211 4165 1304 4238 Urbe
1327 4167 1457 4261 prelati

123 4285 276 4382 predicii
291 4285 349 4358 die
361 4285 454 4382 jovis
473 4289 514 4356 ll
530 4283 693 4381 ejusdem
709 4286 844 4359 mensis
856 4309 901 4358 ea
916 4310 1024 4360 causa
1039 4289 1213 4384 predicta.

172 4411 277 4483 Faria
304 4410 475 4499 secunda,
495 4415 536 4482 tl
561 4411 647 4484 dicti
673 4411 808 4484 mensis
835 4412 933 4504 maii,
954 4415 1017 4485 SS.
1039 4416 1081 4485 Ι).
1098 4417 1140 4488 Ν.
1164 4416 1202 4489 in
1226 4439 1371 4493 camera
1391 4445 1456 4495 sua

123 4541 267 4610 secreta
281 4513 464 4610 commisit
486 4537 628 4609 RRmis.
654 4541 730 4609 Ι)Ι).
754 4537 993 4611 cardinalibus
1013 4565 1043 4612 s.
1064 4541 1161 4614 Petri
1182 4542 1227 4615 ad
1250 4545 1402 4620 Vincula
1420 4554 1455 4620 et

118 4662 385 4759 Portugalensi,
403 4671 442 4735 ut
457 4663 607 4760 reliquie
631 4664 717 4737 ferri
735 4665 862 4739 lancee
887 4665 1031 4738 Domini
1059 4691 1171 4764 usque
1201 4669 1247 4741 ad
1276 4669 1454 4744 civitatem

116 4789 356 4863 Narniensem
379 4789 521 4864 obviam
543 4791 636 4864 irent
667 4801 702 4866 et
729 4793 775 4866 ob
793 4793 964 4872 ellectum
983 4793 1186 4892 predictum
1207 4795 1279 4870 sive
1305 4821 1451 4872 causam

153 5013 179 5069 1.
200 5012 289 5086 Apres
306 5011 332 5067 la
346 5018 416 5070 mort
429 5013 463 5069 da
480 5031 530 5070 son
545 5018 618 5088 pere,
632 5014 657 5070 la
676 5015 798 5071 cardinal
817 5017 885 5072 lean
905 5017 939 5073 de
956 5016 1083 5084 Medicis,
1097 5019 1208 5092 rappela
1223 5021 1384 5080 aFlorenee
1404 5039 1454 5097 par

116 5119 162 5158 ses
175 5101 285 5158 allaires
302 5102 336 5158 de
355 5100 463 5172 tamilla,
478 5103 520 5158 lut
537 5108 644 5160 nomme
660 5105 732 5178 legat
752 5106 784 5161 de
807 5107 930 5166 Toscane
948 5115 976 5166 et
994 5108 1028 5164 de
1044 5108 1183 5180 Florenea,
1203 5127 1273 5185 pour
1290 5123 1453 5187 augmentes

116 5208 215 5248 encore
229 5209 280 5249 son
293 5193 414 5267 prestige
428 5199 528 5267 aupres
543 5193 578 5250 de
592 5211 637 5251 aas
648 5196 840 5270 concitoyens.
