3600 6094
336 453 372 507 aa
792 448 968 506 sonamus
994 449 1216 521 BURCHARm,
1508 455 1674 520 [nouvarai]

338 605 586 696 cardinalium,
612 606 728 680 etalii
750 606 984 703 complures:
1008 605 1208 679 cardinales
1231 629 1289 679 me
1309 607 1516 682 immediate
1542 633 1678 706 seque·

337 733 487 819 bantur;
524 730 630 827 primi
666 731 984 806 vicecancellarius
1022 736 1058 804 et
1095 732 1364 829 Neapolitanus
1398 741 1480 830 post
1517 759 1579 808 eos
1613 737 1677 810 alii

337 857 512 955 episcopi,
539 863 615 930 tum
636 857 851 956 presbyteri,
875 857 1020 930 tandem
1043 856 1184 929 diaconi
1205 859 1419 949 cardinales
1447 883 1573 933 omnes
1597 862 1675 934 bini

337 989 373 1057 et
395 982 484 1071 bini,
520 982 680 1080 exceptis
715 983 851 1055 ultimis
885 982 1118 1080 presbyteris,
1150 1006 1305 1078 quorum
1329 989 1402 1057 tres
1428 984 1534 1057 simul
1558 986 1673 1058 ibant.

337 1112 508 1183 Cantores
533 1109 669 1206 capelle
702 1115 838 1195 nostre,
866 1115 901 1182 et
931 1107 1095 1182 canonici
1124 1133 1166 1183 ac
1191 1111 1310 1184 clerus
1334 1111 1482 1185 basilice
1511 1111 1675 1208 predicte

335 1259 408 1308 non
424 1235 665 1311 interfuerunt
679 1236 765 1310 buic
780 1235 1019 1333 processioni,
1040 1259 1109 1309 nec
1131 1236 1263 1332 aliquid
1284 1236 1348 1309 luit
1362 1236 1398 1308 in
1415 1260 1458 1309 ea
1473 1242 1673 1326 cantatum,

336 1362 400 1434 sod
416 1363 553 1435 romani
572 1363 680 1453 cives,
700 1369 736 1436 et
751 1361 808 1436 alii
830 1363 866 1434 in
886 1385 1038 1435 numero
1060 1363 1207 1461 copioso
1229 1361 1501 1435 circumdabant
1520 1359 1675 1458 quisque

336 1512 440 1562 suum
464 1495 723 1586 protectorem,
751 1489 922 1576 amioum,
948 1493 982 1561 et
1005 1488 1192 1561 dominnm
1218 1487 1451 1572 cardinalem,
1473 1486 1599 1558 dantes
1619 1487 1674 1558 eis

336 1614 631 1711 supplicationes,
650 1622 685 1688 et
700 1613 787 1688 alias
803 1614 996 1712 petitiones
1018 1638 1083 1712 pro
1099 1615 1242 1702 ciliciis,
1261 1619 1296 1687 et
1311 1613 1389 1686 aliis
1405 1611 1528 1708 gratiis
1543 1635 1564 1684 a
1578 1635 1673 1684 novo

335 1739 507 1837 pontifice
523 1740 560 1812 in
576 1739 736 1812 conclavi
753 1740 970 1832 obtinendis
989 1747 1025 1814 et
1044 1739 1291 1836 impellendis
1315 1734 1483 1835 Figuram
1508 1735 1674 1809 crucifixi

336 1865 472 1962 portavi
497 1864 534 1937 in
559 1873 656 1940 retro
680 1866 726 1938 ad
751 1866 951 1940 cardinales
975 1890 1130 1954 versam,
1157 1890 1200 1937 ex
1226 1889 1283 1957 eo,
1310 1864 1406 1960 qnod
1431 1864 1468 1935 in
1490 1863 1561 1936 hoc
1585 1883 1673 1935 casu

337 1989 530 2086 collegium
559 1991 769 2089 pontificem
799 1997 1036 2089 representat.
1068 1995 1157 2064 Cum
1188 1991 1433 2088 pervenissem
1459 1991 1494 2062 in
1517 1990 1672 2087 primam

335 2115 454 2188 aulam
470 2115 662 2208 conclavia,
685 2117 722 2189 in
743 2140 786 2189 eo
808 2122 910 2190 erant
930 2117 1076 2190 circiter
1094 2115 1163 2188 tria
1183 2115 1294 2188 millia
1313 2115 1502 2188 hominum
1523 2115 1583 2210 qui
1603 2139 1672 2187 nos

333 2247 587 2337 prevenerant;
620 2265 704 2314 nam
732 2241 1036 2314 vicecamcrarius
1065 2247 1148 2314 ante
1183 2241 1368 2316 introitum
1399 2249 1564 2317 nostrum
1598 2265 1670 2314 non

335 2365 520 2462 expulerat
535 2372 681 2462 gentem
696 2367 830 2439 ibidem
846 2367 1074 2456 existentem,
1093 2391 1211 2463 neque
1231 2368 1323 2441 viam
1343 2393 1408 2465 pro
1429 2367 1671 2443 cardinalibus

335 2495 371 2562 rt
391 2491 478 2580 suia,
506 2492 675 2564 conclave
697 2491 830 2564 intrare
850 2491 1079 2580 debentibus,
1102 2491 1327 2566 ordinaverat
1342 2493 1397 2566 vel
1413 2492 1667 2572 custodiverat,

334 2621 440 2712 prout
457 2639 500 2688 ex
517 2616 636 2688 officio
654 2616 720 2688 sibi
737 2616 924 2689 incumbit.
944 2617 1087 2713 Capella
1103 2623 1223 2690 tamen
1243 2618 1372 2714 major,
1394 2617 1430 2689 in
1451 2639 1521 2713 qua
1541 2616 1670 2690 cellule

335 2745 436 2812 erant
465 2747 602 2836 parate,
634 2747 669 2814 et
699 2742 935 2816 cardinalium
963 2741 1195 2832 munitiones,
1227 2749 1262 2814 et
1296 2765 1353 2814 res
1382 2742 1511 2839 posite,
1548 2742 1669 2814 clausa

335 2870 424 2954 erat,
443 2871 514 2938 eta
538 2867 770 2941 servitoribus
790 2869 1024 2942 cardinalium
1045 2867 1236 2957 custodita,
1254 2891 1323 2962 que
1343 2867 1429 2964 ipsis
1449 2867 1572 2964 aperta
1588 2867 1665 2939 suit·

333 2991 480 3063 Interim
502 2991 799 3066 vicecamerarius
825 2993 930 3067 Urbis
953 2997 1164 3088 cumgente
1186 2997 1221 3064 et
1239 2990 1419 3089 peditibus
1440 2991 1514 3064 suis
1534 2992 1669 3089 expulit

332 3119 376 3190 de
407 3119 567 3192 conclavi
597 3143 724 3193 omnes
752 3143 825 3193 non
858 3119 1033 3192 babentes
1066 3115 1260 3208 interesse,
1293 3115 1492 3189 cardinales
1520 3139 1668 3214 preces-

332 3251 456 3318 serunt
478 3245 522 3317 ad
543 3244 654 3318 altare
676 3245 792 3341 majus
820 3244 915 3317 dicte
945 3243 1093 3340 majoris
1123 3241 1273 3338 capelle,
1296 3242 1391 3336 quod
1413 3242 1550 3314 nudum
1576 3249 1664 3334 erat,

332 3374 367 3440 et
388 3368 477 3440 nihil
501 3369 645 3465 penitus
669 3369 827 3466 desuper
849 3369 1020 3466 positum,
1046 3367 1107 3440 nbi
1131 3367 1267 3462 absque
1292 3366 1361 3439 alia
1385 3367 1589 3441 reverentia
1611 3369 1665 3441 vel

331 3491 583 3588 genuflexione
601 3494 679 3590 ipso
695 3493 797 3566 altari
818 3493 924 3582 lacta,
948 3498 984 3565 et
1005 3491 1111 3580 mal'e,
1130 3491 1237 3564 debet
1258 3491 1355 3564 enim
1374 3490 1453 3564 lieri
1474 3497 1510 3564 et
1530 3491 1663 3564 cantari

329 3617 539 3709 versiculus,
563 3625 597 3691 et
620 3619 734 3691 oratio
754 3643 819 3716 per
837 3619 996 3716 priorem
1017 3618 1283 3715 episcoporum,
1306 3619 1470 3692 lecerunt
1490 3618 1663 3691 circulum

330 3742 396 3840 ipsi
422 3743 635 3831 cardinales,
666 3751 702 3818 et
730 3751 811 3842 post
840 3743 982 3817 modica
1008 3744 1139 3832 verba,-
1161 3743 1234 3815 sive
1266 3767 1379 3840 panca
1407 3767 1473 3840 per
1498 3741 1664 3814 vicecan-

330 3867 516 3940 cellarium
546 3868 658 3959 dicta,
691 3893 760 3964 que
791 3875 912 3942 tamen
949 3892 1022 3941 non
1055 3867 1173 3941 andivi
1206 3867 1261 3940 vel
1291 3867 1469 3958 intellexi,
1501 3872 1599 3940 stans
1629 3867 1663 3938 in

330 4000 484 4085 remoto,
507 3995 622 4068 vocati
643 4001 726 4068 sunt
746 4019 885 4086 omnes,
909 3995 970 4091 qni
990 3995 1126 4068 ibidem
1145 3993 1182 4065 in
1202 3993 1296 4083 aula,
1318 3993 1372 4066 vel
1395 3994 1492 4066 circa
1513 3993 1662 4090 reperiri

329 4124 525 4216 potnerunt
554 4121 598 4194 ad
624 4122 835 4210 secundam,
868 4122 1011 4194 tertiam
1041 4128 1077 4195 et
1110 4128 1274 4218 quartam
1298 4119 1479 4193 custodias
1503 4119 1662 4192 conclavi

328 4245 502 4343 deputati,
526 4247 656 4341 quibus
677 4271 800 4320 coram
820 4246 1073 4336 cardinalibus,
1097 4253 1132 4320 et
1153 4246 1306 4343 collegio
1327 4243 1488 4342 predicto
1509 4264 1662 4337 congre-

328 4371 432 4482 gatis,
447 4375 572 4444 limus.
587 4376 630 4445 D.
644 4371 974 4462 vicecancellarius
989 4378 1172 4468 tamquam
1187 4372 1286 4469 prior
1299 4367 1554 4455 cardinalium,
1569 4368 1662 4440 reoi-

329 4497 412 4570 tavit
440 4521 502 4570 eos
533 4497 577 4570 ad
607 4495 807 4570 custodiam
840 4497 1018 4570 conclavis
1047 4498 1237 4595 deputatos
1267 4521 1365 4586 esse,
1396 4498 1589 4591 propterea
1617 4493 1660 4563 de

328 4621 483 4694 fideliter
503 4622 739 4696 custodiendo
765 4623 933 4694 conclave
958 4622 1089 4720 ipsum,
1117 4629 1152 4696 et
1176 4621 1382 4719 collegium,
1410 4625 1445 4690 et
1473 4617 1657 4715 palatium,

329 4751 364 4818 et
388 4769 460 4816 non
484 4744 725 4842 permittendo
761 4743 1001 4817 cardinalibus
1032 4743 1189 4839 aliquam
1219 4743 1343 4818 inlerri
1373 4743 1592 4828 violentiam,
1620 4765 1659 4815 ao

329 4869 521 4942 canonicas
538 4871 741 4943 sanctiones
758 4870 948 4942 observare
963 4867 1052 4940 velle
1074 4891 1183 4966 super
1200 4871 1272 4943 hoc
1287 4871 1524 4965 disputantes
1538 4869 1659 4966 jurare

329 5001 510 5093 oportere,
528 4995 589 5067 Sic
603 5019 666 5068 nos
681 4997 780 5068 Dens
798 4994 956 5089 adjacet,
974 5004 1009 5065 et
1021 5005 1142 5066 sancto
1156 4993 1227 5067 Dei
1241 4997 1443 5094 euorrpelim·
1460 5001 1495 5070 et
1515 5001 1659 5091 recepto

328 5147 394 5220 per
409 5123 579 5194 eumdem
598 5121 934 5194 vicecancellarium
957 5119 1134 5192 breviario
1157 5127 1295 5219 aperto,
1321 5129 1554 5196 accesserunt
1581 5127 1660 5195 ante
