3496 6056
91 479 233 548 [Septembre
244 480 312 556 llll]
394 479 521 538 RERUM
545 479 773 543 URBANARUM
797 482 1060 547 condonatam
1343 495 1393 554 101

128 636 196 710 Duo
210 633 267 708 alii
284 657 462 725 cursores,
479 635 638 712 vestibus
652 637 810 714 rosaccis
825 637 953 732 induti,
977 649 1179 739 equestres,
1203 669 1286 720 cum
1303 647 1394 724 duo-

90 761 143 832 bus
155 759 283 834 uexillis
296 759 415 835 rubeis
434 761 559 860 primis
579 762 624 838 dc
638 787 689 838 xu
711 766 921 863 majoribus,
940 767 1120 864 inquibus
1140 769 1272 869 depicti
1292 783 1394 849 arant

89 887 147 960 duo
157 883 312 982 spiritelli
326 909 417 983 quos
430 887 648 964 cherubinos
663 897 804 964 uocant.

125 1010 255 1090 Gabriel
280 1011 325 1087 de
345 1012 538 1105 Cesarinis,
563 1014 831 1092 confalonerius
853 1020 969 1112 Urbis,
993 1027 1090 1096 totus
1112 1021 1149 1096 in
1163 1021 1271 1096 armis
1287 1023 1390 1114 olbis,

90 1161 159 1212 cum
176 1135 465 1213 mantelliuasivc
480 1149 687 1237 supraueste
701 1142 746 1218 da
762 1143 901 1220 11111111
911 1147 1039 1238 11111,
1056 1171 1190 1243 equum
1205 1147 1392 1222 bardotum

89 1263 233 1359 equitans
255 1261 362 1335 simili
379 1269 478 1338 vaste
498 1264 656 1340 totaliter
670 1273 895 1365 coopertum,
913 1271 997 1347 hiuc
1019 1273 1102 1348 iude
1117 1273 1239 1347 literas
1253 1273 1393 1348 hebens

89 1393 117 1464 S.
136 1392 170 1462 P.
192 1391 232 1474 Q.
255 1391 317 1478 R.,
339 1395 486 1484 portans
509 1390 674 1466 vexillum
692 1417 865 1492 magnum
881 1419 1064 1472 armorum
1083 1398 1209 1496 Populi
1225 1399 1391 1489 Romani,

89 1512 169 1609 apud
182 1535 218 1584 sc
231 1513 371 1587 habens
384 1517 537 1609 quatuor
551 1513 744 1590 familiares
764 1517 964 1615 pedestres,
983 1520 1130 1594 baculos
1150 1521 1251 1596 albos
1264 1521 1393 1618 longos

86 1637 779 1729 1111111111,1111111111111111111111
795 1645 907 1720 rubeo
921 1645 1078 1737 indutos,
1094 1645 1267 1722 similibus
1280 1645 1393 1724 literis

87 1765 119 1838 in
132 1771 362 1839 transuersum
378 1771 461 1840 aute
477 1771 624 1840 1111111
640 1769 788 1842 ornatis.

127 1895 166 1964 o.
182 1891 383 1968 Bcruordus
398 1893 443 1966 de
459 1892 706 1990 Braudeburg,
730 1901 814 1970 tuuc
837 1901 958 1972 custos
981 1904 1017 1973 11
1031 1899 1224 1974 canonicus
1240 1899 1394 1976 ecclesia

87 2018 279 2115 lloguntine
300 2017 415 2114 quiin
435 2019 531 2092 Urbe
552 2026 629 2094 orat
648 2043 714 2116 pro
734 2021 1008 2100 confirmatione
1028 2030 1070 2100 R.
1094 2030 1153 2118 l).,
1172 2031 1216 2100 D.
1235 2028 1394 2104 Bertoldi

86 2142 122 2216 de
152 2143 403 2238 Hennemborg
435 2141 539 2218 electi
576 2144 879 2240 lloguntinensis,
916 2169 1011 2220 nunc
1039 2147 1197 2222 decanus
1231 2151 1393 2246 ejusdem

86 2267 231 2358 ecclesie,
259 2267 345 2342 loco
373 2267 597 2364 preceptoris
624 2269 697 2345 sive
723 2271 966 2367 procuratoris
992 2257 1127 2346 ordinis
1150 2271 1254 2363 beato
1281 2273 1393 2346 Mario

85 2393 391 2484 lheutouicorum,
408 2393 445 2468 iu
460 2393 569 2469 armis
593 2400 632 2469 ut
655 2395 758 2486 alter,
780 2396 1394 2472 111111111111111111111111111111111

85 2518 151 2594 albo
171 2541 249 2594 oum
273 2503 383 2594 eruce
403 2517 505 2614 nigra
528 2523 610 2592 aute
637 2525 674 2594 et
695 2526 806 2608 retro,
834 2543 967 2615 equum
987 2520 1141 2596 similem
1169 2521 1332 2618 equitans
1348 2521 1392 2594 de

84 2644 172 2717 simili
186 2643 336 2735 11111111,
354 2665 437 2719 cum
452 2667 585 2742 magno
598 2668 767 2742 pennonc
781 2669 963 2720 armorum
979 2647 1113 2720 ordinis
1124 2646 1286 2746 predicti,
1298 2646 1398 2743 apud

84 2793 114 2846 sc
134 2769 262 2845 habeus
282 2776 439 2867 quatuor
465 2769 673 2861 familiares,
696 2777 735 2844 ut
753 2771 857 2860 alter,
880 2771 1098 2848 mantelliuis
1118 2772 1300 2848 bocoasiui
1320 2769 1390 2845 albi

84 2917 153 2968 cum
166 2917 268 2970 cruce
285 2896 390 2992 nigra
403 2901 486 2970 aute
503 2901 539 2970 et
554 2901 651 2970 retro
666 2897 823 2970 indutos.

121 3024 292 3098 lohannes
323 3021 536 3096 Fraucisous
565 3023 609 3094 de
636 3022 771 3098 Balneo
803 3047 926 3098 oorues
954 3024 990 3096 in
1014 3022 1124 3096 armis
1151 3027 1189 3098 ut
1214 3023 1273 3096 alii
1300 3024 1389 3113 duo,

83 3149 309 3224 montelliusm
330 3148 468 3222 habens
489 3149 534 3221 de
555 3147 692 3222 tallctta
711 3147 830 3222 albam
851 3155 977 3240 totam,
1001 3155 1036 3223 et
1052 3171 1184 3244 equum
1204 3148 1393 3224 bardatum

83 3273 119 3346 11
134 3273 260 3348 1111111
274 3275 383 3349 simili
402 3275 791 3371 totalitercoopertum,
810 3276 904 3372 opud
914 3299 953 3348 se
968 3273 1108 3350 habens
1123 3279 1276 3370 quatuor
1289 3273 1393 3349 sami·

82 3397 172 3474 liores
184 3400 403 3476 mantelliuis
420 3402 464 3474 de
480 3399 674 3476 boccasiuo
689 3400 771 3474 albo
789 3399 946 3490 indutos,
963 3405 1111 3496 portans
1128 3399 1293 3475 uexillum
1309 3423 1392 3475 cum

83 3526 173 3600 armis
187 3530 295 3624 Pape.
1007 3623 1010 3630 Ι

117 3652 284 3726 Antonius
305 3652 504 3727 Mirandule
535 3675 658 3726 comes
683 3651 720 3724 iu
743 3651 869 3741 armis,
897 3660 936 3726 ut
955 3653 1013 3727 alii
1031 3658 1104 3728 tres
1123 3651 1276 3750 predicti
1288 3675 1392 3728 mau-

84 3773 190 3849 tellum
221 3777 362 3852 habeus
397 3778 470 3858 sire
506 3784 751 3875 supravestem
785 3801 829 3851 ex
864 3776 1002 3852 11111111
1040 3777 1152 3852 rubeo
1190 3782 1227 3852 11
1259 3799 1392 3873 equum

84 3896 250 3976 bardatum
274 3905 311 3978 in
334 3903 440 3978 simili
464 3903 602 3978 talletta
625 3911 850 4000 coopertum,
875 3909 1022 3999 portans
1044 3903 1213 3978 vexillum
1233 3901 1392 3976 Ecclesia

83 4027 208 4121 apudse
220 4029 727 4126 habensquatuorlamiliares
739 4027 1010 4103 mantelliuisde
1022 4027 1390 4103 hoccasiuisiudutos.

122 4151 427 4252 Thurcopellcrius
443 4155 665 4240 Rhodionus,
689 4154 809 4251 magui
832 4153 992 4250 magistri
1014 4153 1148 4228 ordinis
1169 4175 1197 4227 a.
1217 4151 1391 4226 lobannis

84 4276 382 4380 llierosolymitoui
400 4286 534 4369 orator,
552 4279 588 4352 in
604 4279 713 4354 armis
730 4285 768 4352 ut
785 4279 844 4354 alii
859 4285 1011 4374 quatuor
1025 4278 1189 4376 predicti,
1211 4300 1395 4374 supraves·

84 4406 144 4475 tem
158 4404 293 4480 habeus
309 4406 353 4482 de
371 4405 508 4482 lalletto
526 4406 638 4480 rubeo
659 4429 741 4480 cum
761 4428 868 4478 cruce
885 4405 965 4482 alba
979 4429 1046 4504 per
1063 4404 1237 4496 medium,
1258 4411 1341 4478 ante
1357 4407 1393 4477 11

84 4533 178 4621 retro,
203 4539 351 4628 portans
375 4532 542 4607 vexillum
563 4532 698 4606 ordinis
722 4532 888 4630 predicti,
916 4533 1082 4609 videlicet
1103 4537 1218 4606 totum
1241 4529 1392 4604 rubeum

85 4675 153 4728 curn
171 4681 301 4756 magna
325 4683 432 4734 cruce
460 4659 540 4733 alba
561 4683 625 4757 per
643 4659 815 4750 medium,
843 4684 975 4756 equum
1003 4659 1191 4734 bardatum
1214 4656 1391 4754 equitans,

87 4789 312 4877 supravestem
324 4809 368 4860 ex
383 4785 490 4858 simili
505 4785 643 4860 11111111
657 4809 739 4860 cum
752 4808 859 4860 cruce
872 4786 1080 4874 habentem,
1095 4783 1235 4858 habeus
1247 4782 1341 4881 apud
1355 4806 1392 4856 sc

86 4912 221 4998 quatuor
233 4909 427 4986 familiares
448 4911 649 5008 pedestres,
671 4911 887 4986 montellinis
907 4911 951 4986 de
973 4909 1167 4984 hoccasiuo
1183 4911 1295 4985 rubeo
1311 4931 1392 4983 oum

88 5051 177 5108 cruce
191 5037 271 5110 alba
285 5043 368 5112 aute
385 5043 421 5111 et
435 5011 532 5112 retro
551 5035 708 5110 indutos.

123 5159 162 5231 lli
176 5161 345 5260 quinque,
366 5185 430 5236 suo
447 5161 571 5265 ordine
587 5161 762 5258 predicto,
786 5163 952 5238 videlicet
967 5185 1059 5238 uuus
1073 5167 1155 5260 post
1169 5161 1278 5235 alium
1291 5157 1394 5257 equi·
