3436 6038
34 486 208 548 'revirescere
335 481 461 539 RERUM
486 479 713 538 URBANARUM
737 479 999 538 COMMENTARH.
1283 481 1336 535 237

31 634 324 712 vicecancellarius
339 640 374 706 et
388 633 656 730 Andegavensis
672 631 885 722 cardinales,
901 633 963 728 qni
983 641 1118 722 tamen,
1138 632 1335 707 rationibus

31 763 105 837 meis
128 759 332 851 intellectis,
371 759 641 856 acquieverunt.
673 763 758 833 Mox
782 758 900 832 sciens
920 758 1094 854 quosdam
1127 757 1249 832 dicere
1277 781 1335 833 me

31 893 82 962 SS.
99 891 137 960 l).
155 889 198 958 N.
214 909 326 982 super
339 884 409 958 hoc
424 884 619 958 informare
634 884 780 976 debere,
803 881 973 980 quiesset
991 905 1056 979 pro
1072 881 1217 972 comite,
1236 881 1308 954 dixi
1326 908 1333 952 :

31 1049 43 1079 «
58 1011 88 1084 Si
103 1014 194 1106 Papa
208 1031 276 1104 pro
292 1009 437 1098 comite,
455 1009 534 1105 quis
554 1033 620 1107 pro
636 1009 775 1108 justitia
796 1009 888 1083 erit?
911 1039 927 1075 c
957 1008 1169 1105 Equitarunt
1194 1007 1339 1082 interim

30 1135 223 1222 inordinate,
242 1133 351 1208 ambo
366 1133 471 1230 primi
482 1134 667 1225 videlicet;
686 1159 770 1208 cnm
786 1157 909 1208 comes
932 1131 1166 1206 nibilominus
1179 1133 1341 1230 superio-

31 1283 93 1333 rem
120 1259 240 1332 locum
267 1258 439 1332 retineret
452 1258 489 1330 in
509 1259 664 1334 ecclesia
679 1283 708 1331 s.
735 1259 848 1351 Pauli,
869 1261 930 1333 SS.
948 1261 990 1330 D.
1010 1259 1064 1348 N.,
1080 1257 1265 1331 intellecta
1282 1283 1339 1330 ra-

31 1385 110 1458 tione
122 1383 389 1472 mea,mandari
397 1384 502 1482 jussit
518 1385 677 1480 utrisque
689 1390 727 1457 ut
743 1383 1003 1459 neuterofficio
1014 1383 1218 1474 interesset,
1232 1392 1339 1481 prout

31 1509 144 1582 factum
171 1514 239 1582 est.
268 1509 383 1583 Finita
408 1509 536 1599 missa,
562 1513 674 1606 Papa,
700 1509 848 1583 dimisso
869 1516 952 1582 ante
977 1509 1089 1584 altare
1114 1509 1274 1607 pluviali,
1304 1508 1341 1582 in

31 1637 107 1708 stola
135 1635 278 1708 intravit
313 1634 584 1724 monasterium,
618 1634 677 1708 nbi
699 1634 781 1709 fecit
803 1635 1008 1732 prandium,
1035 1633 1184 1710 retentis
1213 1653 1336 1707 secum

31 1759 187 1855 aliquibus
202 1759 459 1832 cardinalibus.
479 1763 630 1833 Peracto
643 1759 794 1856 prandio
809 1761 872 1833 SS.
891 1760 1174 1834 restitnitcaslra
1188 1785 1218 1832 s,
1239 1757 1338 1832 Pauli

32 1885 189 1979 ingoerra
203 1883 393 1982 superiore
414 1891 530 1980 capto,
557 1891 592 1958 et
613 1884 732 1958 abbati
753 1883 937 1959 licentiam
959 1887 1140 1960 concessit
1165 1885 1226 1958 illa
1249 1885 1341 1958 rein-

19 2009 142 2082 .trandi.
161 2009 302 2083 Deinde
319 2009 415 2083 circa
433 2009 561 2082 horam
583 2033 643 2082 xxi
663 2009 700 2081 in
721 2011 849 2084 eodem
869 2009 994 2084 habitu
1014 2033 1055 2084 ac
1071 2011 1200 2084 eodem
1216 2009 1341 2082 ordine

33 2157 83 2229 per
96 2133 259 2208 camdem
273 2133 366 2206 viam
382 2133 485 2205 rediit
496 2133 542 2206 ad
551 2133 723 2230 palatium
735 2133 830 2231 apud
843 2157 872 2206 s.
887 2137 1046 2222 Petrum,
1059 2132 1341 2228 precedentibus

34 2257 131 2352 ipsum
156 2282 267 2333 cruce
292 2263 328 2330 et
350 2258 590 2332 cardinalibus
616 2282 657 2332 ac
681 2258 842 2355 principe
875 2257 1180 2331 Salernitanense.
1211 2259 1341 2328 domes

34 2407 100 2456 vcro
120 2384 281 2458 Tendille
307 2371 378 2456 non
404 2383 561 2456 interfuit
586 2409 593 2456 :
621 2383 710 2458 citra
731 2391 878 2482 pontem
902 2408 932 2456 e.
956 2382 1099 2481 Acigcli,
1124 2380 1338 2470 cardinales,

32 2507 181 2582 licentiati
197 2533 219 2582 a
236 2513 348 2603 Papa,
367 2507 494 2582 domos
510 2508 705 2582 redierunt.

72 2633 232 2724 Sabbata,
251 2639 296 2706 27
310 2633 478 2730 januarii,
497 2633 533 2706 in
547 2634 703 2708 ccclesia
722 2659 749 2708 s.
764 2633 956 2708 Salvatoris
975 2627 1200 2724 Ursinorom,
1220 2629 1342 2707 habite

35 2767 102 2830 sord
119 2759 271 2855 exequie
290 2759 385 2832 bone
405 2759 579 2834 memorie
603 2759 761 2832 Silvestri
778 2759 936 2858 episcopi
958 2759 1171 2857 Glugiensis.
1197 2757 1343 2830 Missam

35 2883 209 2957 celebravit
225 2889 270 2957 R.
290 2883 327 2956 in
347 2883 489 2956 Christo
511 2888 550 2956 P.
575 2889 617 2958 b.
641 2884 740 2958 Titus
761 2885 951 2982 episcopus
972 2884 1172 2958 Castrensis
1187 2884 1223 2956 in
1238 2883 1346 2980 patri-

36 3010 150 3082 monio.
166 3008 317 3082 funesti
333 3008 480 3082 fuerunt
495 3031 570 3101 sex,
593 3009 772 3084 videlicet.
793 3015 836 3083 b.
854 3009 1023 3101 lacobus,
1042 3009 1153 3084 frater
1167 3007 1341 3098 defuncti,

36 3157 130 3229 nepos
156 3159 244 3208 suus
270 3141 307 3208 et
328 3139 482 3230 quatuor
501 3133 695 3209 familiares
717 3137 819 3233 juxta
843 3135 1059 3210 catalectum
1083 3134 1169 3220 hinc
1189 3139 1225 3206 et
1243 3131 1340 3204 inde.

35 3260 172 3333 fuerunt
196 3259 380 3334 interficia
411 3259 615 3350 duodecim,
635 3261 747 3357 iuxta
774 3260 993 3358 sepulturam
1024 3259 1117 3350 duo;
1146 3257 1342 3334 celebranti

36 3379 137 3454 datum
151 3389 205 3457 est
221 3407 336 3457 unum
349 3391 385 3458 et
399 3409 463 3482 pro
479 3385 676 3460 elevatione
692 3383 1340 3481 sacramenti'sexquatuorlibrarum.

36 3507 259 3582 iuterfuerunt
274 3509 406 3584 familie
424 3515 641 3584 RRmorum.
660 3536 689 3585 s,
709 3513 832 3603 Marci,
852 3536 881 3585 s.
900 3511 1094 3585 Clementis
1112 3517 1147 3584 et
1163 3533 1194 3582 S.
1214 3497 1359 3605 Angeli¹

36 3633 264 3724 cardinalium,
283 3635 442 3734 episcopi
459 3643 546 3728 tres,
565 3638 669 3712 electi
685 3639 769 3728 dccc,
792 3663 885 3711 unus
905 3634 1172 3734 protonotarius
1189 3639 1225 3706 et
1240 3631 1344 3730 pauci

37 3758 82 3829 alii
105 3761 269 3834 curiales.
299 3763 427 3836 Habite
455 3769 538 3836 snut
570 3763 732 3854 candele,
763 3769 844 3838 octo
868 3763 1040 3837 librarum
1072 3785 1169 3852 cere,
1197 3759 1340 3856 viginti;

37 3886 134 3960 medie
152 3887 259 3976 libre,
283 3886 449 3984 triginta3
473 3895 509 3961 et
529 3897 601 3963 tres
621 3913 685 3962 seu
708 3895 861 3984 quatuor
878 3888 1064 3964 unciarum
1082 3885 1342 3984 quinquaginta
1470 3954 1473 3962 .

38 4009 80 4080 rel
93 4014 286 4110 sexaginta.
303 4017 517 4087 Sermonem
532 4013 616 4089 facit
628 4021 708 4112 post
725 4014 872 4088 missam
888 4014 1033 4110 quidam
1044 4010 1342 4086 fraterlllatthcus

38 4135 151 4209 ordinis
166 4139 434 4236 predicatorum
453 4163 461 4212 τ
480 4163 550 4234 quo
566 4139 681 4230 finite,
699 4141 887 4214 celebrans
907 4139 990 4214 fecit
1009 4137 1288 4224 absolutionem,
1307 4139 1343 4208 et

39 4255 94 4329 alia
106 4283 201 4337 more
219 4263 325 4337 solito
343 4269 425 4336 sunt
441 4263 641 4337 observata.

77 4387 170 4461 Faria
184 4389 321 4485 quinta,
344 4393 358 4460 l
378 4388 514 4462 mensis
529 4387 713 4480 februarii,
726 4391 947 4488 perUrbcm,
964 4389 1057 4464 tubis
1073 4387 1338 4478 resonantibus,

41 4511 237 4599 proclamata
249 4521 304 4588 est
323 4513 569 4589 confederatio
589 4516 682 4598 inter
699 4539 880 4590 summum
894 4515 1103 4613 pontificem
1123 4521 1159 4587 ct
1178 4513 1345 4586 dominos

42 4633 251 4712 l'cnetiarnm
268 4645 304 4713 et
328 4663 452 4714 eornm
469 4641 697 4733 coherentes,
717 4641 878 4716 subditos
894 4649 982 4732 etc,
1001 4640 1132 4714 cdxxv
1154 4663 1283 4728 annos,
1312 4645 1347 4712 et

42 4755 149 4836 deinde
163 4766 333 4860 quamdin
348 4765 511 4864 partibus
528 4767 699 4864 placebit.

81 4886 172 4958 l'cria
187 4897 301 4978 sexta,
329 4895 349 4962 2
374 4890 557 4982 februarii,
583 4893 715 4967 festum
733 4891 990 4990 purificationis
1011 4891 1116 4966 beate
1136 4892 1246 4965 llario
1274 4890 1348 4964 vir-

44 5007 131 5101 ginis,
157 5017 219 5088 SS.
245 5019 287 5088 D.
315 5019 357 5088 N.
388 5043 471 5092 cum
498 5018 534 5090 in
560 5041 712 5110 camera
735 5017 910 5115 papagalli
939 5024 1151 5115 paramenta
1178 5025 1354 5091 consueta

43 5133 213 5231 acciperet,
231 5141 412 5216 mandavit
429 5143 515 5218 mihi
532 5145 630 5240 quod
654 5145 814 5219 dicerem
827 5143 1133 5241 archiepiscopos.
1156 5144 1306 5216 dndrce·
1319 5145 1355 5216 et
