3422 6034
295 442 350 506 ⁴02
751 433 927 498 JOHANNIS
951 430 1172 504 bosculum,
1461 429 1622 504 [11111111]

298 597 477 675 cedebant
494 614 616 668 comes
637 589 839 668 Mirandnla
859 599 895 666 et
915 590 976 664 alii
991 588 1197 688 complures
1212 587 1367 666 comites
1384 595 1421 664 et
1438 587 1573 666 domini
1585 615 1621 666 ec

297 726 452 800 barones
469 720 621 794 Romani
640 743 705 794 suo
724 718 853 794 ordine
871 717 1087 814 equitantes.

347 851 517 939 Sabbato,
536 846 657 924 3dicti
676 844 811 920 mensis
827 844 963 940 aprilis,
982 843 1054 916 dixi
1070 845 1133 917 SS.
1155 846 1198 916 u.
1222 845 1266 916 N.
1283 839 1484 916 hisdiebus
1499 841 1621 918 emisse

297 977 456 1052 olticium
471 976 578 1048 unius
594 996 638 1048 ex
648 970 830 1066 magistris
844 970 988 1066 registri
1003 968 1388 1066 supplicationumaL.
1403 966 1449 1042 dc
1460 969 1619 1056 Bertinis‚

297 1101 532 1200 supplicando
544 1097 731 1174 Sanctitati
748 1120 812 1170 sue
827 1096 937 1170 obtuli
949 1095 1018 1168 hoc
1034 1093 1195 1191 expediri
1212 1093 1444 1190 etplumbari
1459 1095 1621 1170 mandare

295 1227 416 1314 vellet,
434 1235 470 1301 et
490 1223 793 1320 compositionem
810 1245 880 1317 que
900 1243 983 1294 cum
999 1219 1137 1293 datario
1152 1243 1218 1316 pro
1231 1226 1385 1314 quatuor
1397 1218 1537 1292 ducatis
1551 1219 1621 1292 lieri

297 1353 404 1440 solet,
426 1351 514 1424 mihi
534 1349 691 1444 benigne
712 1347 928 1422 remitteret.
956 1346 1094 1420 Literas
1117 1345 1213 1442 ipsas
1235 1345 1393 1441 gratiose
1413 1344 1573 1442 expediri
1591 1353 1621 1417 et

294 1477 474 1575 plumbari
488 1472 684 1561 mandavit,
698 1479 734 1547 et
746 1471 1048 1568 compositionem
1062 1469 1272 1568 hujusmodi
1284 1469 1374 1542 mibi
1389 1469 1503 1544 libere
1519 1469 1623 1544 dona-

207 1627 215 1634 ·
294 1602 343 1675 vit
357 1624 431 1674 non
452 1599 570 1674 solum
591 1597 655 1674 sed
676 1603 712 1672 et
732 1596 943 1686 secretario,
972 1603 1010 1670 ut
1033 1596 1156 1669 literas
1180 1595 1275 1692 ipsas
1297 1594 1485 1692 expediret
1502 1594 1623 1691 quibus

295 1725 414 1800 adhuc
442 1724 487 1797 ab
512 1721 622 1798 bodie
647 1747 707 1796 me
730 1723 776 1796 ad
803 1721 913 1798 oflicii
936 1719 1143 1819 hujusmodi
1164 1721 1379 1796 exercitium
1408 1719 1621 1806 admitteret,

299 1850 492 1946 diligenter
506 1848 700 1924 commisit.

340 1974 476 2048 Eadem
494 1973 566 2062 die,
587 1972 755 2046 dominns
769 1975 808 2044 L.
827 1969 871 2045 de
889 1969 1045 2045 Bertinis
1056 1969 1291 2066 resignationi
1302 1970 1511 2068 hujusmodi
1522 1972 1558 2046 in
1568 1995 1622 2046 ca-

298 2123 400 2172 mera
413 2098 612 2186 consensit,
630 2097 675 2170 ad
693 2098 796 2194 cujus
816 2096 1029 2170 exercitium
1049 2119 1132 2191 ego,
1155 2095 1213 2169 die
1230 2095 1357 2170 martis
1378 2101 1401 2168 6
1420 2095 1506 2170 dicti
1525 2119 1621 2170 men·

297 2225 346 2298 sis
361 2248 426 2321 per
439 2229 482 2298 o.
501 2222 706 2298 Gabrielem
731 2221 775 2296 de
791 2221 916 2296 Phene
937 2221 974 2293 in
994 2220 1125 2295 eodem
1144 2219 1264 2294 officio
1290 2221 1473 2296 seniorem
1496 2221 1620 2317 magis-

298 2357 406 2438 trum,
437 2348 593 2422 dominis
621 2346 786 2420 lohanne
816 2346 1009 2420 Laurentio
1036 2345 1080 2420 de
1106 2346 1269 2420 Venetiis
1297 2353 1333 2422 et
1354 2347 1557 2422 Alexandro
1579 2346 1619 2419 de

297 2474 469 2548 Cortesiis
494 2473 644 2569 collegis
668 2473 755 2562 suis,
781 2474 900 2570 potius
921 2479 1043 2546 tamen
1059 2494 1125 2568 per
1142 2495 1201 2546 me
1221 2473 1462 2569 personaliter
1476 2473 1619 2570 requisi·

296 2599 341 2674 tis
359 2605 395 2673 et
415 2598 616 2686 consensis
640 2597 819 2672 admissos
838 2597 888 2670 tui
906 2597 1106 2672 innomine
1122 2597 1280 2672 Domini.

346 2724 412 2796 Die
428 2722 611 2798 dominica
625 2730 727 2798 sexta
746 2721 1023 2820 quadragesime
1044 2747 1114 2820 que
1129 2723 1332 2820 palmarum
1345 2722 1488 2812 dicitur,
1505 2723 1618 2798 tdicti

297 2848 433 2922 mensis
448 2847 585 2946 aprilis,
603 2851 665 2922 SS.
687 2852 730 2923 Ι).
757 2855 883 2924 noster
899 2855 1045 2946 paratus
1062 2871 1163 2924 more
1184 2849 1290 2923 solito
1317 2849 1414 2924 veuit
1438 2849 1485 2922 ad
1506 2849 1617 2946 capel-

295 2971 367 3044 lam
398 2973 598 3070 predictam
627 2973 687 3046 ubi
716 2973 902 3048 benedixit
935 2973 1073 3071 palmas
1098 2997 1200 3048 more
1229 2974 1349 3050 solito.
1387 2975 1617 3048 luterluernnt
1700 2973 1701 2986 ’

295 3097 415 3170 officio
434 3098 557 3171 Urbini
576 3105 612 3172 et
634 3101 723 3172 Sore
738 3099 849 3172 duces
865 3123 907 3172 ac
923 3103 966 3172 o.
985 3099 1171 3172 Mauritius
1191 3099 1279 3172 Cibo
1293 3100 1403 3174 irater
1421 3103 1530 3196 Papa,
1546 3099 1617 3194 qui·

295 3221 362 3296 bus
389 3225 486 3318 Papa
505 3221 604 3298 dedit
625 3223 763 3320 palmas
789 3220 874 3321 post'
889 3223 1091 3300 cardinales
1106 3224 1266 3321 prelatos
1285 3225 1510 3300 assistentes.
1530 3229 1616 3298 onas

295 3348 432 3443 palmas
461 3351 556 3444 Papa
581 3355 773 3422 tenuerunt
791 3349 915 3422 Urbini
939 3373 962 3422 a
980 3349 1116 3423 dextris
1132 3357 1169 3424 ct
1188 3351 1277 3424 Sora
1298 3349 1410 3424 duces
1434 3375 1456 3424 a
1475 3349 1615 3424 sinistris

294 3474 389 3567 Pape
406 3472 442 3544 in
462 3472 553 3544 solio
574 3480 711 3548 stantes
727 3498 815 3570 quas
834 3474 1152 3548 vicecancellarius
1170 3473 1269 3549 dedit
1288 3476 1465 3572 pontifici.
1487 3481 1612 3572 Aquam

293 3617 358 3691 pro
374 3595 539 3668 manibus
551 3600 660 3694 Papa,
678 3607 759 3694 post
774 3600 977 3696 palmarum
989 3599 1295 3690 distributionem,
1311 3599 1411 3674 dedit
1428 3605 1471 3674 D.
1490 3599 1613 3674 ltober-

292 3725 350 3792 tus
370 3725 491 3792 orator
510 3721 721 3818 imperialis,
745 3729 835 3798 Rmo
852 3728 894 3796 l).
910 3724 1208 3797 vicecancellario
1230 3724 1349 3820 ipsum
1365 3725 1564 3822 adjuvante.
1580 3728 1611 3796 ln

292 3844 525 3939 processione
546 3849 589 3918 l).
610 3849 799 3922 Mauritius
822 3849 924 3938 Cibo,
943 3850 1054 3924 trater
1069 3853 1178 3946 Pape‚
1198 3851 1353 3947 portavit
1373 3849 1525 3924 caudam
1545 3849 1612 3946 plu·
1697 3933 1698 3938 η

291 3966 392 4040 vialis
414 3970 522 4065 Pape.
544 3971 704 4068 Accepta
722 3997 816 4068 aqua
834 3997 900 4070 per
919 3973 1144 4072 pontificem,
1163 3979 1287 4048 Rmus.
1315 3979 1358 4050 l).
1386 3975 1610 4048 cardinalias.
1697 3955 1698 4041 l

291 4091 487 4166 Clementis
511 4093 759 4170 celebraturus
787 4099 941 4172 accessit
958 4099 1003 4172 nd
1027 4099 1267 4174 faldistorium
1285 4098 1360 4190 ubi,
1383 4099 1532 4174 dimissa
1546 4100 1612 4196 pla-

289 4224 387 4306 neta,
404 4220 544 4315 accepit
564 4243 715 4319 cappam
738 4247 840 4296 suam
860 4230 896 4297 et
914 4223 1093 4314 sandalie;
1116 4233 1207 4312 turn,
1231 4224 1382 4298 dimissa
1401 4249 1527 4324 cappa,
1550 4224 1609 4297 alia
1696 4265 1697 4294 1

290 4353 514 4438 paramenta,
533 4345 615 4420 lotis
631 4349 731 4443 prius
749 4349 915 4422 manibus
931 4373 1033 4424 more
1050 4349 1169 4424 solito.
1188 4353 1286 4448 Papa
1307 4350 1407 4424 dedit
1424 4347 1608 4424 celebranti

289 4487 396 4538 unam
412 4468 569 4564 palmam
589 4478 740 4546 tantum.
759 4477 846 4548 Tres
862 4482 1030 4549 cantores
1046 4475 1106 4572 qui
1126 4483 1318 4550 cantarunt
1337 4477 1541 4573 passionem
1555 4498 1608 4572 pa·
1695 4527 1696 4530 =

288 4591 356 4663 rati
382 4591 526 4668 luerunt
555 4596 645 4669 albis
675 4599 776 4673 stolis
800 4608 835 4673 et
865 4601 1059 4698 manipulis
1081 4601 1251 4676 violaceis
1276 4625 1409 4697 magna
1437 4599 1608 4697 diligentia

288 4735 389 4804 mea;
414 4719 564 4793 sacrista
582 4745 621 4796 se
642 4732 849 4819 opponente
867 4747 909 4798 ac
930 4725 1072 4800 volente
1091 4725 1188 4822 quod
1208 4725 1298 4799 albis
1318 4726 1432 4822 nigris
1450 4733 1486 4800 et
1500 4723 1606 4798 rubeis
1694 4805 1695 4818 χ

287 4843 506 4932 paramentis
521 4852 628 4941 prout
651 4847 689 4919 111
707 4849 791 4922 villa
814 4873 879 4924 sua
902 4850 982 4924 fieri
997 4851 1090 4924 solet
1107 4856 1143 4924 et
1160 4849 1248 4924 alias
1266 4851 1303 4924 in
1320 4850 1461 4948 capella
1483 4857 1603 4928 nostra,
1694 4827 1695 4854 ³

288 4971 415 5036 contra
431 4972 550 5042 temen
572 4981 749 5048 meamet
771 4975 1074 5070 predecessorum
1101 4997 1143 5050 ac
1170 4976 1352 5051 sociorum
1376 4995 1605 5050 meorumve

288 5080 476 5176 lucratam,
501 5090 565 5165 tuit
581 5093 812 5174 observatum
829 5106 866 5174 et
885 5098 993 5174 male.
1016 5097 1134 5173 Finita
1148 5099 1273 5189 missa,
1296 5101 1359 5172 SS.
1385 5103 1427 5176 o.
1452 5101 1493 5172 Ν.
1512 5118 1603 5194 para·
1693 5155 1694 5162 .
