3578 6032
265 466 318 524 534
826 464 1037 530 nPPshulcs.

266 618 442 700 prefectus,
459 616 622 699 ltegutum
637 616 897 684 otlumannidem
908 620 1125 696 humanitate,
1141 623 1266 690 honore
1277 625 1509 708 obsequioque
1524 645 1595 708 pro·

268 717 428 797 sequitur.

502 1122 514 1152 ‹
530 1096 653 1200 Pompa
666 1115 729 1178 quo
743 1105 886 1178 acceptas
900 1111 947 1164 est
960 1121 979 1164 a
993 1101 1127 1168 Rhodiis
1141 1123 1200 1170 rac
1213 1111 1366 1188 Zyrymp.

308 1275 324 1310 a
341 1255 467 1315 Interea
484 1249 583 1332 Regis
596 1249 743 1314 aduentu
756 1253 923 1330 nunciato,
938 1257 1098 1333 parantur
1112 1273 1177 1338 que
1196 1275 1317 1341 pompe
1332 1260 1480 1324 deceant.
1498 1261 1604 1324 Strui·

265 1357 320 1415 tur
333 1349 377 1414 ad
388 1367 479 1414 mare
490 1347 622 1430 ligneus
637 1365 722 1428 pons
737 1353 794 1432 qui
807 1352 1063 1415 descendentem
1077 1355 1216 1435 excipiat
1230 1373 1344 1437 regern
1360 1375 1368 1419 ε
1384 1357 1496 1438 pontis
1510 1357 1602 1420 enirn

263 1451 438 1532 longitudo
450 1451 485 1513 in
500 1463 592 1511 mare
612 1453 768 1527 protensa
789 1451 903 1514 decem
917 1449 985 1514 iere
999 1466 1161 1530 passuum
1179 1453 1258 1528 iuit;
1282 1439 1428 1519 latitudo
1441 1461 1600 1536 quatuor,

265 1552 386 1633 quibua
415 1563 501 1630 equo
528 1549 635 1632 gradu
656 1551 770 1630 plures
797 1552 949 1616 incedere
975 1557 1123 1634 possent,
1149 1551 1350 1616 attrebatum
1375 1553 1495 1632 pannis
1516 1569 1602 1615 auro

264 1654 401 1732 argento
418 1649 521 1712 serico
540 1649 683 1727 lanaque
700 1651 863 1714 contextis
878 1671 885 1714 :
902 1669 962 1731 pro
976 1652 1142 1732 gallorum
1157 1651 1330 1732 belgarum
1348 1666 1441 1713 more
1455 1651 1523 1732 (qni
1537 1651 1602 1712 hu·

263 1749 353 1811 iusce
367 1748 448 1810 artis
463 1747 651 1810 inventores
667 1751 699 1810 et
714 1749 890 1828 peritiores
905 1754 1064 1830 putantur
1078 1765 1162 1829 pons
1186 1753 1338 1825 ornatur3
1354 1751 1406 1812 via
1423 1751 1511 1811 enirn
1534 1765 1604 1829 qua

264 1847 386 1927 pedum
397 1846 535 1926 vestigia
550 1845 742 1908 incedentes
752 1853 959 1927 premerent;
974 1849 1164 1910 thurcorum
1176 1848 1271 1928 pictis
1281 1849 1401 1928 tapetis
1417 1849 1602 1910 stermitur.

263 1946 411 2025 vicique
427 1949 519 2024 parte
535 1943 769 2022 eundumfuit,
787 1947 883 2010 mirto
907 1947 1046 2011 floribus
1070 1961 1208 2010 suauem
1225 1945 1360 2026 quidem
1379 1946 1515 2008 odorem
1531 1945 1604 2026 spi-

264 2045 414 2109 rantibus
428 2043 573 2124 respersi
584 2057 622 2106 ao
635 2045 792 2120 varietate
806 2051 885 2108 sunt
901 2043 1058 2108 distincti.
1070 2046 1232 2108 Primores
1245 2061 1283 2109 ac
1294 2035 1423 2126 plebeia
1435 2062 1520 2126 gens
1533 2062 1603 2125 que

263 2140 306 2205 ad
321 2142 544 2222 spectaculum
559 2149 771 2220 conuenerat,
787 2143 858 2206 vias
873 2142 1038 2207 obsident.
1061 2145 1208 2208 Matrone
1227 2160 1265 2206 ac
1276 2149 1378 2223 nupta
1393 2141 1604 2224 innuptaque

262 2243 370 2322 puelle
385 2241 601 2307 adsenestras
617 2241 751 2316 sedent3
768 2241 943 2321 Reliquum
963 2241 1084 2323 vulgus
1099 2246 1185 2304 tecta
1200 2239 1390 2303 conscendit
1408 2244 1445 2302 ut
1463 2241 1603 2303 venien·

263 2347 329 2404 tem
345 2339 547 2419 conspiciant
562 2356 685 2420 regem.
703 2340 821 2402 Nauim
839 2344 917 2402 ante
940 2345 1056 2419 portus
1077 2339 1222 2401 hostium
1245 2337 1398 2401 anchoris
1422 2337 1603 2400 subnixam

243 2475 245 2480 ·
264 2439 388 2502 Rhodia
404 2438 547 2501 triremis
560 2439 799 2518 propinquans,
814 2455 928 2519 regem
943 2438 1109 2518 excipiens
1122 2437 1164 2500 ad
1178 2446 1314 2517 pontem
1327 2437 1427 2499 vehit.
1442 2437 1603 2499 Premissi

263 2543 341 2601 sunt
355 2543 543 2620 prestantes
557 2538 713 2600 senatorii
728 2535 853 2600 ordinis
866 2537 1006 2617 equites,
1020 2537 1077 2616 qui
1093 2539 1238 2619 zyzymy
1251 2536 1509 2600 descendentem
1523 2551 1604 2598 con·

264 2635 420 2698 salutent.
436 2637 502 2697 Nos
519 2635 671 2714 sequitur
684 2635 805 2718 longus
818 2633 1017 2699 famulorum
1033 2635 1114 2698 ordo
1131 2653 1139 2696 :
1155 2635 1295 2717 insignis
1308 2633 1458 2716 magistri
1469 2633 1603 2697 redimi-

262 2739 371 2796 torum
383 2733 519 2814 gallicos
532 2737 648 2795 cantus
663 2733 866 2796 vibrancium
883 2751 891 2794 :
908 2731 1026 2796 deinde
1042 2733 1182 2795 iuuenes
1204 2735 1308 2814 prime
1330 2731 1499 2814 lanuginis
1516 2732 1601 2794 mlli-

140 2903 142 2912 ,
262 2839 312 2897 tes
333 2833 615 2910 hierosolimitani,
632 2829 819 2908 lucentibus
846 2831 940 2911 equis
960 2830 1156 2909 insidentes,
1182 2835 1294 2912 totque
1311 2835 1403 2894 veste
1427 2830 1552 2893 sericea
1565 2835 1603 2894 et

262 2931 435 3014 splendido
451 2937 570 2996 ornatu
595 2931 750 3004 distincti,
765 2929 932 2992 incedunt.
951 2929 1144 3009 Magistrum
1167 2933 1243 3009 post
1262 2929 1323 2992 hos
1349 2929 1492 3010 insignis
1511 2927 1602 2992 vehit

262 3031 410 3112 sonipes,
434 3031 625 3110 spumancia
641 3029 734 3092 frena
749 3029 925 3106 mandens,
944 3030 1053 3092 aureis
1074 3027 1186 3092 iibulis
1210 3029 1420 3109 phalerisque
1442 3035 1597 3105 ornatus,

261 3129 319 3211 qui
332 3129 509 3210 hynnitum
529 3129 641 3208 sepius
664 3127 778 3201 edens,
805 3127 948 3206 superbe
968 3125 1129 3208 graditur,
1152 3128 1190 3186 ut
1214 3121 1411 3202 nequidem
1433 3125 1599 3202 magistro

260 3227 449 3308 quempiam
462 3226 621 3289 adherere
635 3225 783 3288 laciniori
804 3223 937 3287 incessu
958 3225 1136 3303 permittat.
1161 3223 1302 3284 Senatus
1321 3219 1455 3300 quidem
1467 3219 1598 3301 grauis,

260 3325 354 3404 aquis
367 3329 479 3388 vectus
495 3325 722 3404 subsequitur.
741 3323 843 3386 Edem
859 3324 962 3385 sancti
976 3321 1160 3386 sebastiani
1175 3317 1245 3384 foro
1261 3320 1359 3383 sitam
1372 3319 1414 3382 de
1432 3317 1598 3382 industria
1666 3311 1671 3322 '
1776 3299 1777 3308 ἵ

259 3422 419 3504 magister
431 3439 499 3486 non
514 3422 643 3498 transit,
659 3421 801 3500 illucque
814 3421 948 3483 obuiam
959 3422 1050 3484 venit
1060 3437 1117 3484 rex
1131 3423 1276 3500 Zyzymy
1288 3417 1432 3498 superbo
1444 3417 1598 3479 insidens

259 3535 356 3598 equo,
373 3515 448 3582 fidis
463 3519 638 3582 comitatus
655 3519 817 3600 profugis.
838 3521 1017 3600 Postquam
1037 3519 1234 3599 magistrum
1254 3532 1313 3579 rex
1329 3515 1522 3594 conspexit3
1545 3519 1600 3576 ter

260 3615 362 3696 digito
388 3615 546 3679 labellum
574 3617 785 3694 compescuit,
813 3618 871 3697 qui
896 3633 968 3680 uros
987 3621 1039 3680 est
1061 3617 1279 3680 barbarorum
1300 3615 1497 3694 principum,
1521 3628 1597 3674 cum

259 3717 374 3776 mutua
389 3713 578 3776 reuerencia
593 3730 667 3776 sese
683 3713 841 3778 afficiunt.
858 3715 1014 3795 Magister
1027 3720 1139 3778 autem
1159 3731 1219 3795 pro
1241 3729 1333 3775 more
1350 3712 1533 3805 principem
1544 3727 1595 3773 re-

260 3816 403 3875 ueretur.
425 3811 562 3874 Reddita
576 3811 788 3890 salutatione,
805 3813 938 3877 dextras
955 3813 1109 3895 iungunt,
1127 3818 1159 3876 et
1173 3829 1232 3891 per
1244 3812 1457 3890 interpretem
1481 3807 1594 3872 conia·

260 3910 425 3986 bulantes,
441 3909 483 3972 ad
496 3909 575 3972 edes
591 3911 739 3990 equitant
762 3917 908 3992 paratas.
935 3913 997 3975 Ubi
1020 3911 1064 3974 ad
1085 3911 1211 3992 palacia
1231 3909 1419 3974 francorum
1444 3911 1593 3990 equitum

260 4006 444 4090 (magnifice
455 4007 498 4072 ad
512 4008 573 4072 hec
588 4007 716 4092 ornata)
731 4015 867 4074 ventum
882 4015 944 4088 est,
963 4028 1001 4072 eo
1014 4011 1163 4086 dimisso,
1179 4012 1337 4092 magister
1351 4025 1429 4072 suas
1443 4009 1522 4074 edes
1538 4027 1593 4090 pe·

257 4107 308 4170 tit.
323 4109 392 4170 Rex
406 4123 483 4169 vero
497 4123 537 4169 ex
556 4123 641 4188 equo
664 4108 698 4170 in
719 4108 822 4188 pedes
839 4125 912 4172 sese
933 4109 1063 4191 agiliter
1077 4109 1194 4190 excipit
1210 4125 1217 4168 :
1233 4123 1271 4170 ac
1296 4107 1438 4170 duorum
1463 4107 1593 4170 medius

257 4205 446 4268 thurcorum
458 4205 593 4268 honoris
607 4222 706 4270 causa
719 4207 816 4270 ulnas
832 4209 1102 4284 sustentantium,
1118 4209 1223 4271 scalas
1236 4205 1475 4282 conscendens,
1495 4222 1593 4285 pene-

257 4304 351 4367 tralia
366 4304 550 4386 ingreditur
566 4324 573 4366 :
589 4305 827 4386 barbaricoque
847 4322 928 4387 sago
951 4307 1089 4384 abiecte,
1114 4305 1313 4369 lectisternio
1328 4319 1388 4384 pro
1403 4303 1591 4366 thurcorum

127 4427 132 4436 ·
257 4419 349 4466 more
362 4403 456 4466 flexis
468 4403 648 4484 poplitibus
663 4404 815 4466 sedit.·lia
833 4404 885 4467 die
899 4404 1026 4466 artibus
1038 4405 1107 4467 sale
1117 4403 1309 4468 tabentibus
1324 4402 1419 4484 quies
1436 4402 1511 4464 data
1527 4407 1589 4465 est.

651 4636 664 4668 ι
682 4615 823 4693 Zyzymp
838 4611 881 4674 ad
894 4613 1080 4692 Magistrum
1095 4611 1201 4674 cerba.

297 4784 310 4816 ι
328 4761 487 4825 Postridie
502 4763 573 4825 eius
589 4763 665 4841 diei,
679 4764 878 4844 magistrum
892 4779 1002 4826 coram
1017 4763 1197 4843 alloquitur
1212 4780 1270 4827 rex
1281 4764 1333 4827 his
1348 4764 1459 4828 verbis
1475 4783 1484 4826 ε
1498 4765 1588 4826 Pres-

258 4859 441 4922 tantissime
452 4862 613 4942 magister
626 4861 898 4942 inclitissimeque
912 4863 1066 4942 princeps
1084 4881 1093 4923 ε
1107 4863 1258 4943 germani
1274 4861 1396 4926 seuicia
1410 4879 1465 4925 me
1478 4877 1587 4940 perse·

256 4961 389 5036 quante,
405 4975 543 5038 cumque
558 4977 631 5023 sors
651 4978 690 5023 eo
711 4977 763 5021 me
778 4961 963 5042 redegisset
979 4967 1016 5024 ut
1028 4961 1181 5026 aduersis
1194 4960 1311 5024 cedere
1323 4977 1424 5040 quam
1437 4959 1472 5020 in
1490 4957 1587 5020 fortu-

253 5069 332 5117 nam
347 5056 457 5117 conari
471 5057 636 5121 salubrius
648 5059 756 5121 visum
771 5065 871 5134 esset,
889 5061 992 5123 multa
1007 5059 1110 5124 menti
1124 5069 1315 5139 occurrunt;
1327 5065 1500 5142 hucatque
1512 5061 1586 5124 illuc

253 5153 399 5243 animum
413 5162 612 5218 conuertens
625 5156 668 5219 ad
682 5173 766 5237 quos
781 5157 993 5239 confugerem
1010 5175 1076 5223 non
1094 5161 1175 5223 satis
1200 5163 1375 5242 prospicio.
1392 5163 1533 5226 Demum
1548 5163 1581 5222 tu
