3424 6038
63 457 135 526 [tritt
153 458 221 522 titt]
406 459 533 518 RERUM
557 458 786 518 URBANARUM
813 456 1076 518 COltlblENTAllll.

60 611 199 688 sacrista
235 635 352 710 super
384 635 457 687 uno
492 613 709 689 candelabro
735 613 856 712 aptavi
886 617 922 686 et
949 611 985 684 in
1011 610 1131 684 medio
1159 608 1280 684 altaris
1306 615 1388 682 ante

60 761 196 812 crucem
210 735 352 812 ibidem
372 738 526 834 positam
545 740 673 834 locavi,
697 740 901 840 pannicello
917 737 1052 812 ibidem
1072 761 1185 836 prope
1206 743 1388 821 manente,

59 863 248 937 Celebrans
272 885 351 936 non
371 861 460 936 dixit
478 863 564 937 Pau
584 866 691 955 vobis,
714 866 779 940 sed
802 863 978 938 Dominus
1000 862 1189 952 vobiscum,
1215 870 1251 936 et
1279 863 1385 954 bene,

59 997 90 1064 ct
106 987 267 1086 quinqua
298 987 496 1078 orationes,
521 995 559 1063 ut
580 990 617 1063 in
641 991 758 1088 prima
779 989 960 1064 dominice
985 988 1280 1084 Quadragesime.
1310 991 1388 1062 Non

58 1116 117 1188 suit
135 1137 274 1218 sermo,
298 1113 385 1210 quia
405 1120 617 1211 procurator
644 1117 779 1190 ordinis
799 1116 1067 1192 carmelitarum
1098 1115 1159 1213 qui
1181 1137 1387 1188 sermonem

60 1239 207 1311 tacturus
224 1243 309 1311 erat
328 1236 511 1312 intirmnm
532 1263 569 1312 se
590 1239 690 1314 dixit.
715 1241 829 1316 Finita
849 1241 971 1330 missa,
992 1246 1089 1339 Papa
1106 1240 1204 1314 dedit
1221 1239 1390 1314 benedic·

59 1365 184 1437 tionem
200 1364 411 1438 solemnem
427 1370 463 1440 et
477 1365 717 1463 indulgentias
732 1373 872 1465 septem
888 1391 1067 1442 annorum
1088 1370 1123 1440 et
1141 1367 1289 1440 totidem
1304 1389 1389 1462 qua-

58 1491 294 1586 dragenarum
326 1514 415 1586 quas
443 1491 632 1564 celebrans
666 1493 870 1590 publicavit.
895 1495 1032 1570 Deinde
1069 1497 1219 1574 sacrista
1254 1491 1389 1589 aptavit
1442 1587 1456 1600 ..

62 1615 286 1713 panniculum
317 1616 453 1692 circum
476 1617 607 1714 pedem
634 1641 715 1690 rose
749 1641 856 1714 quam
888 1619 1111 1717 consignavit
1138 1623 1180 1694 o.
1215 1615 1388 1711 Sinolpho
1435 1602 1447 1621 ⁰

61 1739 114 1835 qui
127 1740 262 1830 omnia,
282 1741 381 1816 lacta
394 1764 460 1838 per
475 1744 608 1838 Papam
630 1742 791 1816 oratione
811 1742 848 1816 in
868 1742 1082 1836 faldistorio,
1101 1744 1200 1818 dedit
1215 1735 1388 1814 cardbiali

63 1866 203 1938 Senensi
229 1874 267 1942 et
293 1867 355 1943 ille
371 1867 532 1965 pontifici
557 1869 616 1964 qui
637 1891 733 1958 eam,
752 1875 790 1942 ut
814 1868 926 1967 prius,
949 1871 1104 1968 portavit
1124 1871 1170 1944 ad
1190 1890 1387 1959 cameram,
1454 1845 1456 1850 ⁵

64 1991 137 2086 quia
151 2015 232 2066 cam
248 1994 401 2068 daturus
415 2001 492 2069 erat
507 1995 750 2069 illustrissimo
764 2000 805 2070 l).
820 1997 1014 2094 magnifico
1030 1997 1112 2072 duci
1126 1992 1389 2092 llonopoliansi

65 2115 264 2214 inpartibus
282 2119 484 2194 infidelium
501 2121 682 2210 existenti,
701 2121 758 2217 qui
776 2122 954 2220 superiori
969 2147 1065 2198 anno
1083 2128 1196 2198 Rome
1213 2120 1343 2193 luerat.

109 2245 276 2336 Sabbata,
299 2251 341 2320 31
359 2246 491 2336 martii,
510 2245 607 2322 circa
621 2247 748 2320 boram
764 2272 840 2336 xm,
859 2251 922 2321 SS.
942 2252 985 2322 o.
999 2252 1058 2338 u,
1076 2247 1222 2320 indutus
1239 2244 1387 2334 amictu,

69 2369 150 2460 alba,
177 2370 342 2467 cingulo,
372 2371 534 2467 stolaque
567 2371 726 2446 violacea
756 2372 936 2470 simplice,
967 2373 1246 2470 precedentibus
1273 2371 1390 2468 ipsum

70 2517 163 2566 cruce
179 2502 215 2568 et
230 2495 365 2569 decem
386 2496 643 2589 cardinalibus,
666 2498 846 2595 perviam
869 2499 971 2596 juxta
995 2499 1130 2572 ssumen
1156 2495 1323 2594 equitavit
1347 2495 1390 2570 ad

74 2619 250 2696 ecclesiam
271 2623 380 2695 beate
408 2621 519 2695 llario
536 2623 580 2696 de
597 2624 747 2720 Populo,
774 2623 834 2696 ubi
855 2623 950 2698 iacta
970 2626 1133 2698 oratione
1156 2629 1239 2697 ente
1264 2621 1389 2708 altare,

73 2749 205 2842 lumper
215 2747 312 2822 viam
325 2753 462 2821 rectam
473 2748 519 2821 ad
529 2747 721 2822 ecclesiam
731 2749 955 2823 beatcllarie
967 2750 1003 2824 in
1013 2751 1067 2824 via
1078 2754 1165 2823 Lata
1174 2757 1209 2822 et
1223 2769 1390 2843 campum

75 2867 162 2941 Flore
182 2871 288 2944 rediit
304 2872 351 2944 ad
365 2871 536 2968 palatium
553 2896 672 2962 suum,
691 2896 735 2945 co
756 2875 882 2948 ordino
904 2901 975 2972 quo
990 2876 1099 2950 venit.
1125 2875 1228 2950 Circa
1242 2877 1390 2970 pontem

77 3019 100 3064 s.
133 2997 268 3094 ¹tngeli,
298 2999 397 3073 dedit
426 2999 609 3074 licentiam
643 2999 882 3075 cardinalibus
913 3001 973 3097 qui
1010 3002 1138 3075 domos
1166 3024 1250 3074 suas
1278 2997 1393 3072 redie-

78 3131 158 3194 runt.

118 3252 299 3329 Dominica
310 3251 435 3348 quinta
450 3251 732 3348 Quadragesime
743 3251 788 3324 de
799 3250 972 3324 Passieno
988 3257 1209 3348 nuncupata,
1225 3257 1238 3322 t
1255 3249 1391 3347 aprilis,

80 3373 113 3442 ll.
125 3375 159 3448 P.
170 3379 211 3449 o.
222 3378 326 3454 Titus
342 3378 532 3476 episcopus
544 3377 744 3453 Castrensis
756 3376 793 3450 in
804 3377 1021 3475 patrimonio
1037 3377 1231 3451 celebravit
1245 3376 1393 3449 missam

80 3497 240 3588 publicam
256 3505 294 3579 in
311 3503 450 3602 capella
464 3495 608 3599 magna,
632 3505 729 3600 Papa
748 3507 930 3599 presente.
953 3499 1048 3573 Dixit
1069 3506 1141 3572 tres
1158 3499 1339 3573 orationes
1356 3509 1393 3574 ut

83 3615 109 3688 in
127 3623 315 3717 ordinario,
340 3632 376 3700 et
396 3627 550 3722 ipsemet
572 3624 658 3698 lecit
680 3649 886 3698 sermonem
904 3624 975 3697 hoc
998 3623 1136 3696 ordine.
1160 3623 1276 3699 Finito
1292 3649 1395 3699 evan-

84 3745 173 3837 gelio,
183 3751 348 3850 deposita
362 3753 497 3842 casula,
511 3752 652 3850 accepit
663 3752 816 3849 pluviale
831 3749 1047 3832 violaceum,
1060 3750 1211 3824 retentis
1226 3751 1394 3826 omnibus

83 3867 147 3942 aliis
173 3879 406 3971 paramentis,
433 3877 542 3950 etiam
576 3877 708 3950 annulo
740 3885 775 3950 et
803 3875 1036 3950 chirothecis.
1073 3880 1163 3950 Tum
1196 3878 1395 3974 pontificali

85 3989 161 4068 libro
183 4004 343 4078 osculato
373 4010 409 4076 et
425 4003 626 4090 incensato,
655 4001 812 4076 biretum
836 4006 872 4074 et
897 3999 1041 4073 mitram
1066 4007 1147 4075 ante
1169 4025 1207 4076 se
1231 4008 1392 4097 portans,

88 4113 172 4192 lactis
190 4123 224 4198 in
244 4136 379 4201 terram
401 4151 515 4222 usque
540 4126 643 4202 altari
664 4132 700 4200 et
721 4131 816 4224 Papa
837 4128 1060 4217 reverentiis,
1086 4129 1296 4224 genuflexus
1312 4136 1394 4202 ante

89 4241 214 4341 Papam,
235 4255 315 4351 ejus
337 4275 434 4350 genu
457 4253 622 4325 dextrum
643 4251 823 4325 osculatus
843 4258 910 4345 est,
934 4251 1227 4326 benedictionem
1242 4253 1346 4349 petiit
1361 4261 1395 4326 et

92 4363 326 4469 indulgentias;
339 4379 468 4475 quibus
478 4378 623 4468 habitis,
641 4377 743 4452 lactis
759 4385 919 4476 utsupra
935 4379 1156 4470 reverentiis,
1170 4379 1332 4452 ascendit
1348 4379 1395 4450 ad

91 4491 255 4594 pulpitum,
274 4511 310 4577 et
325 4503 470 4576 mitram
493 4503 561 4577 sibi
577 4505 780 4600 imponenS,
806 4503 893 4578 lecit
916 4527 1136 4593 sermonem,
1159 4510 1291 4600 etpost
1311 4520 1397 4575 con·

92 4612 262 4704 tassionem
302 4631 551 4728 pronunciavit
582 4630 843 4727 indulgentias;
872 4636 909 4704 et
942 4631 1012 4704 alia
1041 4653 1142 4703 more
1172 4628 1278 4702 solito
1312 4639 1394 4702 sunt

95 4737 269 4830 observata.

100 4991 107 5056 1
135 4869 198 4967 Ego
212 4882 453 4956 celebrantem
469 4881 513 4956 ad
533 4882 709 4980 pulpitum
732 4889 879 4956 euntem
900 4889 935 4954 et
959 4882 1040 4954 inde
1057 4881 1103 4954 ad
1116 4880 1228 4953 altare
1246 4880 1398 4954 redeun-

110 5009 157 5064 0111
170 5007 343 5080 associavi.

139 5119 226 5199 levia
248 5131 364 5216 tertia,
397 5132 578 5204 emensis
607 5133 742 5230 aprilis,
777 5138 818 5205 R.
853 5136 892 5206 P.
921 5138 963 5206 l).
992 5134 1175 5207 lohannes
1208 5135 1397 5232 episcopus
