3600 6094
106 481 256 553 {vortice
424 476 551 535 neuun
575 473 807 534 unannanuu
831 473 1098 534 counanreeu.
1396 479 1432 540 aa

107 633 386 714 vicecancellario
406 637 442 708 et
463 633 543 731 ejus
562 629 824 706 locumtenenti
848 631 1054 706 concedens
1077 636 1116 706 ut
1140 631 1299 732 aliquam
1319 661 1429 736 regu·

104 767 167 838 lam
185 767 219 836 et
238 757 553 845 constitutionem,
575 756 612 828 in
635 777 707 852 qua
725 755 926 830 cardinales
949 777 1120 854 expresse
1140 761 1427 854 nominarentur,

105 892 248 964 savorem
276 893 403 962 eor'um
433 905 508 956 non
535 887 832 973 concernentem,
866 881 903 954 in
939 883 1067 958 eadem
1108 887 1326 963 cancellaria
1356 913 1429 962 non

105 1012 274 1112 permittat
308 1008 502 1108 publicari,
542 1029 611 1082 nec
646 1007 682 1080 in
717 1006 809 1082 libro
845 1008 1052 1105 regularum
1081 1011 1161 1108 ejus
1196 1015 1363 1109 annotari
1396 1021 1431 1089 et
1468 996 1472 1004 ¹

103 1136 263 1227 describi,
286 1135 372 1210 dum
394 1141 431 1208 et
450 1131 592 1229 quoties
616 1131 661 1205 de
687 1153 868 1205 consensu
890 1132 1051 1230 ipsorum
1074 1136 1311 1212 cardinalium
1334 1141 1431 1216 iacta

103 1289 168 1337 non
181 1259 287 1336 tuerit
302 1267 339 1334 et
359 1283 425 1356 per
441 1263 515 1332 tres
536 1256 675 1355 priores
697 1257 864 1331 ordinum
882 1259 1095 1334 eorumdem
1116 1284 1188 1334 non
1210 1263 1425 1364 subscripta.

145 1393 244 1478 item,
265 1407 350 1461 cnm
373 1407 417 1459 cx
441 1382 682 1457 concessione
709 1382 920 1480 specialium
944 1387 1228 1460 reservationum
1253 1413 1343 1485 ques
1369 1415 1428 1466 ro-

102 1515 188 1590 mani
211 1510 404 1610 pontifices
433 1509 716 1606 prodecessores
745 1508 817 1582 mei
842 1513 877 1582 et
904 1511 1094 1606 presertim
1123 1511 1183 1585 iel.
1209 1535 1282 1588 rec.
1308 1516 1427 1592 Sixtus

102 1663 186 1738 papa
199 1645 349 1735 quartus
365 1640 642 1724 concesserunt,
664 1633 761 1707 varia
780 1633 1012 1710 incommoda
1032 1642 1069 1710 ct
1090 1637 1262 1714 scandala
1275 1665 1429 1740 persepe

102 1771 175 1837 sunt
204 1771 341 1852 exorta,
375 1761 615 1857 credaturque
642 1760 827 1834 communi
859 1761 1030 1858 opinione
1056 1765 1219 1838 omnium
1239 1767 1426 1842 curialium

102 1889 259 1987 expedire
282 1888 360 1962 sedi
385 1887 582 1985 apostolice
602 1892 639 1960 ct
662 1909 811 1960 romane
829 1888 929 1962 curie
951 1888 996 1962 ab
1016 1888 1159 1965 illarum
1175 1893 1424 1986 concessione,

102 2013 402 2112 quascommunis
422 2011 544 2110 opinio
560 2013 721 2104 damnat,
747 2012 944 2103 abstinere,
968 2039 1080 2091 voveo
1099 2019 1208 2092 etiam
1229 2042 1273 2093 ac
1290 2022 1373 2118 juro
1393 2027 1428 2095 et

100 2141 274 2238 promitto,
310 2139 402 2214 nulli
441 2137 619 2236 speciales
658 2139 920 2213 reservationes
963 2163 1033 2238 que
1073 2165 1140 2238 per
1172 2144 1426 2219 cancellariam

100 2267 324 2366 apostolicam
336 2266 440 2364 juxte
452 2263 547 2337 illius
567 2263 688 2338 stilum
706 2264 867 2362 expediri
886 2265 989 2340 solite
1011 2289 1085 2339 non
1104 2274 1187 2342 sunt
1205 2271 1423 2362 concedere,

101 2404 131 2468 et
144 2393 185 2468 ab
200 2415 326 2467 earum
339 2390 577 2465 concessione
592 2389 735 2486 penitus
751 2397 787 2464 et
807 2390 954 2464 omnino
974 2391 1170 2484 abstinere,
1195 2417 1263 2469 nec
1280 2395 1427 2494 permit-

102 2523 168 2594 tere
182 2518 277 2614 quod
289 2516 435 2612 aliquis,
451 2515 631 2589 hactenus
644 2515 828 2590 concessis
843 2523 879 2591 et
899 2541 987 2614 quas
1006 2518 1157 2594 concedi
1181 2520 1423 2618 contingeret,

101 2650 257 2718 utaturct
278 2667 326 2718 ex
344 2644 396 2718 eis
411 2643 757 2741 effectumreportet
771 2645 1053 2742 quoquomodo.

144 2775 241 2860 Item,
258 2793 344 2844 cum
359 2769 507 2866 provide
522 2769 792 2844 consideratum
808 2770 865 2860 sit,
886 2771 983 2868 quod
1004 2772 1153 2846 castella
1174 2778 1211 2847 et
1233 2781 1328 2848 terre
1344 2797 1374 2845 s.
1389 2795 1420 2844 r.

99 2899 134 2968 E.
149 2919 214 2991 que
229 2895 266 2968 in
288 2893 381 2969 locis
400 2893 613 2991 propinquis
636 2883 720 2968 huic
738 2893 832 2968 alme
856 2897 941 2969 Urbi
963 2905 1045 2970 sunt
1066 2896 1230 2994 inplens
1251 2904 1288 2972 ct
1306 2897 1423 2972 stabili

99 3019 292 3094 obedientia
309 3019 405 3094 sedis
422 3017 620 3116 apostolice
636 3025 672 3092 et
690 3038 775 3092 cum
790 3019 918 3116 majori
935 3021 1161 3094 subditorum
1177 3021 1424 3098 satisfactione

99 3153 130 3218 et
150 3145 397 3220 consolatione
426 3144 736 3242 gubernabuntur,
769 3144 797 3217 si
830 3145 971 3241 singule
1004 3147 1153 3242 singulis
1183 3147 1425 3221 cardinalibus

100 3272 242 3346 tenende
254 3277 291 3346 et
304 3269 524 3368 possidenda
537 3293 621 3344 cum
632 3269 792 3367 ipsarum
808 3269 950 3344 arcibus
961 3275 997 3345 et
1007 3270 1149 3368 integra
1158 3271 1422 3369 jurisdictione,

99 3403 130 3470 et
144 3397 305 3472 omnibus
321 3395 524 3470 redditibus
543 3394 825 3491 assignabuntur
837 3401 873 3470 et
891 3395 1120 3470 traderentur
1136 3397 1239 3494 quasi
1252 3400 1419 3496 conjunc·

99 3521 155 3595 tim
169 3525 234 3596 sub
252 3521 557 3620 gubernatoribus
579 3520 745 3618 ejusdem
766 3521 885 3612 Urbis,
903 3527 940 3595 et
958 3531 996 3595 ut
1009 3523 1186 3597 hactenus
1204 3525 1341 3598 iactum
1368 3531 1422 3598 est

78 3639 347 3739 ‘retinerentur3
381 3646 477 3722 unde
504 3644 677 3743 magistra
704 3645 939 3744 experientia,
969 3647 1156 3722 retroactis
1180 3650 1418 3746 temporibus,

98 3772 297 3848 adveniente
325 3773 420 3848 sedis
451 3772 657 3864 vacatione,
689 3779 726 3846 ct
750 3795 848 3846 nunc
874 3772 1101 3847 notissimum
1127 3779 1182 3848 est
1206 3781 1421 3849 attentatum

98 3897 298 3973 deiectionis
343 3905 380 3974 et
426 3897 634 3972 rebellionis
672 3897 832 3994 ipsarum
873 3905 1049 3972 terrarum
1089 3899 1296 3997 provenisse
1336 3923 1420 3974 cum

98 4024 241 4098 maximo
263 4049 295 4098 r.
320 4027 363 4096 E.
386 4023 566 4098 dedecore
591 4029 628 4097 et
646 4023 883 4114 detrimento;
910 4023 1045 4098 idcirco
1069 4025 1277 4122 hujusmodi
1299 4027 1420 4100 consi·

98 4147 270 4225 deratione
291 4149 393 4242 moti,
416 4149 644 4224 attendentes
669 4149 778 4224 etiam
798 4150 895 4246 quod
918 4147 1006 4224 alias
1026 4150 1110 4223 talia
1128 4174 1193 4248 per
1212 4151 1418 4248 superiores

98 4276 289 4370 pontificae,
316 4277 597 4374 predecessores
622 4300 737 4368 meos,
766 4276 971 4373 excogitata
996 4276 1155 4366 suerunt,
1178 4275 1263 4349 licet
1287 4299 1419 4350 execu-

101 4396 176 4472 tioni
190 4400 308 4474 minus
328 4399 557 4491 demandata,
571 4402 655 4498 juro
669 4405 705 4474 et
719 4401 905 4498 promitto,
923 4401 1021 4497 quod
1041 4401 1235 4497 unicuique
1251 4400 1418 4474 domino-

99 4545 169 4595 mm
190 4525 443 4616 cardinalium,
469 4526 528 4622 qui
553 4549 650 4600 nunc
678 4534 760 4600 sunt
786 4534 821 4601 et
845 4549 912 4624 pro
937 4532 1100 4624 ternpore
1127 4526 1276 4617 inerint,
1308 4549 1418 4598 unam

100 4651 219 4723 terram
240 4673 305 4725 seu
326 4651 514 4726 castellum
541 4651 579 4724 in
607 4651 698 4726 locis
723 4653 955 4750 propinquiS,
990 4657 1030 4725 ut
1059 4675 1183 4749 supra,
1214 4673 1297 4724 curn
1323 4650 1416 4724 illius

100 4793 182 4866 arce,
207 4777 236 4850 si
261 4800 344 4852 eam
366 4777 545 4866 habuerit,
569 4775 617 4850 ‘ec
645 4778 753 4875 plena
775 4777 1027 4875 jurisdictione
1058 4785 1093 4854 et
1123 4777 1272 4875 singulis
1300 4777 1417 4851 reddi-

99 4896 178 4973 tibus
197 4907 233 4975 et
251 4903 483 5000 proventibus
503 4902 597 4975 illius
612 4881 753 4976 'tradam
775 4909 811 4976 ct
831 4903 1023 5002 assignabo
1045 4904 1212 4978 advitam
1233 4903 1417 4977 dumtaxat

99 5021 178 5098 illius
200 5028 406 5119 cardinalis,
433 5028 647 5124 regendum,
676 5029 871 5103 tenendum
896 5035 933 5104 et
955 5029 1228 5126 possidendum,
1249 5035 1288 5102 ut
1307 5028 1415 5102 ctiam

99 5145 155 5241 ipsi
169 5152 302 5228 domini
318 5153 519 5228 cardinales
533 5154 655 5228 locum
677 5154 833 5251 aliquem
856 5155 1051 5252 specialem
1066 5156 1238 5244 habeant,
1256 5154 1289 5225 in
1307 5176 1415 5248 quem
