3600 6094
356 452 393 508 3's
812 453 987 510 lOllANNlS
1007 451 1228 520 suasuram,
1524 454 1606 517 [Aodt
1619 455 1689 518 ttst]

360 628 440 680 sare
462 611 659 694 tentavero,
681 607 718 680 id
736 605 865 678 nullius
886 607 932 680 sit
951 605 1092 680 roboris
1111 606 1166 680 vel
1185 606 1383 697 momenti;
1406 613 1442 680 et
1460 607 1695 681 nibilominus

359 731 439 827 ipsa
458 732 614 828 capitula
634 737 670 805 et
690 731 873 827 quodlibet
890 733 1048 831 ipsorum
1069 732 1105 806 in
1126 755 1191 805 suo
1214 733 1344 806 robore
1366 739 1401 807 et
1421 732 1591 806 firmitate
1611 757 1696 830 per-

281 918 286 928 .
359 863 551 947 maneant;
580 858 746 954 quodque
769 858 914 932 sedulas
938 858 1118 956 predictas
1147 863 1272 932 tenere
1297 864 1333 932 et
1358 881 1572 932 conservare
1600 860 1696 956 apud

360 1006 399 1055 se
425 982 579 1056 debeant
605 988 678 1056 tres
703 983 903 1058 cardinales
927 983 1117 1081 cujuslibet
1140 983 1276 1056 ordinis
1300 983 1453 1080 priores,
1480 984 1525 1056 ad
1546 983 1694 1081 petitio-

359 1131 443 1180 nem
472 1108 565 1181 sacri
598 1109 760 1205 collegii,
790 1109 877 1182 nulli
907 1132 1063 1205 unquam
1093 1129 1154 1180 eas
1180 1107 1393 1204 assignaturi
1424 1106 1500 1178 sine
1530 1107 1694 1180 omniurn

358 1233 593 1306 cardinalium
610 1257 781 1331 expresso
795 1257 992 1323 consensu;
1010 1231 1166 1330 nec'non
1186 1232 1277 1306 iusra
1298 1237 1370 1305 tres
1391 1231 1468 1305 dics
1484 1237 1565 1329 post
1585 1255 1694 1304 coro-

357 1357 541 1431 nationem
565 1382 684 1432 meam
707 1358 800 1432 dabo
825 1365 899 1432 tres
923 1358 1037 1432 bullas
1062 1358 1225 1455 ejusdem
1248 1357 1382 1430 tenoris
1407 1357 1600 1430 servandas
1625 1382 1693 1454 per

355 1483 494 1579 priores
511 1485 701 1582 cujuslibet
719 1484 869 1575 ordinis,
887 1492 924 1558 ut
943 1507 1062 1582 supra.

402 1613 521 1684 Terror
544 1635 628 1685 vero
647 1610 885 1709 capitulorum
905 1610 1150 1709 predictorum
1171 1608 1331 1705 sequitur
1355 1613 1391 1681 et
1410 1613 1465 1682 est
1480 1607 1574 1700 talis,
1592 1607 1692 1682 vide·

353 1735 438 1811 licet
454 1737 499 1837 (1)
519 1763 527 1811 :
904 1835 910 1846 .

404 1866 479 1960 Ego
495 1868 554 1954 N.,
577 1864 714 1938 electus
744 1864 780 1937 in
804 1887 934 1961 paparo
956 1885 1080 1954 voveo,
1103 1860 1273 1960 promitto
1294 1866 1330 1934 et
1346 1860 1428 1958 juro
1452 1859 1691 1956 omnipotenti

353 1990 429 2062 Deo
441 1996 477 2062 et
492 1989 625 2062 sanctis
639 1990 811 2088 apostolis
827 1991 904 2086 ejus
921 1993 1027 2062 Petro
1040 1993 1075 2060 et
1091 1987 1200 2060 Paulo
1217 1992 1252 2059 et
1267 1984 1434 2059 omnibus
1450 1967 1527 2056 aliis
1539 1985 1688 2074 sanctis,

351 2139 393 2188 ac
418 2115 579 2188 Ecclesia
605 2123 727 2190 sancte
748 2116 813 2188 Dei
838 2116 989 2214 pretate,
1011 2115 1146 2202 lacere,
1172 2113 1357 2186 attendere
1384 2117 1419 2184 et
1439 2111 1631 2185 observare
1652 2119 1688 2184 et

350 2240 547 2314 efficaciter
563 2241 759 2340 adimplere
778 2241 898 2314 omnia
913 2246 949 2313 et
962 2239 1100 2336 singula
1118 2237 1356 2334 infrascripta,
1375 2235 1535 2309 scilicet:

397 2371 437 2440 lu
469 2367 594 2463 primis
627 2369 672 2440 de
706 2367 936 2464 proventibus
959 2389 1102 2438 camere
1126 2363 1323 2461 apostolice
1348 2364 1434 2435 dare
1465 2367 1501 2436 et
1528 2361 1684 2450 solvere,

350 2517 413 2564 seu
439 2493 515 2565 dari
545 2499 581 2566 et
610 2493 696 2568 solvi
726 2496 846 2567 lacere
875 2499 1019 2566 centum
1049 2492 1206 2564 ssoreuos
1235 2490 1312 2564 auri
1341 2490 1385 2562 de
1417 2513 1562 2563 camera
1585 2494 1685 2564 omni

348 2641 474 2690 mense
492 2617 638 2690 cuilibet
656 2618 827 2692 cardinali
843 2641 916 2690 non
931 2617 1079 2690 habenti
1099 2616 1238 2712 integre
1253 2615 1298 2688 de
1315 2615 1547 2712 proventibus
1563 2617 1686 2690 eccle-

347 2742 500 2814 siasticis
521 2749 557 2816 et
577 2740 719 2838 capitali
736 2740 780 2839 (2)
802 2745 955 2837 quatuor
970 2738 1082 2811 millia
1097 2737 1318 2810 ssoreuorum
1335 2737 1535 2828 annuatim,
1552 2763 1687 2835 quous

348 2891 418 2961 que
439 2867 471 2940 ei
491 2869 674 2965 provisum
699 2865 745 2938 sit
768 2865 812 2937 de
837 2864 933 2936 dicta
957 2885 1097 2937 summa
1120 2863 1159 2936 in
1181 2863 1394 2954 redditibus,
1423 2867 1459 2936 et
1483 2863 1687 2939 cardinales

347 3015 472 3066 omnes
493 2993 669 3066 habentes
689 3013 916 3087 quecumque
936 2988 1115 3062 beneficia
1139 2987 1386 3062 ecclesiastica
1412 2988 1522 3061 etiam
1542 2988 1685 3063 iucom-

342 3117 502 3212 patibilia
523 3118 559 3190 in
579 3117 722 3191 titulum
743 3115 798 3189 vel
821 3115 858 3187 in
883 3112 1135 3191 commendam
1160 3115 1404 3188 manutenebo
1430 3118 1466 3186 et
1487 3113 1682 3188 delendam

343 3239 378 3311 in
393 3242 623 3338 possessione
641 3241 686 3341 (3)
701 3242 924 3315 eorumdem.

390 3367 495 3454 Item,
522 3371 559 3438 ut
581 3364 669 3436 mihi
690 3365 734 3436 ab
754 3363 883 3437 iisdem
904 3363 1143 3436 cardinalibus
1163 3362 1277 3436 libera
1295 3363 1507 3458 perveniant
1527 3362 1572 3462 (l)
1590 3386 1681 3436 oon-

344 3488 435 3578 silia,
455 3513 527 3562 non
548 3512 726 3587 apponam
746 3512 813 3562 uec
834 3513 900 3586 per
919 3489 1124 3586 quempiam
1149 3487 1280 3584 apponi
1299 3487 1506 3584 permittam
1531 3511 1679 3560 manum

341 3613 377 3685 in
397 3639 553 3710 persona
568 3613 621 3688 vel
641 3616 746 3690 bonis
766 3616 919 3713 alicujus
944 3640 988 3688 ex
1008 3615 1059 3689 eis
1080 3639 1147 3688 nec
1168 3615 1303 3711 aliquid
1322 3615 1359 3686 in
1381 3637 1507 3704 eorum
1522 3619 1622 3708 statu
1643 3622 1682 3687 ct

339 3738 542 3834 provisione
566 3742 711 3814 mutabo
742 3763 966 3837 quacumque
997 3740 1149 3829 ratione,
1181 3762 1290 3812 causa
1314 3737 1359 3838 (5)
1385 3740 1440 3814 vel
1468 3739 1678 3830 occasione,

374 3979 399 4037 l.
422 4001 436 4031 a
458 3981 495 4036 At
513 3986 660 4054 antequam
683 3989 848 4056 rogarentur
872 3983 906 4041 de
928 3982 991 4041 novi
1018 3981 1162 4040 Pontifieis
1186 3981 1322 4038 creatione
1347 3981 1500 4051 sententie,
1523 3980 1679 4039 cardinales

338 4084 394 4122 non
406 4067 495 4123 nullas
510 4069 586 4142 leges
596 4071 695 4144 partim
710 4071 745 4127 ad
762 4089 812 4127 sua
826 4073 953 4145 augenda
966 4071 1117 4141 commoda,
1133 4069 1231 4144 partim
1246 4070 1352 4125 adrem
1367 4067 1587 4124 Ecclesiasticam
1602 4077 1677 4125 tern-

335 4160 483 4230 perandam
498 4161 654 4230 condidere,
669 4162 769 4236 quibus
785 4179 885 4218 novum
896 4161 1058 4218 Pontificem
1072 4157 1252 4216 constrictum
1265 4157 1386 4228 voluere,
1398 4156 1524 4230 quamvis
1535 4157 1593 4231 jam
1608 4165 1675 4215 ante

335 4247 371 4303 ab
386 4249 543 4305 lanocentio
558 4249 594 4306 Vl
608 4253 742 4308 sancitum
757 4250 907 4308 viderimus
922 4251 1024 4324 (dnn,
1042 4257 1108 4308 torn.
1120 4248 1193 4317 XVl,
1207 4265 1252 4304 sn.
1266 4247 1332 4305 Chr.
1349 4248 1430 4318 1353,
1446 4264 1523 4308 num.
1534 4247 1580 4320 29)
1597 4247 1683 4312 nulla¹

333 4335 454 4393 humana
464 4343 520 4394 arte
534 4338 706 4396 pontificiam
727 4338 915 4396 auctoritatem
925 4339 1048 4397 contrahi
1058 4356 1150 4414 posse,
1161 4353 1250 4410 neque
1258 4335 1427 4406 Cardinales,
1438 4335 1564 4392 Romans
1575 4335 1668 4392 Eccle-

334 4423 375 4481 sia
388 4442 438 4482 suo
453 4426 564 4484 viduata
578 4435 699 4502 pastore,
711 4427 766 4485 ulla
780 4427 833 4484 alia
846 4433 983 4502 potestate
999 4446 1080 4502 quam
1095 4429 1131 4485 ad
1145 4427 1266 4486 dandum
1281 4429 1341 4487 orbi
1355 4428 1505 4486 antistitem
1516 4422 1630 4501 pollere.

368 4514 434 4582 Ques
449 4532 513 4572 vero
525 4516 603 4591 leges
616 4517 734 4575 iuventa
749 4517 804 4574 siat
819 4533 835 4573 a
849 4517 1040 4575 cardinalibus
1061 4517 1144 4575 refert
1157 4519 1363 4578 accuratissime
1381 4517 1529 4592 pradictus
1543 4517 1666 4574 loannes

332 4601 519 4676 Burcbardus,
530 4605 741 4679 argentinensis
756 4607 870 4664 clericus
885 4608 939 4682 (lo.
953 4608 1067 4680 Bureh.,
1083 4611 1154 4666 Mes.
1170 4610 1249 4666 arch.
1272 4611 1331 4667 Vat.
1345 4609 1412 4680 sip„
1428 4625 1504 4664 num.
1520 4609 1563 4676 37,
1573 4623 1601 4680 p.
1618 4607 1665 4678 75)

331 4691 416 4746 sacris
431 4695 591 4752 ceremoniis
605 4697 760 4770 prefectus,
779 4695 806 4752 in
826 4697 1010 4774 manuscripto
1028 4697 1121 4756 codice
1136 4697 1273 4757 Tabularii
1288 4696 1445 4756 Vaticani...
1464 4698 1550 4771 (aaa.
1571 4695 1665 4764 Ecet„

331 4785 352 4836 t.
367 4777 455 4849 XXX,
471 4797 499 4854 p.
514 4785 559 4855 66,
575 4802 604 4840 n.
619 4787 679 4860 29.)

365 4871 401 4951 2,
414 4869 540 4943 Capitoli.
553 4899 588 4914 —
599 4875 717 4950 blanqua
732 4875 801 4934 dans
816 4875 935 4936 Riualdi.

365 4961 391 5014 3.
413 4958 600 5034 Perceptione.
616 4991 651 5006 -
669 4965 759 5024 Rinal.

364 5049 390 5104 l.
412 5049 586 5108 Proveniant.
602 5083 636 5094 —
650 5054 740 5112 Rinal.

363 5140 389 5190 5.
411 5133 537 5210 Ratione,
554 5157 636 5198 causa
653 5144 693 5198 vel
709 5146 879 5218 auctoritate,
895 5145 938 5204 vel
953 5144 1106 5208 occasione.
1122 5176 1158 5190 ·-
1172 5150 1263 5208 Riual.
