3436 6038
45 495 119 561 pum
134 493 205 558 vva]
370 488 497 548 nuncu
522 485 750 548 uanxxaauu
776 485 1039 546 oommxrxnn.
1323 494 1372 550 xer

42 646 281 724 aeantoribus
292 645 494 722 diceretur:
507 644 562 720 Et
569 645 606 720 ira
617 655 723 736 temo,
738 655 820 735 ata,
834 643 895 720 ubi
906 641 1266 743 accepitparamenta
1275 644 1370 738 alba,

41 799 78 850 ac
93 774 124 848 si
138 773 331 872 epistolam
344 779 441 849 esset
453 771 630 862 dicturus;
646 779 682 846 et
696 771 798 846 finita
812 771 977 871 epistola,
995 769 1114 862 exivit,
1128 777 1164 846 et
1174 778 1272 848 stans
1288 777 1372 848 ante

41 900 208 976 ultimum
224 901 377 999 gradum
391 898 471 976 solii
491 901 601 997 Pape,
614 897 780 974 videlicet
794 899 829 972 in
845 899 954 997 plano
975 898 1112 998 capelle
1134 904 1215 974 ante
1237 901 1373 997 Papam

40 1025 196 1100 cantavit
215 1050 223 1100 :
240 1026 354 1100 Pater
370 1037 503 1116 sancte,
526 1026 704 1100 annuncio
722 1026 815 1098 nobb
832 1025 1007 1123 pendium
1024 1048 1197 1121 mcpvtum
1211 1024 1307 1122 quod
1322 1036 1376 1100 eat

40 1152 193 1226 allelu-io.
221 1155 302 1240 Quo
321 1150 430 1243 dioto,
453 1149 621 1243 surrexit,
642 1155 678 1224 et
696 1173 770 1224 non
794 1149 1003 1226 deosculato
1024 1149 1116 1247 pede
1140 1153 1235 1248 Papa
1260 1150 1306 1224 ad
1332 1173 1371 1224 se

39 1277 245 1352 exuendum
270 1276 388 1352 rediit.
412 1281 488 1374 Ego
508 1276 558 1352 lui
582 1277 627 1352 ad
648 1277 727 1374 ejus
747 1275 928 1352 sinistram
957 1297 1041 1350 cum
1067 1280 1243 1366 cantaret,
1271 1298 1314 1350 ae
1333 1275 1371 1350 in

40 1404 156 1478 eundo
167 1427 211 1478 ae
226 1403 412 1478 redeundo
427 1403 544 1501 ipsum
558 1403 735 1504 precessi;
751 1403 1035 1478 debebattamen
1051 1401 1156 1480 dictis
1170 1401 1370 1499 prenotatis

38 1529 133 1604 idem
143 1529 383 1606 subdiaconus
393 1529 630 1629 pedemPape
646 1528 843 1620 osculasse,
860 1531 958 1626 quod
969 1553 1035 1628 per
1049 1552 1211 1606 errorem
1223 1526 1367 1618 obmisi,

37 1654 121 1751 quia
136 1654 174 1732 in
188 1654 422 1732 ceremoniali
437 1658 481 1730 D.
502 1653 656 1730 Pientini
678 1677 751 1730 non
771 1653 903 1746 inveni,
923 1653 988 1730 sed
1001 1659 1129 1752 postea
1148 1653 1187 1728 in
1205 1673 1370 1730 ceremo-

38 1780 123 1854 niali
146 1785 191 1856 D.
215 1783 258 1854 Α.
277 1779 429 1856 Rebioli.

82 1905 201 1982 Finito
216 1931 283 2005 per
304 1911 471 1982 cantores
490 1930 498 1980 :
515 1905 620 1982 Etin
636 1918 746 1998 temo,
776 1930 860 1982 oum
883 1905 1075 1984 cardinalis
1101 1905 1290 1982 celebrans
1317 1907 1370 1981 di-

38 2053 118 2108 cere
130 2031 287 2108 debebat
303 2057 310 2106 :
324 2031 527 2124 Purcodir,
545 2031 679 2131 incepit
692 2032 813 2110 dicere
827 2059 835 2110 :
850 2033 1030 2108 Dominus
1045 2032 1243 2124 collacum·
1254 2034 1319 2110 sed
1330 2034 1368 2110 in

38 2159 149 2255 prima
173 2158 312 2259 syllaba
330 2158 482 2256 cognovi
508 2163 545 2234 et
566 2157 685 2256 ipsum
708 2158 898 2256 premonui
920 2159 1101 2252 adstatim,
1124 2161 1230 2236 etsie
1251 2161 1366 2240 dixit:

38 2285 204 2360 Dominus
212 2310 293 2382 pan
305 2284 412 2376 vodis,
427 2305 500 2358 uno
515 2283 676 2358 anhelitu
689 2308 697 2373 ;
711 2283 873 2360 olficium
882 2283 1013 2360 deinde
1023 2284 1271 2360 continuatum
1285 2284 1366 2377 init,

42 2420 140 2508 prout
152 2412 189 2486 in
203 2409 386 2486 ordinario
397 2415 434 2486 et
446 2409 692 2486 ceremoniali.
706 2413 796 2486 Cum
807 2411 988 2488 dicoretur
1000 2411 1198 2510 antiphona
1224 2410 1369 2510 Vespere

40 2550 163 2630 autem,
186 2549 268 2626 ete,
292 2543 375 2612 ante
390 2535 616 2634 Mcpnv'firct,
635 2539 732 2634 Papa
751 2535 925 2635 imposuit
943 2536 1132 2612 incensum
1158 2543 1194 2614 et
1221 2536 1367 2636 incepto

39 2663 263 2762 Mopnificot,
278 2661 469 2738 cardinalis
479 2659 667 2736 celebrans
683 2661 880 2738 incensavit
892 2663 1017 2755 altare,
1027 2669 1154 2763 postea
1168 2662 1234 2739 luit
1246 2663 1369 2740 incen-

43 2795 134 2864 satus
149 2789 242 2886 ipse,
260 2793 336 2862 tum
353 2790 450 2884 Papa
464 2793 501 2862 et
513 2786 575 2862 alii
590 2811 718 2864 omnes
733 2811 835 2862 more
854 2789 974 2866 solito.

84 2919 205 2990 Rmus.
232 2919 277 2989 D.
307 2905 497 2990 cardinalis
527 2938 557 2988 s.
579 2914 691 2990 Marci
717 2937 791 2990 non
820 2914 888 2990 snit
915 2915 987 2990 hoc
1015 2937 1123 2992 mane
1152 2915 1189 2990 in
1213 2917 1365 3015 capella.

42 3043 160 3116 RRmi.
183 3044 261 3118 DD.
278 3039 479 3116 cardinales
508 3040 835 3132 vicecancellarius,
858 3041 1114 3138 Neapolitanus
1138 3049 1174 3118 et
1195 3042 1368 3118 Senensis

40 3166 344 3264 reprehenderunt
363 3189 422 3242 me
442 3165 487 3242 de
512 3166 760 3242 incensatione
781 3165 903 3242 altaris
927 3166 1019 3242 inira
1037 3165 1257 3267 Mupnifioct
1275 3169 1369 3246 tacta

40 3313 100 3386 per
112 3291 333 3368 cardinalem
346 3291 607 3384 celebrantem,
620 3293 782 3370 dieentes
798 3292 895 3390 quod
913 3298 1104 3390 postquam
1126 3317 1192 3391 pro
1208 3294 1368 3393 vesperis

41 3413 178 3513 incepta
192 3424 271 3494 erat
287 3417 464 3510 Alleluia,
483 3430 565 3510 eta,
585 3418 773 3496 celebrans
799 3417 984 3494 debuisset
1011 3418 1049 3494 in
1076 3442 1190 3494 cornu
1215 3419 1367 3520 epistole

40 3539 162 3616 dixisse
179 3543 360 3618 submissa
387 3567 475 3620 voce
506 3545 641 3636 omnia,
671 3545 779 3622 etiam
799 3551 836 3620 et
857 3544 1060 3620 orationem
1074 3543 1250 3643 Spiritum
1269 3548 1368 3622 nodis

41 3662 190 3756 Domine,
208 3677 291 3758 eta,
308 3689 351 3742 ac
366 3667 496 3744 deiude
515 3667 552 3744 in
571 3668 770 3744 faldistorio
786 3669 908 3744 omnia
926 3675 1138 3768 paramenta
1153 3671 1366 3772 deposuisse

46 3811 82 3862 ao
95 3791 198 3866 ivisse
209 3791 256 3866 od
269 3791 390 3866 locum
405 3816 509 3868 suum
523 3794 618 3870 inter
632 3795 722 3870 alios
737 3795 997 3887 cardinaleS,et
1012 3795 1064 3872 sic
1079 3795 1367 3876 incensationem

43 3913 152 3990 altaris
168 3921 205 3992 et
222 3917 424 3993 orationem
443 3919 642 4016 predictam
659 3948 666 3994 :
684 3919 857 4018 Spiritum
871 3923 984 4016 nodia,
1001 3923 1167 4017 Domine,
1185 3937 1267 4016 eta,
1283 3949 1367 4001 can·

44 4042 178 4116 tardam
199 4067 265 4141 pro
285 4045 443 4143 vesperis
459 4047 522 4122 SS.
543 4049 586 4121 D.
604 4051 648 4122 N.
665 4071 758 4145 pape
776 4071 992 4142 reservasse,
1016 4051 1121 4148 cujus
1144 4057 1266 4126 essent
1284 4076 1366 4126 ves-

42 4189 132 4261 pere,
160 4191 205 4242 ex
221 4193 266 4246 eo
282 4157 378 4266 quod
397 4193 477 4246 cras
492 4171 745 4249 ,celebraturus
765 4178 862 4248 esset
882 4173 1061 4248 Sanctitas
1082 4197 1160 4248 sua.
1180 4175 1364 4274 Respondi

43 4293 175 4370 ltltmis.
193 4297 270 4370 DD.
290 4295 532 4370 cardinalibus
547 4297 717 4394 predictis
733 4297 829 4394 quod
843 4297 1006 4396 predicta
1024 4321 1068 4375 eo
1083 4299 1192 4375 modo
1210 4305 1250 4376 ut
1264 4299 1364 4375 dice·
1458 4359 1462 4364 .

43 4413 118 4492 bant
135 4419 215 4494 lieri
235 4444 309 4495 non
325 4427 475 4518 possent
500 4445 618 4518 neque
644 4421 832 4516 deberent,
856 4424 919 4500 sed
942 4447 985 4498 eo
1005 4424 1114 4500 modo
1139 4433 1246 4524 prout
1270 4425 1364 4500 sacta

43 4551 147 4636 eraut,
158 4543 240 4642 quia
255 4567 404 4642 vespere
419 4545 626 4643 hujusmodi
642 4554 765 4622 esseut
777 4571 860 4645 pars
873 4547 983 4624 misse
997 4554 1033 4624 et
1045 4573 1119 4624 non
1131 4531 1275 4649 proprie
1288 4573 1364 4624 ves-

44 4693 117 4764 pere
132 4671 196 4746 sed
211 4671 293 4746 loco
308 4671 656 4770 postcommunionis
669 4673 876 4772 hujusmodi
892 4675 1069 4750 ordinatio
1085 4698 1154 4773 que
1170 4676 1237 4750 sub
1252 4675 1363 4752 missa

45 4797 308 4874 concluderetur
321 4820 405 4873 oum
420 4807 503 4896 post
517 4799 718 4874 orationem
732 4799 873 4875 dicatur
883 4799 939 4874 Ite
952 4802 1060 4876 micro
1075 4813 1138 4894 ert,
1150 4807 1184 4876 et
1198 4825 1273 4875 non
1288 4801 1364 4880 Be.

45 4921 233 5028 rediremus
243 4929 350 5021 prout
365 4923 402 4998 in
416 4924 576 5022 vesperis
592 4925 663 4999 diei
679 4926 784 5016 solet,
796 4949 841 5000 ex
856 4950 927 5022 quo
943 4950 1016 5000 non
1032 4951 1139 5024 posse
1154 4927 1362 5026 hujusmodi

45 5046 175 5124 amissa
188 5049 295 5124 dividi
309 5049 373 5124 sed
388 5049 595 5126 necessario
617 5075 682 5149 per
700 5051 945 5127 celebrantem
967 5052 1140 5152 compleri
1160 5059 1196 5128 et
1211 5078 1278 5152 per
1289 5055 1363 5128 dia·

45 5189 160 5270 oonum
174 5175 355 5278 concludi,
375 5175 555 5251 dicentem
576 5176 632 5252 Ite
651 5177 759 5252 missa
777 5189 840 5270 ert,
865 5183 1007 5275 oportet
1025 5203 1033 5253 ε
1051 5179 1096 5252 ad
1117 5179 1214 5276 quod
1237 5184 1363 5282 ltmus,
