3422 6034
312 457 365 515 ωε
764 449 944 517 ronanus
967 447 1189 521 abacelam,
1499 448 1561 514 [ιω
1575 449 1637 512 aaa
1697 425 1698 432 ‘

312 615 491 688 interesse
508 606 682 708 [deberet]
694 634 702 696 3
716 604 901 702 replicavit
915 605 1005 680 mibi
1026 607 1204 682 Sanctitas
1214 629 1281 682 sua
1298 603 1514 704 pontificem
1529 605 1637 682 solum
1697 627 1698 702 ,

315 744 351 812 at
366 737 539 810 duntaxat
560 732 858 831 predecessorem
881 755 987 806 suum
1003 731 1136 806 debera
1162 731 1368 822 absolvere;
1393 728 1495 827 quod
1513 731 1638 828 placuit
1697 723 1698 814 l

315 869 419 938 Rmo'.
437 868 481 937 D.
499 859 671 936 cardinali
686 857 821 934 ibidem
836 857 996 954 presenti
1011 858 1072 955 qui
1088 863 1125 932 at
1138 859 1229 932 dixit
1241 881 1307 956 pro
1327 859 1442 934 missa
1457 860 1637 934 detuncto—
1697 835 1698 868 ³

316 1011 396 1063 rum
412 993 545 1086 Papam
565 987 602 1060 in
613 1009 728 1084 cappa
742 991 778 1059 at
792 1007 865 1058 non
880 985 919 1056 in
933 985 1077 1082 pluviali
1096 983 1229 1060 debere
1245 985 1281 1058 in
1296 983 1487 1082 publicum
1501 987 1634 1074 venire;
1697 963 1698 976 ἵ

315 1115 413 1212 quod
428 1120 464 1189 et
478 1115 522 1188 de
537 1120 689 1208 utraque
711 1116 812 1208 parte
835 1110 945 1184 hodie
969 1111 1037 1184 tuit
1060 1109 1291 1188 observatum
1316 1134 1382 1208 pro
1409 1111 1536 1184 anima
1552 1111 1637 1188 bone
1697 1119 1698 1170 ἑ

315 1239 491 1316 memorie
507 1238 656 1313 Matthia
672 1232 829 1329 Ungaria
849 1234 960 1331 ragis.
1510 1323 1516 1340 ι
1697 1215 1698 1226 ’

359 1366 530 1454 Sabbata,
554 1371 568 1436 t
593 1364 692 1453 maii,
711 1363 845 1438 testum
874 1359 1121 1458 apostoloram
1140 1357 1296 1455 Philippi
1312 1365 1348 1432 et
1364 1355 1509 1448 iacobi,
1528 1355 1586 1432 nbi
1599 1363 1635 1430 R.
1697 1423 1698 1428 ,

315 1495 355 1566 P.
369 1495 413 1566 U.
432 1491 622 1589 episcopus
638 1487 920 1585 Sanoganensis
937 1485 1132 1560 celebravit
1146 1485 1295 1558 missam
1311 1483 1520 1558 solemnem
1535 1483 1571 1556 in
1582 1483 1638 1557 ba-
1697 1571 1698 1584 χ

315 1617 417 1691 silica
436 1615 630 1689 duodecim
652 1613 899 1712 apostolorum
926 1611 969 1685 de
992 1611 1100 1704 Urbe,
1125 1608 1376 1684 novemdecim
1402 1608 1636 1682 cardinalibus

313 1741 557 1840 presentibus,
575 1745 679 1814 limo.
698 1743 741 1812 D.
760 1737 942 1812 cardinale
959 1761 990 1811 s,
1008 1735 1106 1811 Petri
1126 1735 1172 1810 ad
1190 1735 1344 1810 Vincula
1365 1734 1537 1832 ejusdem
1551 1735 1637 1808 basi·
1697 1739 1698 1820 Ϊ

313 1867 382 1940 lica
399 1865 707 1940 commendatario
724 1864 759 1937 in
775 1863 904 1938 ultimo
918 1862 1001 1937 loco
1016 1867 1099 1959 pest
1113 1883 1242 1936 omnes
1258 1861 1465 1938 cardinales
1481 1867 1594 1938 stante
1608 1870 1637 1936 et

314 2015 442 2066 omnes
457 1990 658 2064 cardinales
675 1989 907 2064 advenientes
924 1993 1026 2062 extra
1039 1993 1183 2084 portam
1197 1987 1345 2060 basilice
1360 1987 1418 2062 vel
1442 1987 1542 2062 circa
1555 1985 1637 2061 reci-

313 2118 448 2216 piente,
467 2115 623 2214 demptis
649 2113 884 2190 Ulixbcnensi
900 2117 937 2187 et
952 2111 1105 2188 Senensi
1130 2113 1191 2208 qui
1211 2120 1381 2187 venerant
1398 2121 1485 2188 ante
1501 2113 1634 2210 ipsum:

314 2243 410 2317 idem
427 2241 620 2316 cardinalis
636 2265 665 2312 s.
684 2239 781 2314 Petri
803 2239 849 2312 ad
869 2237 1024 2316 Vincula
1049 2237 1176 2312 habuit
1202 2263 1330 2335 pacem
1346 2261 1367 2312 a
1382 2239 1572 2336 capellano
1585 2263 1636 2310 as-

315 2365 464 2442 sistente
479 2372 561 2464 post
577 2388 704 2440 omnes
727 2363 941 2438 cardinales.
960 2363 1078 2436 Finita
1100 2363 1224 2456 missa,
1243 2364 1464 2462 interrogavi
1482 2364 1528 2438 ab
1542 2386 1584 2438 eo
1597 2387 1635 2436 an

315 2492 560 2589 indulgentias
577 2489 854 2565 acardinalibus
873 2495 998 2588 patera
1022 2487 1218 2564 deberem:
1235 2489 1425 2588 respondit
1449 2490 1542 2564 mihi
1557 2513 1637 2587 opus
1688 2533 1692 2544 ·

318 2639 390 2692 non
406 2641 501 2692 essa.
520 2616 714 2692 Celebrans
729 2615 818 2689 dixit
838 2592 949 2688 unam
964 2615 1168 2690 orationem
1189 2621 1329 2691 tantum
1347 2621 1386 2691 et
1406 2615 1636 2714 prelationem

320 2741 365 2818 de
377 2741 563 2840 apostolis.
583 2741 711 2816 Omnia
723 2741 793 2815 alia
811 2741 1001 2815 observata
1015 2745 1099 2814 sunl
1113 2763 1214 2816 mora
1230 2747 1423 2816 consueto.
1697 2731 1698 2752 ³

363 2865 566 2957 Dominice,
585 2869 606 2938 9
626 2865 725 2957 maii,
742 2864 865 2941 habite
888 2873 971 2941 sunt
992 2866 1117 2963 nuptia
1135 2867 1215 2941 Ursi
1237 2865 1281 2942 de
1304 2867 1445 2941 Ursinis
1466 2871 1540 2942 RR.
1565 2869 1645 2940 boa
1697 2841 1698 2936 Ῑ

314 2990 612 3070 vicecancellarii
626 2992 671 3065 ad
685 3014 775 3089 quas
793 2992 940 3067 nomine
960 2991 1124 3090 ejusdam
1141 2992 1333 3068 cardinalis
1348 3017 1392 3066 ac
1412 2993 1538 3090 sponsi
1556 2993 1635 3068 iovi·

314 3119 378 3193 tati
400 3124 482 3192 sunt
500 3115 642 3191 nobitas
661 3116 754 3191 intra
772 3118 997 3210 nominandi,
1022 3141 1113 3214 quos
1139 3119 1333 3215 equitando
1356 3141 1633 3208 remanemus,
1697 3097 1698 3182 ἷ

314 3241 351 3314 in
366 3242 544 3314 honorem
560 3239 684 3338 sponsi
699 3242 874 3317 associavi
890 3243 935 3318 de
951 3245 1044 3318 scitu
1060 3251 1095 3320 et
1112 3244 1296 3319 voluntate
1316 3243 1473 3342 predicti
1489 3243 1580 3318 Rmi.
1594 3247 1632 3316 b.

314 3366 456 3464 prefati,
479 3365 549 3438 hoc
563 3363 690 3438 ordine
709 3391 718 3438 :
735 3366 842 3463 primi
857 3367 1003 3444 luerunt
1024 3373 1066 3442 D.
1091 3369 1280 3444 Mauritius
1299 3369 1387 3445 Cibo
1402 3370 1515 3445 frater
1533 3373 1630 3467 Papa,

314 3491 456 3565 medius
468 3491 562 3565 inter
574 3491 803 3588 capitaneum
819 3494 993 3585 Ecclesia,
1005 3493 1173 3570 videlicet
1188 3498 1231 3568 D.
1243 3494 1431 3568 Nicolaum
1446 3495 1493 3570 de
1509 3493 1632 3569 Ursinis

315 3617 487 3690 comitem
507 3639 528 3690 a
552 3615 709 3691 dexteris
728 3623 766 3700 et
783 3619 1015 3693 Franciscum
1041 3621 1128 3696 Cibo
1153 3621 1269 3696 filium
1296 3627 1392 3720 Papa
1418 3647 1440 3696 a
1465 3621 1630 3706 sinistris3

315 3765 404 3838 quos
428 3749 548 3816 tamen
572 3741 624 3814 sic
646 3743 820 3834 ordinavi,
845 3744 967 3819 sedin
988 3746 1109 3821 medio
1127 3748 1369 3844 capitaneum,
1387 3747 1579 3824 adexteris
1593 3749 1628 3820 n

314 3865 532 3956 Mauritium,
555 3889 576 3939 a
602 3866 755 3941 sinistris
780 3873 823 3942 D.
849 3871 1081 3946 Franciscum
1108 3873 1288 3948 collocare
1313 3874 1523 3966 debueram,
1547 3871 1630 3971 quod

314 3998 416 4066 extre
437 3992 474 4066 in
499 3995 541 4065 b.
564 3993 721 4067 Mauritii
746 3994 926 4072 bonorem
949 3995 1111 4073 nonfuit
1138 3975 1390 4088 observatum3
1419 4006 1503 4097 post
1528 3999 1590 4071 bos
1613 4021 1631 4068 a

314 4117 472 4193 dexteris
488 4124 610 4192 orator
622 4118 718 4216 ragis
734 4121 898 4212 Francia,
912 4145 935 4195 a
950 4124 1104 4200 sinistris
1117 4127 1218 4224 prior
1233 4127 1338 4202 Urbis
1352 4127 1628 4226 consanguineus

314 4244 437 4342 sponsi
457 4243 552 4318 inter
576 4245 735 4342 primum
756 4252 939 4342 oratorem
954 4251 1050 4348 regis
1063 4252 1234 4350 Hispania
1254 4253 1449 4328 adexteris
1464 4261 1501 4329 et
1515 4273 1627 4350 quem·
1697 4259 1698 4264 ’

313 4369 397 4442 dam
425 4370 578 4446 militem
606 4373 917 4470 consanguineum
946 4377 1068 4473 sponsi
1096 4401 1119 4450 a
1144 4378 1322 4467 sinistris;
1348 4379 1438 4454 itam
1460 4377 1625 4454 secundus

313 4501 436 4568 orator
452 4496 728 4595 ragisHispanie
742 4521 763 4571 a
777 4497 948 4592 dexteris,
963 4501 1242 4601 Ghristophorus
1256 4503 1417 4578 Bubalus
1430 4529 1452 4579 a
1466 4503 1622 4590 sinistris;

313 4619 400 4694 itam
423 4627 545 4695 orator
567 4623 847 4698 Venatiaruma
874 4625 1032 4702 dexteris
1059 4635 1096 4703 et
1119 4628 1401 4704 Mediolanensis
1424 4625 1621 4710 asinistris;

300 4743 400 4853 item
413 4752 534 4820 orator
548 4751 763 4824 Mantuanus
779 4773 801 4822 a
814 4751 972 4826 dexteris
987 4757 1233 4844 Montacroce,
1253 4779 1275 4828 a
1289 4754 1444 4830 sinistris
1458 4759 1500 4828 D.
1518 4749 1622 4826 bomi-

297 4869 413 4942 nicus
428 4874 548 4946 Aurea
562 4873 770 4972 capitaneus
783 4877 925 4974 palatii3
942 4877 1029 4952 item
1051 4881 1093 4952 D.
1113 4880 1293 4954 Gerardus
1314 4879 1516 4955 Ususmeris
1530 4877 1623 4972 depo

313 4995 456 5070 sitarius
477 5003 573 5098 Papa
592 5001 786 5077 adexteris
802 5011 838 5079 et
856 5005 1046 5080 Gratianus
1069 5005 1189 5094 miles,
1213 5005 1434 5080 camerarius
1448 4999 1621 5079 cardindis
1697 5017 1698 5104 j

312 5117 357 5194 da
373 5117 484 5215 Fuxo,
505 5125 716 5216 asinistris3
733 5134 816 5228 post
835 5129 902 5205 bos
918 5132 1069 5208 Romani
1086 5137 1122 5208 at
1141 5131 1277 5208 lamilia
1297 5131 1526 5212 cardinalium
1543 5153 1550 5200 :
1565 5122 1619 5200 scd
