3508 6034
359 449 412 504 462
814 445 990 502 lOHANNlS
1016 444 1239 517 BURCHARDI,
1525 452 1602 516 [Arrii
1616 455 1675 516 ttotl

411 603 516 678 Faria
541 609 655 691 sexta,
688 605 731 676 13
761 601 845 674 dicti
877 601 1013 675 mensis
1035 601 1173 698 aprilis,
1208 601 1308 676 cirea
1327 602 1456 678 boram
1481 605 1676 704 vigesimam

346 727 526 826 primam,
543 752 609 826 per
628 733 770 825 portam
787 726 954 802 Viridarii
975 728 1028 800 lll.
1056 727 1230 802 Hercules
1258 728 1331 802 dux
1348 731 1513 804 Ferraria
1533 735 1624 808 veuit
1639 737 1676 806 acl

358 857 512 945 Urbem;
541 856 643 952 cujus
675 854 867 928 adrentum
896 855 960 928 SS.
993 859 1036 928 D.
1061 859 1102 932 N.
1131 876 1249 950 nuper
1280 854 1501 952 intelligens,
1535 855 1626 930 misit
1649 858 1676 932 ei

359 981 500 1058 obviam
515 1005 630 1078 usque
644 981 863 1056 Florentiam
879 987 915 1057 et
930 982 1027 1056 circa
1052 986 1125 1055 ΒΗ.
1154 985 1224 1056 ΡΡ.
1251 985 1326 1054 DD.
1346 979 1536 1054 Nicolaum
1552 982 1677 1054 archie-

357 1107 546 1204 pisoopum
581 1106 846 1197 Arelatensem,
881 1109 1070 1183 Nicolaum
1108 1108 1371 1206 Agathensem,
1403 1115 1439 1181 et
1469 1108 1610 1182 Celsum
1638 1109 1675 1182 dc

359 1231 514 1306 Mellinis
530 1235 765 1306 Feretranum
787 1233 991 1331 episcopos,
1014 1233 1074 1330 qui
1091 1240 1322 1308 recesserunt
1338 1257 1383 1306 ex
1402 1233 1499 1308 Urbe
1518 1233 1576 1307 die
1593 1259 1674 1308 mer-

357 1357 463 1447 curii,
481 1362 502 1428 4
517 1355 644 1454 hujus;
662 1381 754 1454 quos
769 1358 899 1434 deinde
915 1364 998 1456 pos't
1014 1359 1138 1454 plures
1152 1359 1228 1434 dies
1245 1367 1391 1432 secutus
1407 1366 1463 1434 est
1481 1363 1526 1432 D.
1545 1361 1676 1434 Bartbo·

357 1482 499 1558 lomeus
521 1485 707 1570 Morenus,
725 1484 994 1580 protonotarius
1017 1483 1250 1580 apostolieae,
1269 1485 1375 1558 Urbis
1393 1484 1624 1581 gubernator,
1640 1509 1674 1558 ex

357 1607 530 1705 singulari
550 1607 755 1697 affectione,
787 1633 861 1682 non
882 1632 947 1706 per
971 1611 1035 1684 SS.
1069 1613 1111 1682 D.
1144 1613 1186 1683 N.
1217 1609 1423 1706 specialiter
1451 1609 1599 1698 missus,
1624 1612 1674 1683 sal

358 1742 542 1830 tamquam
559 1733 624 1806 sub
640 1733 799 1808 dominio
815 1733 902 1808 dicti
917 1734 1019 1809 ducis
1031 1740 1148 1806 natus.
1167 1735 1258 1808 Huic
1269 1734 1349 1808 duci
1361 1733 1506 1808 ebriam
1517 1745 1674 1810 venerunt

356 1881 459 1934 more
482 1857 588 1933 solito
607 1857 742 1933 familie
765 1859 999 1934 cardinalium
1019 1864 1056 1932 et
1079 1861 1143 1934 SS.
1163 1863 1206 1932 D.
1229 1863 1272 1934 N.
1297 1883 1390 1956 pape
1409 1868 1445 1934 et
1469 1860 1564 1934 sacri
1578 1859 1674 1933 cardi-

356 1985 491 2060 nalium
524 1983 682 2081 collegii.
712 1989 940 2083 Receperunt
954 1984 1069 2082 primo
1090 1983 1223 2057 adoris
1243 1984 1408 2058 osculum
1424 1985 1560 2060 deinde
1582 1985 1674 2058 rerba

356 2116 590 2208 exponentes,
609 2133 693 2184 cum
708 2109 825 2206 ipsum
841 2109 936 2183 inter
950 2133 989 2184 se
1000 2108 1159 2184 medium
1174 2109 1480 2184 conduxeruntad
1498 2113 1563 2184 SS.
1581 2115 1620 2184 o.
1636 2115 1669 2182 N.

349 2260 461 2333 pape,
490 2235 552 2332 qui
578 2259 686 2332 supra
709 2235 844 2308 lobiam
870 2234 991 2331 palatii
1016 2257 1125 2330 supra
1150 2241 1293 2330 portam
1324 2241 1415 2324 erat,
1447 2235 1668 2332 presentiam.

355 2365 453 2459 Papa
480 2361 517 2434 in
543 2359 630 2435 sede
664 2385 729 2434 sua
752 2361 860 2434 bassa
881 2359 1096 2451 cremesina,
1122 2359 1159 2432 in
1183 2359 1336 2434 rocheto
1369 2359 1520 2448 sedans,
1553 2361 1672 2456 recepit

355 2486 588 2560 duramenta
613 2510 652 2560 se
675 2487 905 2583 genuflexum
933 2485 1051 2582 primo
1080 2485 1126 2558 ad
1150 2484 1254 2582 pedis
1279 2485 1457 2577 osculum,
1487 2486 1614 2560 deinde
1636 2486 1671 2556 ad

356 2633 498 2698 manus,
525 2618 650 2686 sancte
673 2611 862 2686 Anastasia
888 2619 924 2686 et
945 2610 1075 2686 Ursino
1096 2609 1338 2684 cardinalibus
1356 2611 1599 2708 presentibus,
1622 2610 1669 2706 qui

355 2759 438 2807 cum
450 2735 621 2832 pontifice
641 2742 743 2808 erant
755 2759 827 2808 una
844 2760 925 2809 cum
944 2739 1198 2810 Beneventano
1214 2743 1249 2809 et
1261 2735 1668 2810 Ascaniocardinelibus.

354 2859 414 2955 qui
438 2858 572 2933 ibidem
604 2861 774 2932 eumdem
801 2859 930 2935 ducem
961 2860 1167 2934 venientem
1194 2861 1311 2956 capite
1341 2861 1530 2935 detectum
1556 2869 1591 2935 et
1614 2861 1669 2957 ipsi
1733 2901 1734 2958 3

353 2985 506 3060 detectis
522 2984 698 3082 capitibus
712 2984 949 3059 associarunt.
968 2985 1136 3060 Mandata
1152 2987 1217 3058 SS.
1235 2989 1273 3058 D.
1300 2989 1342 3058 N.
1360 2985 1483 3059 locum
1505 2987 1586 3060 dedi
1601 2985 1667 3059 duri
1733 2961 1734 2983 ἶ

353 3110 387 3184 in
401 3111 560 3184 scabello
575 3108 802 3199 cardinalari,
819 3110 879 3183 ubi
896 3109 1006 3198 sedit3
1029 3117 1107 3184 tum
1125 3114 1221 3207 Papa
1241 3109 1379 3206 recepit
1402 3109 1447 3184 ad
1463 3111 1568 3207 pedis
1581 3135 1669 3184 escu-

351 3235 425 3308 lum
441 3236 612 3310 iamiliam
628 3235 749 3322 ducis3
765 3259 837 3332 quo
857 3234 953 3306 lacto
974 3233 1129 3307 surrexit
1145 3233 1230 3324 dux,
1256 3240 1392 3307 etcum
1414 3257 1459 3306 eo
1482 3234 1667 3307 cardinales

224 3369 269 3394 ’“
351 3383 478 3436 omnes
493 3359 659 3458 predicti,
681 3383 837 3456 quorum
857 3359 942 3450 duo,
965 3357 1135 3432 videlicet
1155 3361 1430 3432 Beneventanus
1452 3365 1490 3431 et
1508 3357 1666 3432 Ascanius
1732 3443 1733 3450 ἵ

350 3486 469 3582 ipsum
482 3486 527 3560 ab
552 3485 649 3559 illine
669 3507 781 3580 usque
803 3484 848 3556 ad
867 3484 1041 3580 palatium
1067 3483 1182 3558 sancti
1198 3483 1324 3572 Marci,
1351 3481 1485 3578 inquo
1507 3481 1665 3581 hospitari
1732 3473 1733 3502 l

349 3609 504 3698 volebat,
531 3610 626 3683 inter
649 3633 688 3684 se
717 3609 876 3682 medium
898 3608 1134 3698 associarunt,
1166 3607 1243 3681 aliis
1273 3607 1415 3681 duobus
1440 3607 1664 3682 cardinalibus

349 3757 432 3808 cum
448 3733 675 3808 sanctissimo
691 3735 837 3810 domino
851 3741 976 3808 nostro
992 3733 1276 3810 remanentibus.

399 3859 642 3956 Equitarimus
662 3869 889 3958 perpontem
917 3885 946 3932 s.
969 3859 1112 3956 Angeli,
1138 3881 1307 3956 campum
1329 3858 1448 3948 Flore,
1467 3859 1611 3933 domum
1628 3855 1663 3927 de

348 3983 513 4058 Maximis
538 3985 584 4058 ad
606 3985 763 4086 plateam
787 3985 993 4083 principalis
1019 3985 1186 4058 introitus
1211 3983 1256 4058 ad
1281 3983 1475 4058 ecclesiam
1502 4009 1530 4057 s.
1553 3980 1659 4056 llarci.

349 4113 608 4184 precesserunt
630 4109 764 4183 familie
787 4110 1037 4200 cardinalium,
1059 4109 1191 4184 deinde
1218 4099 1359 4182 familia'
1380 4108 1497 4197 ducis,
1520 4103 1660 4181 scutiferi

240 4312 243 4320 ,
348 4238 444 4332 Papa
456 4241 492 4309 et
507 4234 662 4326 comitis,
681 4257 809 4308 onmes
828 4235 909 4307 laici
930 4241 966 4308 et
987 4258 1060 4306 non
1082 4233 1223 4331 prelati,
1251 4239 1287 4307 et
1308 4232 1464 4306 barones
1485 4231 1616 4306 romani
1633 4235 1660 4300 et
1731 4261 1732 4308 r

347 4357 462 4450 ducis,
481 4359 575 4434 inter
589 4381 679 4456 quos
695 4358 810 4432 ultimi
827 4363 928 4432 erant
946 4381 1069 4434 comes
1086 4357 1240 4431 Pitiliani
1257 4357 1468 4455 capitaneus
1481 4355 1660 4431 Ecclesiae

348 4483 483 4557 dextris
503 4489 539 4558 et
558 4484 771 4558 Franciscus
794 4483 881 4558 Cibo
902 4509 923 4557 a
947 4483 1113 4558 sinistris.
1146 4487 1232 4558 l‘ost
1257 4482 1387 4557 ducem
1412 4490 1449 4556 et
1476 4479 1657 4556 cardinales

348 4608 554 4704 equitamnt
567 4607 693 4706 prelati
709 4607 856 4705 palatini
878 4615 913 4682 et
938 4617 1118 4698 oratores;
1146 4616 1223 4681 tum
1245 4608 1304 4681 alii
1329 4631 1432 4682 more
1454 4607 1569 4682 solito.
1592 4608 1655 4677 bur

346 4733 486 4806 nullum
501 4733 677 4830 prelatum
694 4757 819 4806 secum
832 4731 943 4806 duxit.
963 4731 1162 4831 Episcopus
1173 4731 1388 4806 Mutinensis
1405 4737 1524 4804 orator
1538 4752 1613 4802 suus
1626 4725 1654 4796 in
1730 4823 1731 4828 Ἰ

233 4917 244 4934 .
349 4857 444 4930 Urbe
461 4857 633 4952 equitavit
648 4857 684 4929 in
700 4855 825 4930 ordine
843 4882 924 4949 suc,
947 4866 985 4932 ut
1010 4864 1145 4948 orator,
1167 4880 1250 4931 cum
1271 4857 1350 4930 aliis
1374 4855 1571 4930 oratoribus
1589 4873 1655 4947 pre·
1730 4943 1731 4962 ἢ

346 4979 440 5054 latis.
458 4983 564 5054 Extra
580 4989 721 5079 portam
736 4981 857 5078 palatii
874 4983 986 5057 sancti
1002 4983 1127 5076 Marci,
1146 4991 1340 5080 antequam
1356 4981 1492 5056 curiam
1508 4981 1649 5055 intraret,
1730 4973 1731 4983 ³

346 5104 451 5178 vertit
467 5129 506 5178 se
522 5113 558 5180 et
579 5106 722 5182 detecto
742 5105 860 5203 capite
882 5107 1124 5182 cardinalibus
1147 5107 1280 5206 gratias
1306 5105 1402 5204 egit,
1424 5105 1483 5201 qui
1506 5120 1649 5176 recesse-
