3496 6056
329 466 381 520 102
786 461 960 521 tonsurus
986 461 1207 532 cunensem,
1238 507 1242 518 .
1408 461 1640 526 [8111111111
1739 451 1740 486 ¹

326 620 461 710 tabant,
493 620 577 693 licet
603 620 640 692 in
670 620 734 693 viis
761 619 889 718 amplis
919 619 1122 717 potuissent
1150 613 1407 690 convenienter
1438 615 1544 712 primi
1565 615 1636 706 duo,
1739 657 1740 660 π

326 745 530 819 (1111111111
546 733 619 819 1111
635 745 778 818 insimul
794 744 989 840 equitasse,
1007 741 1172 815 videlicet
1193 740 1239 813 cd
1258 738 1421 814 dextram
1440 737 1641 812 Alamanno-

327 895 421 960 rum,
443 871 488 944 ad
510 871 691 946 sinistram
715 871 836 969 populi
861 868 1013 958 romani,
1035 867 1164 940 deinde
1186 866 1223 938 in
1242 849 1401 940 cruciata
1423 863 1542 938 medio
1562 865 1640 936 11111-
1739 867 1740 912 ἒ

326 995 469 1086 dianus,
493 1018 638 1070 crucem
667 995 806 1085 ferens,
843 994 888 1066 ad
919 995 1105 1067 dexteram
1135 991 1295 1066 Ecclesia
1331 995 1367 1063 et
1398 989 1444 1064 ad
1471 989 1639 1062 sinisiram
1739 995 1740 1040 l

327 1144 511 1195 armorum
523 1125 618 1219 Papa
629 1121 755 1195 vexilla
771 1121 991 1194 deferentes.
1739 1122 1740 1138 ¹

378 1247 574 1321 Duodecim
592 1248 675 1344 equi
692 1248 762 1320 albi
779 1269 860 1321 oum
877 1247 1057 1344 coopertis
1073 1246 1117 1320 de
1131 1245 1263 1320 velluto
1281 1242 1486 1317 cremesino
1504 1265 1545 1315 ac
1561 1239 1643 1314 sellis

328 1379 363 1446 et
384 1373 492 1447 frenis
524 1371 703 1447 deauratis
729 1373 975 1461 ornatissime,
1001 1397 1090 1469 quos
1117 1369 1309 1445 duodecim
1340 1369 1537 1442 familiares
1563 1371 1645 1463 Pape
1739 1377 1740 1418 ῑ

329 1497 484 1570 vestibus
500 1497 659 1572 rosensis
675 1497 788 1570 induti
805 1496 986 1570 ducebant
1001 1520 1066 1594 per
1081 1497 1235 1586 frenum,
1254 1495 1402 1569 baculos
1419 1495 1554 1566 rubeos
1570 1517 1644 1565 auro
1739 1507 1740 1545 l

327 1622 438 1695 mixto
454 1623 616 1720 depictos
636 1623 763 1720 longos
779 1623 816 1695 iu
832 1622 901 1696 alia
916 1647 1024 1696 manu
1041 1629 1243 1720 gestantes;
1264 1621 1315 1694 hii
1332 1643 1423 1693 unus
1444 1625 1527 1718 post
1548 1618 1644 1692 alium

329 1755 454 1822 ornate
472 1749 703 1822 incedebant.

377 1876 535 1958 Quatuor
551 1871 645 1946 cives
661 1873 812 1962 romani,
837 1875 995 1948 scutiferi
1011 1874 1159 1948 honoris
1176 1873 1384 1971 nuncupati,
1403 1871 1540 1946 ornatis
1557 1871 1649 1945 vesli-
1734 1903 1740 1914 ·

327 1999 393 2071 bus
410 1997 536 2086 induti,
555 1997 629 2070 bini
644 2007 679 2070 et
693 1997 765 2070 hini
782 2001 996 2094 equitantes,
1020 2023 1174 2096 quorum
1196 1999 1345 2097 quilibet
1365 1999 1533 2096 portabat
1549 2019 1647 2071 uuum
1739 2015 1740 2020 ’

328 2124 528 2222 cappellum
545 2124 588 2196 de
605 2124 721 2197 veluto
737 2124 955 2212 cremosino,
974 2147 1082 2198 aureo
1100 2125 1229 2200 orletto
1246 2123 1508 2200 circumdatum
1526 2129 1563 2197 et
1575 2147 1650 2220 pen-

328 2248 495 2322 dentibus
520 2246 668 2332 sericeis
691 2247 903 2321 cremosinis
923 2269 1010 2320 auro
1034 2248 1153 2320 mixtis
1177 2273 1285 2347 supra
1306 2249 1474 2322 baculum
1500 2248 1649 2346 longitu-

328 2374 420 2447 dinis
440 2379 593 2470 quatuor
612 2373 812 2470 palmorum
833 2373 887 2445 vel
910 2372 1019 2460 circa,
1043 2374 1174 2448 velluto
1200 2375 1403 2449 cremosino
1425 2381 1645 2470 coopertum,
1739 2409 1740 2439 1

329 2506 437 2597 caput.
449 2499 644 2594 habentem
666 2498 804 2595 largum
830 2500 867 2573 in.
893 2501 1042 2574 modum
1065 2500 1207 2593 tellerii,
1234 2506 1272 2574 ut
1295 2500 1499 2599 cappellum
1525 2499 1649 2574 substi-
1739 2521 1740 2558 f

328 2631 444 2700 neret.
623 2611 634 2625 “

377 2749 590 2824 Cubicularii
606 2756 707 2826 extra
721 2775 904 2826 cameram
921 2777 1003 2826 cum
1027 2754 1209 2852 cappuciis
1225 2759 1264 2827 ut
1280 2755 1317 2826 in
1333 2754 1483 2852 capella.

378 2881 546 2951 Oratores
567 2877 770 2974 principum
793 2901 866 2952 non
887 2879 1028 2977 prelati,
1054 2881 1118 2953 sed
1137 2879 1232 2972 laici,
1255 2903 1297 2954 ac
1317 2903 1399 2954 cum
1415 2881 1467 2953 eis
1483 2879 1647 2955 barones.
1739 2925 1740 2948 1

375 3001 622 3078 Subdiacouus
638 3025 722 3077 cum
738 3027 859 3096 cruce,
878 3006 1106 3080 ceroferariis
1124 3007 1364 3094 etthuribulc,
1378 3031 1503 3082 secum
1519 3007 1651 3082 habens
1739 3033 1740 3078 t

326 3129 414 3203 alios
431 3129 671 3204 subdiaconos
685 3130 843 3228 collegas
860 3155 956 3205 suos.

375 3254 573 3329 Duodecim
586 3255 778 3330 familiares
795 3261 890 3354 Pape
905 3257 1063 3331 vestibus
1080 3259 1375 3351 rosaceisinduti,
1391 3260 1452 3358 qui
1463 3285 1514 3335 xu
1526 3283 1652 3356 magna

325 3380 506 3454 intorticia
521 3380 602 3453 alba
616 3403 770 3456 accensa
783 3389 865 3457 ante
883 3404 1014 3481 corpus
1031 3385 1161 3459 Christi
1178 3386 1343 3462 ferebant
1353 3389 1554 3486 pedestres.

374 3509 471 3580 Unus
488 3505 673 3579 familiaris
689 3509 838 3582 sacriste
862 3515 1042 3604 equester,
1061 3509 1203 3585 sirecte
1220 3512 1384 3602 memini,
1402 3514 1650 3612 superpellicio
1739 3601 1740 3610 χ

324 3631 481 3721 indutus,
499 3631 558 3728 qui
575 3655 682 3729 super
697 3633 823 3708 baculo
840 3635 1004 3709 inaurato
1025 3636 1227 3711 lanternam
1248 3635 1388 3710 ferebat
1408 3661 1491 3711 cum
1507 3638 1652 3712 candela

325 3779 479 3830 accensa
498 3780 562 3855 pro
585 3779 737 3852 corpore
763 3760 916 3850 Christi;
940 3785 1054 3859 equus
1074 3762 1176 3834 albus
1196 3763 1288 3836 bene
1313 3764 1469 3838 domitus
1487 3771 1524 3839 et
1539 3765 1653 3864 placa-

324 3883 405 3958 bilis
419 3884 550 3958 velluto
566 3885 767 3959 cremesino
783 3888 1183 3984 coopertuscumfreno
1195 3895 1230 3963 et
1246 3890 1334 3963 sella
1348 3891 1536 3984 inauratis,
1547 3915 1649 3990 quem

324 4008 477 4083 ducebat
511 4009 695 4084 familiaris
730 4013 876 4088 sacriste
916 4020 1014 4086 veste
1053 4037 1203 4087 rosacea
1237 4015 1400 4108 indutus,
1437 4017 1507 4090 alia
1546 4041 1649 4091 manu

324 4138 490 4212 haculum
506 4139 657 4212 rubeum
672 4145 709 4212 ut
724 4137 835 4212 ceteri
849 4161 901 4210 xu
917 4143 1077 4234 portans,
1094 4161 1336 4237 cumcorpore
1352 4141 1481 4214 Christi
1495 4141 1534 4215 in
1544 4165 1647 4240 capsa

324 4263 493 4337 damasco
518 4288 582 4337 seu
605 4265 800 4339 brucchato
821 4265 902 4338 albo
923 4271 1089 4362 coperta;
1112 4265 1269 4363 desuper
1299 4268 1509 4364 portabatur
1534 4269 1649 4344 halda-

323 4389 468 4462 chinum
485 4415 551 4488 per
572 4388 873 4482 cives'romanoS,
898 4391 957 4488 qui
980 4415 1029 4464 xu
1053 4391 1190 4466 vicibus
1215 4415 1253 4465 11
1277 4399 1473 4484 mutarunt,
1500 4397 1572 4471 hoc
1598 4403 1647 4470 est

322 4515 410 4588 alius
445 4515 527 4588 loco
559 4515 705 4590 alterius
729 4517 893 4616 portavit,
921 4525 1026 4612 prout
1048 4522 1085 4588 ct
1108 4515 1168 4588 alii
1196 4515 1242 4589 ad
1270 4515 1529 4594 baldachinum
1556 4523 1645 4618 Pape

325 4642 484 4737 deputati
500 4642 692 4717 faciebant.

371 4767 538 4857 Sacrista,
556 4769 699 4866 pluviali
711 4768 792 4843 albo
806 4775 949 4867 paratus
963 4776 1000 4844 et
1012 4770 1293 4872 mitrasimplici,
1310 4797 1442 4870 equum
1457 4773 1647 4848 hoccasino
1739 4797 1740 4866 p

323 4890 404 4964 albo
430 4890 502 4964 sive
531 4893 696 4990 fustagno
728 4903 939 4993 coopertum
970 4897 1035 4970 sub
1066 4922 1103 4972 se
1135 4898 1289 4995 habens,
1330 4898 1499 4972 baculum
1531 4896 1647 4972 album

322 5015 553 5113 longitudinis
569 5019 711 5094 circiter
724 5028 876 5117 quatuor
890 5023 1091 5119 palmorum
1107 5047 1217 5097 manu
1232 5025 1357 5100 dextra
1372 5024 1553 5122 portabat.
1739 5111 1740 5124 2

369 5141 528 5238 baptista
542 5143 586 5217 de
601 5146 802 5219 Arconibus
825 5153 861 5220 et
877 5148 1078 5244 Stephanus
1099 5149 1280 5224 Francisci
1300 5149 1395 5224 cives
1419 5150 1574 5244 romani,
1594 5147 1647 5244 qui
