<?xml version="1.0" encoding="UTF-8"?>
<!DOCTYPE html PUBLIC "-//W3C//DTD XHTML 1.0 Transitional//EN"
    "http://www.w3.org/TR/xhtml1/DTD/xhtml1-transitional.dtd">
<html xmlns="http://www.w3.org/1999/xhtml" xml:lang="en" lang="en">
 <head>
  <title>
</title>
<meta http-equiv="Content-Type" content="text/html;charset=utf-8" />
  <meta name='ocr-system' content='tesseract 3.04.00' />
  <meta name='ocr-capabilities' content='ocr_page ocr_carea ocr_par ocr_line ocrx_word'/>
</head>
<body>
  <div class='ocr_page' id='page_1' title='image "./johannisburchar02burcgoog/johannisburchar02burcgoog_0292.png"; bbox 0 0 3424 6038; ppageno 0'>
   <div class='ocr_carea' id='block_1_1' title="bbox 68 458 1389 524">
    <p class='ocr_par' dir='ltr' id='par_1_1' title="bbox 68 458 1389 524">
     <span class='ocr_line' id='line_1_1' title="bbox 68 458 1389 524; baseline 0.01 -14"><span class='ocrx_word' id='word_1_1' title='bbox 68 459 299 524; x_wconf 68' lang='lat' dir='ltr'>[nasammonas]</span> <span class='ocrx_word' id='word_1_2' title='bbox 394 458 520 518; x_wconf 82' lang='lat' dir='ltr'>RERUM</span> <span class='ocrx_word' id='word_1_3' title='bbox 544 458 771 520; x_wconf 77' lang='lat' dir='ltr'>URBANARUM</span> <span class='ocrx_word' id='word_1_4' title='bbox 795 461 1058 520; x_wconf 80' lang='lat' dir='ltr'><strong>COMMENTARH.</strong></span> <span class='ocrx_word' id='word_1_5' title='bbox 1335 468 1389 524; x_wconf 81' lang='lat'>279</span> 
     </span>
    </p>
   </div>
   <div class='ocr_carea' id='block_1_2' title="bbox 56 611 1386 5220">
    <p class='ocr_par' dir='ltr' id='par_1_2' title="bbox 60 611 1385 1090">
     <span class='ocr_line' id='line_1_2' title="bbox 63 611 1384 709; baseline 0.007 -23"><span class='ocrx_word' id='word_1_6' title='bbox 63 612 144 686; x_wconf 92' lang='lat' dir='ltr'>rium</span> <span class='ocrx_word' id='word_1_7' title='bbox 158 617 194 685; x_wconf 88' lang='lat' dir='ltr'>et</span> <span class='ocrx_word' id='word_1_8' title='bbox 215 612 375 709; x_wconf 77' lang='lat' dir='ltr'>reposuit</span> <span class='ocrx_word' id='word_1_9' title='bbox 394 611 482 686; x_wconf 91' lang='lat' dir='ltr'>illud</span> <span class='ocrx_word' id='word_1_10' title='bbox 501 618 584 688; x_wconf 86' lang='lat' dir='ltr'>ante</span> <span class='ocrx_word' id='word_1_11' title='bbox 601 615 762 689; x_wconf 93' lang='lat' dir='ltr'>medinm</span> <span class='ocrx_word' id='word_1_12' title='bbox 778 615 912 706; x_wconf 88' lang='lat' dir='ltr'>altaris,</span> <span class='ocrx_word' id='word_1_13' title='bbox 935 616 1065 692; x_wconf 90' lang='lat' dir='ltr'>deinde</span> <span class='ocrx_word' id='word_1_14' title='bbox 1082 619 1187 692; x_wconf 89' lang='lat' dir='ltr'>rediit</span> <span class='ocrx_word' id='word_1_15' title='bbox 1202 620 1247 693; x_wconf 91' lang='lat' dir='ltr'>ad</span> <span class='ocrx_word' id='word_1_16' title='bbox 1262 643 1384 695; x_wconf 91' lang='lat' dir='ltr'>came-</span> 
     </span>
     <span class='ocr_line' id='line_1_3' title="bbox 62 737 1385 841; baseline 0.006 -31"><span class='ocrx_word' id='word_1_17' title='bbox 62 737 492 834; x_wconf 86' lang='lat' dir='ltr'>ram,porlantesrmbrias</span> <span class='ocrx_word' id='word_1_18' title='bbox 504 739 676 837; x_wconf 90' lang='lat' dir='ltr'>episcopo</span> <span class='ocrx_word' id='word_1_19' title='bbox 686 740 1045 839; x_wconf 85' lang='lat' dir='ltr'>Aleriensiutsupra.</span> <span class='ocrx_word' id='word_1_20' title='bbox 1056 745 1148 817; x_wconf 81' lang='lat' dir='ltr'>Ante</span> <span class='ocrx_word' id='word_1_21' title='bbox 1161 747 1385 841; x_wconf 76' lang='lat' dir='ltr'>evangelium</span> 
     </span>
     <span class='ocr_line' id='line_1_4' title="bbox 60 863 1383 963; baseline 0.005 -25"><span class='ocrx_word' id='word_1_22' title='bbox 60 865 225 938; x_wconf 87' lang='lat' dir='ltr'>diaconus</span> <span class='ocrx_word' id='word_1_23' title='bbox 241 863 383 960; x_wconf 86' lang='lat' dir='ltr'>accepit</span> <span class='ocrx_word' id='word_1_24' title='bbox 397 863 689 940; x_wconf 77' lang='lat' dir='ltr'>benedictionem</span> <span class='ocrx_word' id='word_1_25' title='bbox 703 889 725 938; x_wconf 93' lang='lat' dir='ltr'>a</span> <span class='ocrx_word' id='word_1_26' title='bbox 740 870 836 963; x_wconf 91' lang='lat' dir='ltr'>Papa</span> <span class='ocrx_word' id='word_1_27' title='bbox 853 890 955 942; x_wconf 89' lang='lat' dir='ltr'>more</span> <span class='ocrx_word' id='word_1_28' title='bbox 972 869 1078 943; x_wconf 88' lang='lat' dir='ltr'>solito</span> <span class='ocrx_word' id='word_1_29' title='bbox 1096 875 1131 944; x_wconf 87' lang='lat' dir='ltr'>at</span> <span class='ocrx_word' id='word_1_30' title='bbox 1147 877 1230 946; x_wconf 87' lang='lat' dir='ltr'>ante</span> <span class='ocrx_word' id='word_1_31' title='bbox 1247 873 1383 946; x_wconf 87' lang='lat' dir='ltr'>oratio·-</span> 
     </span>
     <span class='ocr_line' id='line_1_5' title="bbox 60 989 1385 1090; baseline 0.007 -26"><span class='ocrx_word' id='word_1_32' title='bbox 60 1013 136 1064; x_wconf 91' lang='lat' dir='ltr'>uem</span> <span class='ocrx_word' id='word_1_33' title='bbox 150 989 250 1061; x_wconf 82' lang='lat' dir='ltr'>Deus</span> <span class='ocrx_word' id='word_1_34' title='bbox 261 989 325 1086; x_wconf 78' lang='lat' dir='ltr'>qui</span> <span class='ocrx_word' id='word_1_35' title='bbox 339 989 507 1078; x_wconf 81' lang='lat' dir='ltr'>humone,</span> <span class='ocrx_word' id='word_1_36' title='bbox 524 1001 604 1079; x_wconf 81' lang='lat' dir='ltr'>etc,</span> <span class='ocrx_word' id='word_1_37' title='bbox 624 995 719 1088; x_wconf 90' lang='lat' dir='ltr'>Papa</span> <span class='ocrx_word' id='word_1_38' title='bbox 735 991 920 1067; x_wconf 76' lang='lat' dir='ltr'>benedixit</span> <span class='ocrx_word' id='word_1_39' title='bbox 935 1017 1066 1090; x_wconf 88' lang='lat' dir='ltr'>aquam</span> <span class='ocrx_word' id='word_1_40' title='bbox 1082 1018 1183 1070; x_wconf 89' lang='lat' dir='ltr'>more</span> <span class='ocrx_word' id='word_1_41' title='bbox 1196 1004 1385 1073; x_wconf 90' lang='lat' dir='ltr'>consueto.</span> 
     </span>
    </p>

    <p class='ocr_par' dir='ltr' id='par_1_3' title="bbox 56 1110 1386 2341">
     <span class='ocr_line' id='line_1_6' title="bbox 102 1110 1382 1219; baseline 0.005 -30"><span class='ocrx_word' id='word_1_42' title='bbox 102 1116 273 1204; x_wconf 83' lang='lat' dir='ltr'>Sabbata,</span> <span class='ocrx_word' id='word_1_43' title='bbox 293 1114 541 1204; x_wconf 89' lang='lat' dir='ltr'>8decembris,</span> <span class='ocrx_word' id='word_1_44' title='bbox 560 1113 693 1190; x_wconf 80' lang='lat' dir='ltr'>testum</span> <span class='ocrx_word' id='word_1_45' title='bbox 707 1117 961 1214; x_wconf 74' lang='lat' dir='ltr'>conceptionis</span> <span class='ocrx_word' id='word_1_46' title='bbox 975 1118 1078 1193; x_wconf 88' lang='lat' dir='ltr'>beate</span> <span class='ocrx_word' id='word_1_47' title='bbox 1095 1122 1204 1194; x_wconf 88' lang='lat' dir='ltr'>llarie</span> <span class='ocrx_word' id='word_1_48' title='bbox 1220 1110 1382 1219; x_wconf 73' lang='lat' dir='ltr'>virginio,</span> 
     </span>
     <span class='ocr_line' id='line_1_7' title="bbox 59 1242 1385 1343; baseline 0.002 -25"><span class='ocrx_word' id='word_1_49' title='bbox 59 1253 196 1342; x_wconf 88' lang='lat' dir='ltr'>paratus</span> <span class='ocrx_word' id='word_1_50' title='bbox 212 1268 315 1319; x_wconf 92' lang='lat' dir='ltr'>more</span> <span class='ocrx_word' id='word_1_51' title='bbox 332 1243 451 1332; x_wconf 90' lang='lat' dir='ltr'>solito,</span> <span class='ocrx_word' id='word_1_52' title='bbox 469 1247 642 1339; x_wconf 86' lang='lat' dir='ltr'>utsupra,</span> <span class='ocrx_word' id='word_1_53' title='bbox 661 1245 758 1339; x_wconf 86' lang='lat' dir='ltr'>Papa</span> <span class='ocrx_word' id='word_1_54' title='bbox 771 1242 869 1316; x_wconf 81' lang='lat' dir='ltr'>uenit</span> <span class='ocrx_word' id='word_1_55' title='bbox 884 1242 930 1317; x_wconf 89' lang='lat' dir='ltr'>ad</span> <span class='ocrx_word' id='word_1_56' title='bbox 948 1267 1118 1341; x_wconf 86' lang='lat' dir='ltr'>magnam</span> <span class='ocrx_word' id='word_1_57' title='bbox 1135 1245 1310 1343; x_wconf 87' lang='lat' dir='ltr'>capellam</span> <span class='ocrx_word' id='word_1_58' title='bbox 1327 1247 1385 1322; x_wconf 95' lang='lat' dir='ltr'>ubi</span> 
     </span>
     <span class='ocr_line' id='line_1_8' title="bbox 59 1365 1385 1470; baseline 0.003 -28"><span class='ocrx_word' id='word_1_59' title='bbox 59 1370 210 1444; x_wconf 89' lang='lat' dir='ltr'>interluit</span> <span class='ocrx_word' id='word_1_60' title='bbox 223 1370 334 1443; x_wconf 89' lang='lat' dir='ltr'>misse</span> <span class='ocrx_word' id='word_1_61' title='bbox 351 1367 505 1442; x_wconf 90' lang='lat' dir='ltr'>solemni</span> <span class='ocrx_word' id='word_1_62' title='bbox 521 1390 631 1464; x_wconf 87' lang='lat' dir='ltr'>quum</span> <span class='ocrx_word' id='word_1_63' title='bbox 647 1365 841 1442; x_wconf 88' lang='lat' dir='ltr'>celebravit</span> <span class='ocrx_word' id='word_1_64' title='bbox 861 1373 901 1442; x_wconf 87' lang='lat' dir='ltr'>R.</span> <span class='ocrx_word' id='word_1_65' title='bbox 922 1373 962 1442; x_wconf 93' lang='lat' dir='ltr'>P.</span> <span class='ocrx_word' id='word_1_66' title='bbox 983 1371 1025 1442; x_wconf 89' lang='lat' dir='ltr'>D.</span> <span class='ocrx_word' id='word_1_67' title='bbox 1044 1370 1227 1444; x_wconf 85' lang='lat' dir='ltr'>lohannes</span> <span class='ocrx_word' id='word_1_68' title='bbox 1242 1371 1385 1470; x_wconf 89' lang='lat' dir='ltr'>episco-</span> 
     </span>
     <span class='ocr_line' id='line_1_9' title="bbox 57 1472 1384 1592; baseline 0.002 -24"><span class='ocrx_word' id='word_1_69' title='bbox 57 1521 117 1592; x_wconf 88' lang='lat' dir='ltr'>pus</span> <span class='ocrx_word' id='word_1_70' title='bbox 132 1495 374 1570; x_wconf 87' lang='lat' dir='ltr'>Tornacensis</span> <span class='ocrx_word' id='word_1_71' title='bbox 397 1472 659 1566; x_wconf 67' lang='lat' dir='ltr'>cum&#39;diacono</span> <span class='ocrx_word' id='word_1_72' title='bbox 683 1497 719 1565; x_wconf 87' lang='lat' dir='ltr'>et</span> <span class='ocrx_word' id='word_1_73' title='bbox 741 1493 963 1568; x_wconf 88' lang='lat' dir='ltr'>subdiacono</span> <span class='ocrx_word' id='word_1_74' title='bbox 985 1501 1020 1568; x_wconf 94' lang='lat' dir='ltr'>et</span> <span class='ocrx_word' id='word_1_75' title='bbox 1042 1495 1246 1587; x_wconf 84' lang='lat' dir='ltr'>assistente,</span> <span class='ocrx_word' id='word_1_76' title='bbox 1273 1498 1384 1571; x_wconf 88' lang='lat' dir='ltr'>sacris</span> 
     </span>
     <span class='ocr_line' id='line_1_10' title="bbox 57 1617 1386 1719; baseline 0.005 -29"><span class='ocrx_word' id='word_1_77' title='bbox 57 1619 204 1694; x_wconf 83' lang='lat' dir='ltr'>usstibus</span> <span class='ocrx_word' id='word_1_78' title='bbox 219 1617 365 1717; x_wconf 75' lang='lat' dir='ltr'>paratis,</span> <span class='ocrx_word' id='word_1_79' title='bbox 383 1617 502 1691; x_wconf 90' lang='lat' dir='ltr'>lnhac</span> <span class='ocrx_word' id='word_1_80' title='bbox 522 1617 645 1708; x_wconf 90' lang='lat' dir='ltr'>missa,</span> <span class='ocrx_word' id='word_1_81' title='bbox 666 1617 788 1692; x_wconf 85' lang='lat' dir='ltr'>omnia</span> <span class='ocrx_word' id='word_1_82' title='bbox 808 1617 952 1692; x_wconf 87' lang='lat' dir='ltr'>luerunt</span> <span class='ocrx_word' id='word_1_83' title='bbox 969 1619 1158 1695; x_wconf 87' lang='lat' dir='ltr'>observata</span> <span class='ocrx_word' id='word_1_84' title='bbox 1173 1628 1212 1694; x_wconf 88' lang='lat' dir='ltr'>nt</span> <span class='ocrx_word' id='word_1_85' title='bbox 1226 1646 1334 1719; x_wconf 91' lang='lat' dir='ltr'>supra</span> <span class='ocrx_word' id='word_1_86' title='bbox 1348 1623 1386 1696; x_wconf 92' lang='lat' dir='ltr'>in</span> 
     </span>
     <span class='ocr_line' id='line_1_11' title="bbox 57 1741 1385 1845; baseline 0.004 -29"><span class='ocrx_word' id='word_1_87' title='bbox 57 1745 107 1818; x_wconf 92' lang='lat' dir='ltr'>die</span> <span class='ocrx_word' id='word_1_88' title='bbox 128 1769 156 1819; x_wconf 94' lang='lat' dir='ltr'>s.</span> <span class='ocrx_word' id='word_1_89' title='bbox 189 1743 342 1834; x_wconf 81' lang='lat' dir='ltr'>Nicolai,</span> <span class='ocrx_word' id='word_1_90' title='bbox 369 1749 522 1839; x_wconf 85' lang='lat' dir='ltr'>excepto</span> <span class='ocrx_word' id='word_1_91' title='bbox 542 1741 640 1838; x_wconf 91' lang='lat' dir='ltr'>quod</span> <span class='ocrx_word' id='word_1_92' title='bbox 668 1742 779 1816; x_wconf 87' lang='lat' dir='ltr'>altare</span> <span class='ocrx_word' id='word_1_93' title='bbox 807 1743 872 1816; x_wconf 93' lang='lat' dir='ltr'>luit</span> <span class='ocrx_word' id='word_1_94' title='bbox 896 1743 1124 1818; x_wconf 89' lang='lat' dir='ltr'>incensatum</span> <span class='ocrx_word' id='word_1_95' title='bbox 1150 1745 1187 1818; x_wconf 94' lang='lat' dir='ltr'>in</span> <span class='ocrx_word' id='word_1_96' title='bbox 1208 1746 1385 1845; x_wconf 90' lang='lat' dir='ltr'>principio</span> 
     </span>
     <span class='ocr_line' id='line_1_12' title="bbox 57 1867 1386 1970; baseline 0.005 -31"><span class='ocrx_word' id='word_1_97' title='bbox 57 1867 157 1942; x_wconf 90' lang='lat' dir='ltr'>misse</span> <span class='ocrx_word' id='word_1_98' title='bbox 175 1873 213 1940; x_wconf 94' lang='lat' dir='ltr'>et</span> <span class='ocrx_word' id='word_1_99' title='bbox 229 1867 419 1942; x_wconf 86' lang='lat' dir='ltr'>celebrans</span> <span class='ocrx_word' id='word_1_100' title='bbox 435 1875 472 1942; x_wconf 90' lang='lat' dir='ltr'>et</span> <span class='ocrx_word' id='word_1_101' title='bbox 492 1870 588 1964; x_wconf 87' lang='lat' dir='ltr'>Papa</span> <span class='ocrx_word' id='word_1_102' title='bbox 606 1889 707 1942; x_wconf 91' lang='lat' dir='ltr'>more</span> <span class='ocrx_word' id='word_1_103' title='bbox 728 1873 915 1944; x_wconf 89' lang='lat' dir='ltr'>consueto.</span> <span class='ocrx_word' id='word_1_104' title='bbox 937 1871 992 1944; x_wconf 85' lang='lat' dir='ltr'>Ad</span> <span class='ocrx_word' id='word_1_105' title='bbox 1016 1871 1240 1969; x_wconf 80' lang='lat' dir='ltr'>evangelium</span> <span class='ocrx_word' id='word_1_106' title='bbox 1260 1879 1386 1970; x_wconf 87' lang='lat' dir='ltr'>parata</span> 
     </span>
     <span class='ocr_line' id='line_1_13' title="bbox 57 1993 1386 2093; baseline 0.007 -30"><span class='ocrx_word' id='word_1_107' title='bbox 57 1999 131 2066; x_wconf 89' lang='lat' dir='ltr'>sunt</span> <span class='ocrx_word' id='word_1_108' title='bbox 144 1993 338 2067; x_wconf 88' lang='lat' dir='ltr'>luminaria</span> <span class='ocrx_word' id='word_1_109' title='bbox 354 1997 389 2078; x_wconf 84' lang='lat' dir='ltr'>et</span> <span class='ocrx_word' id='word_1_110' title='bbox 403 1994 605 2068; x_wconf 90' lang='lat' dir='ltr'>incensum.</span> <span class='ocrx_word' id='word_1_111' title='bbox 629 1998 727 2090; x_wconf 89' lang='lat' dir='ltr'>Papa</span> <span class='ocrx_word' id='word_1_112' title='bbox 744 1999 864 2067; x_wconf 89' lang='lat' dir='ltr'>tamen</span> <span class='ocrx_word' id='word_1_113' title='bbox 886 2002 968 2092; x_wconf 90' lang='lat' dir='ltr'>post</span> <span class='ocrx_word' id='word_1_114' title='bbox 988 1997 1213 2093; x_wconf 82' lang='lat' dir='ltr'>evangelium</span> <span class='ocrx_word' id='word_1_115' title='bbox 1231 1997 1386 2072; x_wconf 84' lang='lat' dir='ltr'>nonfuit</span> 
     </span>
     <span class='ocr_line' id='line_1_14' title="bbox 56 2109 1384 2217; baseline 0.006 -29"><span class='ocrx_word' id='word_1_116' title='bbox 56 2117 256 2193; x_wconf 87' lang='lat' dir='ltr'>incensatus</span> <span class='ocrx_word' id='word_1_117' title='bbox 286 2141 408 2192; x_wconf 86' lang='lat' dir='ltr'>errore</span> <span class='ocrx_word' id='word_1_118' title='bbox 438 2141 535 2209; x_wconf 91' lang='lat' dir='ltr'>meo,</span> <span class='ocrx_word' id='word_1_119' title='bbox 565 2109 649 2214; x_wconf 87' lang='lat' dir='ltr'>quia</span> <span class='ocrx_word' id='word_1_120' title='bbox 678 2119 736 2192; x_wconf 93' lang='lat' dir='ltr'>ille</span> <span class='ocrx_word' id='word_1_121' title='bbox 764 2119 975 2217; x_wconf 85' lang='lat' dir='ltr'>capellanus</span> <span class='ocrx_word' id='word_1_122' title='bbox 1002 2121 1225 2194; x_wconf 91' lang='lat' dir='ltr'>thuribulum</span> <span class='ocrx_word' id='word_1_123' title='bbox 1256 2130 1384 2196; x_wconf 92' lang='lat' dir='ltr'>tenens</span> 
     </span>
     <span class='ocr_line' id='line_1_15' title="bbox 58 2243 819 2341; baseline 0.005 -29"><span class='ocrx_word' id='word_1_124' title='bbox 58 2251 252 2318; x_wconf 82' lang='lat' dir='ltr'>recesserat</span> <span class='ocrx_word' id='word_1_125' title='bbox 268 2251 351 2319; x_wconf 87' lang='lat' dir='ltr'>ante</span> <span class='ocrx_word' id='word_1_126' title='bbox 369 2249 510 2341; x_wconf 91' lang='lat' dir='ltr'>tempus</span> <span class='ocrx_word' id='word_1_127' title='bbox 527 2267 609 2318; x_wconf 91' lang='lat' dir='ltr'>cum</span> <span class='ocrx_word' id='word_1_128' title='bbox 623 2243 819 2318; x_wconf 85' lang='lat' dir='ltr'>thuribulo.</span> 
     </span>
    </p>

    <p class='ocr_par' dir='ltr' id='par_1_4' title="bbox 58 2369 1384 3343">
     <span class='ocr_line' id='line_1_16' title="bbox 99 2369 1384 2470; baseline 0.003 -28"><span class='ocrx_word' id='word_1_129' title='bbox 99 2373 181 2442; x_wconf 88' lang='lat' dir='ltr'>Post</span> <span class='ocrx_word' id='word_1_130' title='bbox 195 2369 230 2442; x_wconf 88' lang='grc' dir='ltr'><strong><em>Α</em></strong></span> <span class='ocrx_word' id='word_1_131' title='bbox 236 2393 331 2466; x_wconf 75' lang='lat' dir='ltr'>prcus</span> <span class='ocrx_word' id='word_1_132' title='bbox 346 2370 428 2460; x_wconf 84' lang='lat' dir='ltr'>Dei,</span> <span class='ocrx_word' id='word_1_133' title='bbox 445 2369 635 2444; x_wconf 90' lang='lat' dir='ltr'>cardinalis</span> <span class='ocrx_word' id='word_1_134' title='bbox 653 2391 727 2442; x_wconf 92' lang='lat' dir='ltr'>non</span> <span class='ocrx_word' id='word_1_135' title='bbox 740 2369 879 2467; x_wconf 89' lang='lat' dir='ltr'>accepit</span> <span class='ocrx_word' id='word_1_136' title='bbox 897 2393 1026 2467; x_wconf 89' lang='lat' dir='ltr'>pacem</span> <span class='ocrx_word' id='word_1_137' title='bbox 1040 2395 1061 2444; x_wconf 88' lang='lat' dir='ltr'>a</span> <span class='ocrx_word' id='word_1_138' title='bbox 1076 2373 1283 2446; x_wconf 81' lang='lat' dir='ltr'>celebrante</span> <span class='ocrx_word' id='word_1_139' title='bbox 1299 2395 1384 2470; x_wconf 87' lang='lat' dir='ltr'>por-</span> 
     </span>
     <span class='ocr_line' id='line_1_17' title="bbox 58 2492 1381 2592; baseline 0.005 -29"><span class='ocrx_word' id='word_1_140' title='bbox 58 2493 193 2566; x_wconf 87' lang='lat' dir='ltr'>tandam</span> <span class='ocrx_word' id='word_1_141' title='bbox 207 2493 370 2592; x_wconf 86' lang='lat' dir='ltr'>pontifici</span> <span class='ocrx_word' id='word_1_142' title='bbox 385 2494 429 2568; x_wconf 89' lang='lat' dir='ltr'>do</span> <span class='ocrx_word' id='word_1_143' title='bbox 448 2493 563 2582; x_wconf 87' lang='lat' dir='ltr'>altari,</span> <span class='ocrx_word' id='word_1_144' title='bbox 587 2492 651 2566; x_wconf 92' lang='lat' dir='ltr'>sed</span> <span class='ocrx_word' id='word_1_145' title='bbox 665 2515 730 2589; x_wconf 91' lang='lat' dir='ltr'>per</span> <span class='ocrx_word' id='word_1_146' title='bbox 743 2492 1023 2568; x_wconf 87' lang='lat' dir='ltr'>instrumentum</span> <span class='ocrx_word' id='word_1_147' title='bbox 1039 2495 1138 2568; x_wconf 90' lang='lat' dir='ltr'>dedit</span> <span class='ocrx_word' id='word_1_148' title='bbox 1153 2496 1187 2568; x_wconf 91' lang='lat' dir='ltr'>ei</span> <span class='ocrx_word' id='word_1_149' title='bbox 1204 2503 1242 2568; x_wconf 87' lang='lat' dir='ltr'>ut</span> <span class='ocrx_word' id='word_1_150' title='bbox 1260 2520 1381 2592; x_wconf 91' lang='lat' dir='ltr'>supra,</span> 
     </span>
     <span class='ocr_line' id='line_1_18' title="bbox 58 2617 1382 2717; baseline 0.003 -27"><span class='ocrx_word' id='word_1_151' title='bbox 58 2619 130 2713; x_wconf 89' lang='lat' dir='ltr'>quia</span> <span class='ocrx_word' id='word_1_152' title='bbox 156 2621 229 2694; x_wconf 91' lang='lat' dir='ltr'>hoc</span> <span class='ocrx_word' id='word_1_153' title='bbox 250 2619 365 2717; x_wconf 86' lang='lat' dir='ltr'>magis</span> <span class='ocrx_word' id='word_1_154' title='bbox 388 2619 526 2692; x_wconf 86' lang='lat' dir='ltr'>videtur</span> <span class='ocrx_word' id='word_1_155' title='bbox 547 2617 753 2708; x_wconf 88' lang='lat' dir='ltr'>convenire,</span> <span class='ocrx_word' id='word_1_156' title='bbox 776 2640 859 2690; x_wconf 89' lang='lat' dir='ltr'>cum</span> <span class='ocrx_word' id='word_1_157' title='bbox 883 2623 978 2716; x_wconf 88' lang='lat' dir='ltr'>Papa</span> <span class='ocrx_word' id='word_1_158' title='bbox 997 2644 1071 2692; x_wconf 94' lang='lat' dir='ltr'>non</span> <span class='ocrx_word' id='word_1_159' title='bbox 1091 2620 1190 2693; x_wconf 91' lang='lat' dir='ltr'>sitin</span> <span class='ocrx_word' id='word_1_160' title='bbox 1208 2620 1382 2694; x_wconf 87' lang='lat' dir='ltr'>eminenti</span> 
     </span>
     <span class='ocr_line' id='line_1_19' title="bbox 60 2744 1382 2842; baseline 0.002 -26"><span class='ocrx_word' id='word_1_161' title='bbox 60 2746 193 2818; x_wconf 82' lang='lat' dir='ltr'>sedeat</span> <span class='ocrx_word' id='word_1_162' title='bbox 218 2769 292 2820; x_wconf 91' lang='lat' dir='ltr'>non</span> <span class='ocrx_word' id='word_1_163' title='bbox 319 2745 450 2820; x_wconf 87' lang='lat' dir='ltr'>hebeat</span> <span class='ocrx_word' id='word_1_164' title='bbox 470 2745 680 2819; x_wconf 82' lang='lat' dir='ltr'>assistentes</span> <span class='ocrx_word' id='word_1_165' title='bbox 701 2745 830 2842; x_wconf 92' lang='lat' dir='ltr'>quibus</span> <span class='ocrx_word' id='word_1_166' title='bbox 858 2767 985 2842; x_wconf 87' lang='lat' dir='ltr'>pacem</span> <span class='ocrx_word' id='word_1_167' title='bbox 1009 2744 1253 2818; x_wconf 86' lang='lat' dir='ltr'>communicet</span> <span class='ocrx_word' id='word_1_168' title='bbox 1280 2753 1317 2818; x_wconf 90' lang='lat' dir='ltr'>ut</span> <span class='ocrx_word' id='word_1_169' title='bbox 1344 2746 1382 2818; x_wconf 95' lang='lat' dir='ltr'>in</span> 
     </span>
     <span class='ocr_line' id='line_1_20' title="bbox 59 2869 1381 2972; baseline 0.002 -30"><span class='ocrx_word' id='word_1_170' title='bbox 59 2869 169 2944; x_wconf 88' lang='lat' dir='ltr'>missis</span> <span class='ocrx_word' id='word_1_171' title='bbox 183 2871 407 2972; x_wconf 89' lang='lat' dir='ltr'>solemnibus</span> <span class='ocrx_word' id='word_1_172' title='bbox 423 2879 459 2944; x_wconf 88' lang='lat' dir='ltr'>et</span> <span class='ocrx_word' id='word_1_173' title='bbox 474 2871 864 2968; x_wconf 83' lang='lat' dir='ltr'>pontificaliterparato</span> <span class='ocrx_word' id='word_1_174' title='bbox 882 2869 959 2944; x_wconf 88' lang='lat' dir='ltr'>lieri</span> <span class='ocrx_word' id='word_1_175' title='bbox 980 2869 1083 2944; x_wconf 86' lang='lat' dir='ltr'>solet.</span> <span class='ocrx_word' id='word_1_176' title='bbox 1101 2869 1180 2943; x_wconf 80' lang='lat' dir='ltr'>Alia</span> <span class='ocrx_word' id='word_1_177' title='bbox 1193 2871 1381 2944; x_wconf 86' lang='lat' dir='ltr'>observata</span> 
     </span>
     <span class='ocr_line' id='line_1_21' title="bbox 61 2995 1382 3094; baseline 0.001 -29"><span class='ocrx_word' id='word_1_178' title='bbox 61 3003 134 3068; x_wconf 90' lang='lat' dir='ltr'>suut</span> <span class='ocrx_word' id='word_1_179' title='bbox 160 3005 199 3070; x_wconf 88' lang='lat' dir='ltr'>ut</span> <span class='ocrx_word' id='word_1_180' title='bbox 228 3020 347 3094; x_wconf 85' lang='lat' dir='ltr'>supra,</span> <span class='ocrx_word' id='word_1_181' title='bbox 373 3002 524 3094; x_wconf 85' lang='lat' dir='ltr'>excepto</span> <span class='ocrx_word' id='word_1_182' title='bbox 552 2996 649 3092; x_wconf 90' lang='lat' dir='ltr'>quod</span> <span class='ocrx_word' id='word_1_183' title='bbox 670 2997 715 3070; x_wconf 88' lang='lat' dir='ltr'>ad</span> <span class='ocrx_word' id='word_1_184' title='bbox 746 2995 1035 3070; x_wconf 85' lang='lat' dir='ltr'>benedictionem</span> <span class='ocrx_word' id='word_1_185' title='bbox 1071 2995 1281 3068; x_wconf 87' lang='lat' dir='ltr'>assistentes</span> <span class='ocrx_word' id='word_1_186' title='bbox 1308 3019 1382 3068; x_wconf 93' lang='lat' dir='ltr'>non</span> 
     </span>
     <span class='ocr_line' id='line_1_22' title="bbox 62 3120 1382 3219; baseline 0.002 -31"><span class='ocrx_word' id='word_1_187' title='bbox 62 3127 244 3194; x_wconf 88' lang='lat' dir='ltr'>tenuerunt</span> <span class='ocrx_word' id='word_1_188' title='bbox 268 3128 431 3194; x_wconf 89' lang='lat' dir='ltr'>mantum</span> <span class='ocrx_word' id='word_1_189' title='bbox 455 3121 640 3219; x_wconf 86' lang='lat' dir='ltr'>pontilici;</span> <span class='ocrx_word' id='word_1_190' title='bbox 667 3121 727 3218; x_wconf 92' lang='lat' dir='ltr'>qui</span> <span class='ocrx_word' id='word_1_191' title='bbox 760 3122 882 3210; x_wconf 89' lang='lat' dir='ltr'>etiam,</span> <span class='ocrx_word' id='word_1_192' title='bbox 907 3121 990 3193; x_wconf 86' lang='lat' dir='ltr'>data</span> <span class='ocrx_word' id='word_1_193' title='bbox 1013 3120 1280 3209; x_wconf 87' lang='lat' dir='ltr'>benedictione,</span> <span class='ocrx_word' id='word_1_194' title='bbox 1309 3141 1382 3192; x_wconf 93' lang='lat' dir='ltr'>non</span> 
     </span>
     <span class='ocr_line' id='line_1_23' title="bbox 62 3243 418 3343; baseline 0.008 -28"><span class='ocrx_word' id='word_1_195' title='bbox 62 3243 147 3319; x_wconf 91' lang='lat' dir='ltr'>dedit</span> <span class='ocrx_word' id='word_1_196' title='bbox 164 3246 418 3343; x_wconf 84' lang='lat' dir='ltr'>indulgentias.</span> 
     </span>
    </p>

    <p class='ocr_par' dir='ltr' id='par_1_5' title="bbox 63 3369 1385 3971">
     <span class='ocr_line' id='line_1_24' title="bbox 103 3369 1385 3467; baseline -0.002 -23"><span class='ocrx_word' id='word_1_197' title='bbox 103 3372 287 3446; x_wconf 85' lang='lat' dir='ltr'>Dominica</span> <span class='ocrx_word' id='word_1_198' title='bbox 309 3371 468 3444; x_wconf 89' lang='lat' dir='ltr'>secunda</span> <span class='ocrx_word' id='word_1_199' title='bbox 486 3371 671 3463; x_wconf 86' lang='lat' dir='ltr'>adventus,</span> <span class='ocrx_word' id='word_1_200' title='bbox 695 3376 716 3444; x_wconf 88' lang='lat'>9</span> <span class='ocrx_word' id='word_1_201' title='bbox 739 3369 955 3462; x_wconf 87' lang='lat' dir='ltr'>decembris,</span> <span class='ocrx_word' id='word_1_202' title='bbox 980 3374 1026 3442; x_wconf 91' lang='lat' dir='ltr'>R.</span> <span class='ocrx_word' id='word_1_203' title='bbox 1054 3372 1094 3442; x_wconf 90' lang='lat' dir='ltr'>P.</span> <span class='ocrx_word' id='word_1_204' title='bbox 1119 3373 1161 3442; x_wconf 86' lang='grc' dir='ltr'>Ι).</span> <span class='ocrx_word' id='word_1_205' title='bbox 1187 3369 1385 3467; x_wconf 88' lang='lat' dir='ltr'>archiepis-</span> 
     </span>
     <span class='ocr_line' id='line_1_25' title="bbox 63 3495 1382 3593; baseline 0.002 -28"><span class='ocrx_word' id='word_1_206' title='bbox 63 3517 161 3592; x_wconf 85' lang='lat' dir='ltr'>copus</span> <span class='ocrx_word' id='word_1_207' title='bbox 176 3497 397 3571; x_wconf 81' lang='lat' dir='ltr'>Arelatensis</span> <span class='ocrx_word' id='word_1_208' title='bbox 412 3497 585 3572; x_wconf 87' lang='lat' dir='ltr'>assistens</span> <span class='ocrx_word' id='word_1_209' title='bbox 602 3501 696 3593; x_wconf 89' lang='lat' dir='ltr'>Pape</span> <span class='ocrx_word' id='word_1_210' title='bbox 713 3495 799 3570; x_wconf 88' lang='lat' dir='ltr'>dixit</span> <span class='ocrx_word' id='word_1_211' title='bbox 816 3495 964 3569; x_wconf 85' lang='lat' dir='ltr'>missam</span> <span class='ocrx_word' id='word_1_212' title='bbox 981 3496 1181 3570; x_wconf 89' lang='lat' dir='ltr'>solemnem</span> <span class='ocrx_word' id='word_1_213' title='bbox 1197 3495 1234 3568; x_wconf 91' lang='lat' dir='ltr'>in</span> <span class='ocrx_word' id='word_1_214' title='bbox 1250 3517 1382 3592; x_wconf 87' lang='lat' dir='ltr'>magna</span> 
     </span>
     <span class='ocr_line' id='line_1_26' title="bbox 63 3621 1383 3721; baseline 0 -29"><span class='ocrx_word' id='word_1_215' title='bbox 63 3623 199 3718; x_wconf 87' lang='lat' dir='ltr'>capella,</span> <span class='ocrx_word' id='word_1_216' title='bbox 219 3627 318 3721; x_wconf 89' lang='lat' dir='ltr'>Papa</span> <span class='ocrx_word' id='word_1_217' title='bbox 336 3631 519 3720; x_wconf 89' lang='lat' dir='ltr'>presente.</span> <span class='ocrx_word' id='word_1_218' title='bbox 541 3623 634 3696; x_wconf 84' lang='lat' dir='ltr'>Dixit</span> <span class='ocrx_word' id='word_1_219' title='bbox 653 3627 736 3719; x_wconf 91' lang='lat' dir='ltr'>post</span> <span class='ocrx_word' id='word_1_220' title='bbox 755 3621 956 3695; x_wconf 86' lang='lat' dir='ltr'>orationem</span> <span class='ocrx_word' id='word_1_221' title='bbox 974 3621 1046 3696; x_wconf 91' lang='lat' dir='ltr'>diei</span> <span class='ocrx_word' id='word_1_222' title='bbox 1068 3629 1144 3694; x_wconf 89' lang='lat' dir='ltr'>tres</span> <span class='ocrx_word' id='word_1_223' title='bbox 1169 3621 1271 3708; x_wconf 89' lang='lat' dir='ltr'>alias,</span> <span class='ocrx_word' id='word_1_224' title='bbox 1291 3626 1330 3694; x_wconf 92' lang='lat' dir='ltr'>ut</span> <span class='ocrx_word' id='word_1_225' title='bbox 1346 3621 1383 3692; x_wconf 93' lang='lat' dir='ltr'>in</span> 
     </span>
     <span class='ocr_line' id='line_1_27' title="bbox 63 3745 1382 3841; baseline 0 -23"><span class='ocrx_word' id='word_1_226' title='bbox 63 3748 165 3841; x_wconf 90' lang='lat' dir='ltr'>prima</span> <span class='ocrx_word' id='word_1_227' title='bbox 179 3749 374 3833; x_wconf 89' lang='lat' dir='ltr'>dominica,</span> <span class='ocrx_word' id='word_1_228' title='bbox 390 3754 427 3822; x_wconf 90' lang='lat' dir='ltr'>et</span> <span class='ocrx_word' id='word_1_229' title='bbox 442 3749 511 3822; x_wconf 89' lang='lat' dir='ltr'>alia</span> <span class='ocrx_word' id='word_1_230' title='bbox 526 3747 648 3822; x_wconf 89' lang='lat' dir='ltr'>omnia</span> <span class='ocrx_word' id='word_1_231' title='bbox 666 3770 766 3820; x_wconf 88' lang='lat' dir='ltr'>more</span> <span class='ocrx_word' id='word_1_232' title='bbox 789 3746 894 3820; x_wconf 92' lang='lat' dir='ltr'>solito</span> <span class='ocrx_word' id='word_1_233' title='bbox 914 3751 996 3820; x_wconf 88' lang='lat' dir='ltr'>sunt</span> <span class='ocrx_word' id='word_1_234' title='bbox 1014 3745 1214 3821; x_wconf 87' lang='lat' dir='ltr'>observata.</span> <span class='ocrx_word' id='word_1_235' title='bbox 1234 3749 1382 3822; x_wconf 88' lang='lat' dir='ltr'>Sermo-</span> 
     </span>
     <span class='ocr_line' id='line_1_28' title="bbox 64 3871 821 3971; baseline 0 -29"><span class='ocrx_word' id='word_1_236' title='bbox 64 3894 135 3946; x_wconf 92' lang='lat' dir='ltr'>nem</span> <span class='ocrx_word' id='word_1_237' title='bbox 150 3875 234 3948; x_wconf 92' lang='lat' dir='ltr'>lecit</span> <span class='ocrx_word' id='word_1_238' title='bbox 249 3881 463 3971; x_wconf 90' lang='lat' dir='ltr'>procurator</span> <span class='ocrx_word' id='word_1_239' title='bbox 477 3872 612 3946; x_wconf 93' lang='lat' dir='ltr'>ordinis</span> <span class='ocrx_word' id='word_1_240' title='bbox 628 3871 821 3944; x_wconf 90' lang='lat' dir='ltr'>minorum.</span> 
     </span>
    </p>

    <p class='ocr_par' dir='ltr' id='par_1_6' title="bbox 64 3995 1381 4826">
     <span class='ocr_line' id='line_1_29' title="bbox 105 3995 1381 4086; baseline -0.002 -14"><span class='ocrx_word' id='word_1_241' title='bbox 105 3999 288 4072; x_wconf 80' lang='lat' dir='ltr'>[lominica</span> <span class='ocrx_word' id='word_1_242' title='bbox 314 4000 420 4074; x_wconf 89' lang='lat' dir='ltr'>tertia</span> <span class='ocrx_word' id='word_1_243' title='bbox 444 3998 629 4085; x_wconf 65' lang='lat' dir='ltr'>adventus</span> <span class='ocrx_word' id='word_1_244' title='bbox 664 3999 706 4068; x_wconf 88' lang='grc'>16</span> <span class='ocrx_word' id='word_1_245' title='bbox 732 3995 951 4086; x_wconf 86' lang='lat' dir='ltr'>decembris,</span> <span class='ocrx_word' id='word_1_246' title='bbox 977 4001 1102 4070; x_wconf 79' lang='lat' dir='ltr'>limus.</span> <span class='ocrx_word' id='word_1_247' title='bbox 1133 4001 1177 4071; x_wconf 90' lang='lat' dir='ltr'>D.</span> <span class='ocrx_word' id='word_1_248' title='bbox 1195 3997 1381 4071; x_wconf 83' lang='lat' dir='ltr'>lohannes</span> 
     </span>
     <span class='ocr_line' id='line_1_30' title="bbox 65 4119 1379 4219; baseline 0.003 -29"><span class='ocrx_word' id='word_1_249' title='bbox 65 4123 204 4198; x_wconf 85' lang='lat' dir='ltr'>lacobus</span> <span class='ocrx_word' id='word_1_250' title='bbox 219 4123 411 4198; x_wconf 88' lang='lat' dir='ltr'>cardinalis</span> <span class='ocrx_word' id='word_1_251' title='bbox 428 4120 634 4196; x_wconf 88' lang='lat' dir='ltr'>Parmensis</span> <span class='ocrx_word' id='word_1_252' title='bbox 652 4119 844 4194; x_wconf 89' lang='lat' dir='ltr'>celebravit</span> <span class='ocrx_word' id='word_1_253' title='bbox 866 4119 1015 4194; x_wconf 87' lang='lat' dir='ltr'>missam</span> <span class='ocrx_word' id='word_1_254' title='bbox 1030 4121 1067 4194; x_wconf 92' lang='lat' dir='ltr'>in</span> <span class='ocrx_word' id='word_1_255' title='bbox 1083 4144 1216 4218; x_wconf 83' lang='lat' dir='ltr'>magna</span> <span class='ocrx_word' id='word_1_256' title='bbox 1228 4121 1379 4219; x_wconf 87' lang='lat' dir='ltr'>capella,</span> 
     </span>
     <span class='ocr_line' id='line_1_31' title="bbox 66 4244 1380 4347; baseline 0.002 -31"><span class='ocrx_word' id='word_1_257' title='bbox 66 4247 146 4344; x_wconf 87' lang='lat' dir='ltr'>Papa</span> <span class='ocrx_word' id='word_1_258' title='bbox 167 4255 352 4347; x_wconf 90' lang='lat' dir='ltr'>presente.</span> <span class='ocrx_word' id='word_1_259' title='bbox 379 4247 475 4322; x_wconf 87' lang='lat' dir='ltr'>Dixit</span> <span class='ocrx_word' id='word_1_260' title='bbox 499 4252 651 4344; x_wconf 89' lang='lat' dir='ltr'>quatuor</span> <span class='ocrx_word' id='word_1_261' title='bbox 673 4244 853 4318; x_wconf 88' lang='lat' dir='ltr'>orationes</span> <span class='ocrx_word' id='word_1_262' title='bbox 876 4245 971 4318; x_wconf 92' lang='lat' dir='ltr'>utin</span> <span class='ocrx_word' id='word_1_263' title='bbox 997 4245 1075 4319; x_wconf 91' lang='lat' dir='ltr'>aliis</span> <span class='ocrx_word' id='word_1_264' title='bbox 1099 4245 1380 4342; x_wconf 88' lang='lat' dir='ltr'>precedentibus</span> 
     </span>
     <span class='ocr_line' id='line_1_32' title="bbox 64 4369 1379 4448; baseline 0.003 -7"><span class='ocrx_word' id='word_1_265' title='bbox 64 4369 184 4448; x_wconf 87' lang='lat' dir='ltr'>duabus</span> <span class='ocrx_word' id='word_1_266' title='bbox 198 4374 403 4448; x_wconf 90' lang='lat' dir='ltr'>dominicis.</span> <span class='ocrx_word' id='word_1_267' title='bbox 423 4373 575 4448; x_wconf 79' lang='lat' dir='ltr'>llinistri</span> <span class='ocrx_word' id='word_1_268' title='bbox 595 4372 650 4445; x_wconf 91' lang='lat' dir='ltr'>usi</span> <span class='ocrx_word' id='word_1_269' title='bbox 666 4376 748 4444; x_wconf 91' lang='lat' dir='ltr'>sunt</span> <span class='ocrx_word' id='word_1_270' title='bbox 766 4371 958 4446; x_wconf 88' lang='lat' dir='ltr'>dalmatica</span> <span class='ocrx_word' id='word_1_271' title='bbox 978 4379 1015 4447; x_wconf 88' lang='lat' dir='ltr'>at</span> <span class='ocrx_word' id='word_1_272' title='bbox 1032 4373 1213 4447; x_wconf 89' lang='lat' dir='ltr'>tunicella.</span> <span class='ocrx_word' id='word_1_273' title='bbox 1234 4375 1379 4446; x_wconf 88' lang='lat' dir='ltr'>Sermo-</span> 
     </span>
     <span class='ocr_line' id='line_1_33' title="bbox 64 4497 1381 4575; baseline 0.003 -8"><span class='ocrx_word' id='word_1_274' title='bbox 64 4517 133 4570; x_wconf 90' lang='lat' dir='ltr'>nem</span> <span class='ocrx_word' id='word_1_275' title='bbox 153 4501 237 4575; x_wconf 89' lang='lat' dir='ltr'>lecit</span> <span class='ocrx_word' id='word_1_276' title='bbox 265 4501 374 4574; x_wconf 85' lang='lat' dir='ltr'>irater</span> <span class='ocrx_word' id='word_1_277' title='bbox 396 4499 575 4574; x_wconf 85' lang='lat' dir='ltr'>Marianus</span> <span class='ocrx_word' id='word_1_278' title='bbox 590 4497 634 4570; x_wconf 95' lang='lat' dir='ltr'>de</span> <span class='ocrx_word' id='word_1_279' title='bbox 662 4499 895 4571; x_wconf 79' lang='lat' dir='ltr'>Gennanzeno</span> <span class='ocrx_word' id='word_1_280' title='bbox 911 4497 1045 4570; x_wconf 89' lang='lat' dir='ltr'>ordinis</span> <span class='ocrx_word' id='word_1_281' title='bbox 1058 4497 1318 4571; x_wconf 87' lang='lat' dir='ltr'>heremitarum</span> <span class='ocrx_word' id='word_1_282' title='bbox 1349 4521 1381 4571; x_wconf 92' lang='lat' dir='ltr'>s.</span> 
     </span>
     <span class='ocr_line' id='line_1_34' title="bbox 64 4622 1378 4723; baseline -0.001 -27"><span class='ocrx_word' id='word_1_283' title='bbox 64 4624 233 4721; x_wconf 79' lang='lat' dir='ltr'>Augustini</span> <span class='ocrx_word' id='word_1_284' title='bbox 250 4626 311 4723; x_wconf 90' lang='lat' dir='ltr'>qui</span> <span class='ocrx_word' id='word_1_285' title='bbox 328 4626 471 4717; x_wconf 84' lang='lat' dir='ltr'>exinde,</span> <span class='ocrx_word' id='word_1_286' title='bbox 489 4625 572 4722; x_wconf 89' lang='lat' dir='ltr'>quia</span> <span class='ocrx_word' id='word_1_287' title='bbox 587 4623 722 4721; x_wconf 89' lang='lat' dir='ltr'>optime</span> <span class='ocrx_word' id='word_1_288' title='bbox 736 4622 837 4712; x_wconf 86' lang='lat' dir='ltr'>dixit,</span> <span class='ocrx_word' id='word_1_289' title='bbox 853 4623 898 4696; x_wconf 89' lang='lat' dir='ltr'>ab</span> <span class='ocrx_word' id='word_1_290' title='bbox 914 4623 1081 4698; x_wconf 93' lang='lat' dir='ltr'>omnibus</span> <span class='ocrx_word' id='word_1_291' title='bbox 1096 4623 1242 4698; x_wconf 89' lang='lat' dir='ltr'>landem</span> <span class='ocrx_word' id='word_1_292' title='bbox 1253 4645 1378 4722; x_wconf 88' lang='lat' dir='ltr'>repor-</span> 
     </span>
     <span class='ocr_line' id='line_1_35' title="bbox 66 4749 989 4826; baseline 0.007 -10"><span class='ocrx_word' id='word_1_293' title='bbox 66 4749 144 4825; x_wconf 83' lang='lat' dir='ltr'>tavit.</span> <span class='ocrx_word' id='word_1_294' title='bbox 158 4751 237 4824; x_wconf 81' lang='lat' dir='ltr'>Alio</span> <span class='ocrx_word' id='word_1_295' title='bbox 250 4751 373 4826; x_wconf 87' lang='lat' dir='ltr'>omnia</span> <span class='ocrx_word' id='word_1_296' title='bbox 384 4751 573 4826; x_wconf 88' lang='lat' dir='ltr'>observata</span> <span class='ocrx_word' id='word_1_297' title='bbox 585 4755 668 4823; x_wconf 89' lang='lat' dir='ltr'>sunt</span> <span class='ocrx_word' id='word_1_298' title='bbox 683 4771 784 4821; x_wconf 90' lang='lat' dir='ltr'>more</span> <span class='ocrx_word' id='word_1_299' title='bbox 800 4754 989 4822; x_wconf 86' lang='lat' dir='ltr'>consuete.</span> 
     </span>
    </p>

    <p class='ocr_par' dir='ltr' id='par_1_7' title="bbox 66 4847 1382 5220">
     <span class='ocr_line' id='line_1_36' title="bbox 104 4847 1378 4972; baseline 0.002 -26"><span class='ocrx_word' id='word_1_300' title='bbox 104 4875 285 4950; x_wconf 83' lang='lat' dir='ltr'>[lominica</span> <span class='ocrx_word' id='word_1_301' title='bbox 307 4883 436 4972; x_wconf 88' lang='lat' dir='ltr'>quarta</span> <span class='ocrx_word' id='word_1_302' title='bbox 455 4875 640 4965; x_wconf 67' lang='lat' dir='ltr'>aduentus</span> <span class='ocrx_word' id='word_1_303' title='bbox 667 4878 711 4947; x_wconf 75' lang='lat'>23</span> <span class='ocrx_word' id='word_1_304' title='bbox 737 4847 953 4964; x_wconf 78' lang='lat' dir='ltr'>decembris,</span> <span class='ocrx_word' id='word_1_305' title='bbox 987 4878 1029 4948; x_wconf 88' lang='lat' dir='ltr'>R.</span> <span class='ocrx_word' id='word_1_306' title='bbox 1061 4879 1099 4948; x_wconf 91' lang='lat' dir='ltr'>P.</span> <span class='ocrx_word' id='word_1_307' title='bbox 1129 4879 1172 4949; x_wconf 83' lang='lat' dir='ltr'>b.</span> <span class='ocrx_word' id='word_1_308' title='bbox 1199 4874 1378 4948; x_wconf 90' lang='lat' dir='ltr'>Henricus</span> 
     </span>
     <span class='ocr_line' id='line_1_37' title="bbox 66 4997 1382 5098; baseline 0.002 -29"><span class='ocrx_word' id='word_1_309' title='bbox 66 4997 238 5098; x_wconf 77' lang='lat' dir='ltr'>episcopus</span> <span class='ocrx_word' id='word_1_310' title='bbox 255 5001 540 5091; x_wconf 88' lang='lat' dir='ltr'>Cameracensis,</span> <span class='ocrx_word' id='word_1_311' title='bbox 558 5001 618 5098; x_wconf 92' lang='lat' dir='ltr'>qui</span> <span class='ocrx_word' id='word_1_312' title='bbox 642 5001 772 5097; x_wconf 91' lang='lat' dir='ltr'>elapsis</span> <span class='ocrx_word' id='word_1_313' title='bbox 793 4999 916 5096; x_wconf 90' lang='lat' dir='ltr'>paucis</span> <span class='ocrx_word' id='word_1_314' title='bbox 932 4999 1060 5074; x_wconf 91' lang='lat' dir='ltr'>diebus</span> <span class='ocrx_word' id='word_1_315' title='bbox 1075 5001 1173 5076; x_wconf 90' lang='lat' dir='ltr'>venit</span> <span class='ocrx_word' id='word_1_316' title='bbox 1189 5000 1261 5074; x_wconf 82' lang='lat' dir='ltr'>siue</span> <span class='ocrx_word' id='word_1_317' title='bbox 1275 4999 1382 5074; x_wconf 89' lang='lat' dir='ltr'>rediit</span> 
     </span>
     <span class='ocr_line' id='line_1_38' title="bbox 67 5119 1376 5220; baseline 0.003 -28"><span class='ocrx_word' id='word_1_318' title='bbox 67 5119 101 5192; x_wconf 87' lang='lat' dir='ltr'>de</span> <span class='ocrx_word' id='word_1_319' title='bbox 127 5126 359 5215; x_wconf 85' lang='lat' dir='ltr'>Hierusalem,</span> <span class='ocrx_word' id='word_1_320' title='bbox 387 5123 578 5200; x_wconf 87' lang='lat' dir='ltr'>celebravit</span> <span class='ocrx_word' id='word_1_321' title='bbox 607 5122 754 5196; x_wconf 90' lang='lat' dir='ltr'>missam</span> <span class='ocrx_word' id='word_1_322' title='bbox 784 5121 984 5197; x_wconf 89' lang='lat' dir='ltr'>solemnem</span> <span class='ocrx_word' id='word_1_323' title='bbox 1018 5122 1054 5195; x_wconf 94' lang='lat' dir='ltr'>in</span> <span class='ocrx_word' id='word_1_324' title='bbox 1080 5147 1212 5220; x_wconf 87' lang='lat' dir='ltr'>magna</span> <span class='ocrx_word' id='word_1_325' title='bbox 1236 5123 1376 5220; x_wconf 89' lang='lat' dir='ltr'>capella</span> 
     </span>
    </p>
   </div>
   <div class='ocr_carea' id='block_1_3' title="bbox 0 0 1716 6038">
    <p class='ocr_par' dir='ltr' id='par_1_8' title="bbox 0 0 1716 6038">
     <span class='ocr_line' id='line_1_39' title="bbox 0 0 1716 6038; baseline 0 0"><span class='ocrx_word' id='word_1_326' title='bbox 0 0 1716 6038; x_wconf 95' lang='lat' dir='ltr'> </span> 
     </span>
    </p>
   </div>
  </div>
 </body>
</html>
