3600 6094
122 489 196 539 Aout
209 487 276 549 litt]
457 482 584 542 RERUM
602 481 830 540 URBANARUM
849 481 1110 540 COMMENTARll.
1415 493 1451 547 57

114 641 284 729 extraxit,
311 639 452 713 duobus
475 643 614 711 tautum
636 637 757 734 digitis
785 636 969 728 adhibitis,
1000 645 1039 713 ut
1065 639 1110 713 ab
1139 640 1307 714 omnibus
1331 643 1450 741 palam

113 765 230 838 videri
253 767 398 860 posset3
429 785 537 858 quam
565 761 775 836 schedulam
804 761 902 834 dedit
931 763 1096 854 Senensi,
1128 765 1188 860 qui
1217 789 1298 840 eam
1327 767 1449 860 etiam,

115 889 278 964 extensis
299 887 434 986 apertis
455 887 621 960 manibus
645 886 825 984 aperienS,
853 885 996 984 publice
1021 887 1166 986 legebat
1193 896 1230 964 et
1258 891 1448 966 retinebat.

115 1017 287 1088 Extracta
322 1011 506 1102 schedula,
544 1011 860 1086 vicecancellarius
896 1013 1061 1104 calicem,
1100 1021 1139 1087 ut
1171 1015 1286 1112 prius,
1321 1024 1452 1114 patena

117 1138 367 1237 cooperiebat,
393 1159 581 1233 quousque
604 1136 664 1210 illa
686 1137 780 1210 lecta
803 1142 914 1227 esset,
938 1144 1013 1211 tum
1036 1139 1248 1214 extrahebat
1271 1142 1392 1232 aliam,
1417 1151 1452 1218 et

118 1265 172 1338 sic
202 1263 289 1338 iecit
317 1285 431 1358 usque
460 1261 506 1335 ad
526 1261 637 1336 linem
662 1261 836 1335 scrutinii.
862 1265 946 1334 Erat
967 1261 1242 1360 autem‘prioris
1264 1265 1452 1364 presbyte-

117 1415 246 1464 rorum
269 1389 503 1464 cardinalium
528 1387 690 1461 officium
719 1387 870 1462 calicem
897 1411 1006 1484 supra
1034 1411 1197 1461 mensam
1220 1389 1391 1486 detegere
1417 1397 1453 1464 et

118 1526 260 1615 tegere.
286 1519 423 1590 Tamen
444 1514 528 1611 quia
546 1513 737 1586 cardinalis
756 1512 1048 1604 Mediolanensis,
1072 1536 1197 1588 eorum
1217 1515 1327 1620 prior,
1353 1515 1454 1588 infir-

118 1643 247 1716 mitate
263 1645 441 1738 gravatus,
458 1639 492 1712 id
508 1639 627 1713 lacere
642 1662 716 1711 non
731 1635 885 1736 poterat,
901 1639 1219 1714 vicecancellarius
1240 1642 1318 1738 ejus
1334 1641 1370 1712 in
1382 1641 1452 1714 hoc
1581 1647 1586 1656 '

117 1765 220 1838 vices
235 1747 423 1862 supplevit.
441 1765 551 1836 Erant
566 1767 688 1836 autem
704 1760 875 1834 schedule
896 1767 1061 1838 votorum
1076 1765 1282 1864 hujusmodi
1297 1765 1450 1856 tenoris;

118 1889 287 1964 scilicet:

170 2045 189 2084 α
208 2018 285 2112 Ego
304 2013 374 2086 Jul.
397 2013 588 2112 episcopus
611 2013 800 2105 Ostiensis,
824 2013 1014 2088 cardinalis
1035 2037 1064 2086 s.
1088 2013 1185 2088 Petri
1207 2015 1253 2088 ad
1280 2015 1452 2106 Vincula,

118 2140 219 2238 eligo
243 2139 280 2212 in
306 2163 487 2212 summum
507 2140 717 2237 pontificem
743 2145 887 2214 Rmum.
910 2143 953 2214 Ι).
973 2162 1096 2244 meum
1117 2143 1160 2212 Ι).
1179 2142 1234 2212 Ιο.
1256 2139 1310 2214 lit.
1331 2147 1454 2215 sancte

119 2265 255 2340 Ceeilie
275 2265 528 2363 presbyterum
551 2266 772 2340 cardinalem
789 2265 1042 2355 Mellitensem,
1064 2270 1100 2339 et
1115 2269 1258 2338 Rmum.
1274 2269 1318 2338 Ι).
1331 2289 1454 2339 meum

119 2395 163 2465 Ι).
188 2390 411 2488 Raphaelem
435 2390 489 2465 tit.
513 2415 542 2463 s.
568 2391 712 2488 Georgii
731 2391 776 2464 ad
797 2391 915 2482 velum
937 2415 1102 2480 aureum,
1126 2391 1318 2464 diaconum
1341 2393 1456 2465 cardi-

119 2515 257 2606 nalem,
275 2522 312 2588 et
331 2519 476 2588 Rmum.
492 2519 533 2588 Ι).
548 2539 671 2590 meum
690 2522 735 2591 Ι).
750 2520 805 2590 Jo.
827 2517 1023 2614 Baptistam
1046 2517 1150 2591 beate
1166 2517 1277 2590 ltlarie
1294 2517 1331 2590 in
1347 2521 1452 2592 Dom.

120 2642 234 2716 etiam
248 2641 442 2714 diaconum
457 2640 676 2715 cardinalem
691 2643 736 2716 de
752 2625 934 2718 Ursinis.»
953 2648 1047 2717 Cum'
1059 2645 1182 2716 Rmus.
1201 2647 1244 2716 D.
1264 2643 1455 2717 cardinalis

120 2763 295 2840 Senensis
311 2764 469 2862 singulas
484 2765 676 2838 schedulas
695 2767 901 2863 hujusmodi
922 2767 1073 2865 legeret,
1099 2766 1229 2865 singuli
1250 2767 1361 2840 RRmi
1377 2769 1452 2841 Ι)Ι).

121 2889 325 2964 cardinales
364 2889 402 2962 in
434 2889 529 2963 loliis
562 2915 632 2987 que
666 2897 748 2966 ante
785 2917 824 2966 se
849 2892 1045 2983 habebant,
1085 2893 1305 2966 annotabant
1339 2891 1455 2965 conti-

121 3014 271 3088 nuando
293 3021 389 3111 post,
416 3019 541 3089 Rmus.
569 3019 612 3090 D.
641 3017 832 3092 cardinalis
859 3017 1069 3092 lllelfitensis
1098 3019 1209 3092 habet
1235 3019 1456 3092 cardinalem

122 3141 342 3214 Ostiensem.
367 3142 468 3216 Idem
491 3141 671 3216 faciebant
693 3143 896 3219 innomine
916 3143 1107 3218 cardinalis
1132 3167 1161 3215 s.
1184 3143 1329 3240 Georgii
1356 3149 1393 3216 et
1411 3144 1456 3217 de

125 3266 266 3341 Ursinis
285 3273 322 3342 et
341 3267 393 3340 sie
412 3268 457 3341 de
477 3268 556 3340 aliis
576 3269 695 3360 lectis,
718 3276 757 3344 ut
784 3293 905 3368 supra.
930 3269 1161 3366 Singulorum
1181 3268 1273 3341 votis
1293 3291 1458 3366 comper-

124 3397 204 3466 tum
230 3399 286 3466 est
313 3392 450 3466 nullum
478 3417 523 3467 ex
542 3394 783 3468 cardinalibus
813 3395 906 3468 ultra
929 3395 1057 3467 decem
1088 3399 1170 3468 vota
1196 3393 1353 3484 habere;
1383 3393 1457 3469 imo

126 3519 226 3592 solus
242 3517 434 3592 cardinalis
456 3544 486 3592 s.
503 3519 616 3592 Marci
637 3521 766 3594 decem
780 3526 863 3594 vota
876 3519 1016 3594 habuit.
1036 3521 1126 3592 Cum
1145 3525 1267 3594 autem
1286 3543 1458 3594 necessa·
1488 3509 1491 3516 ⁴

124 3647 180 3720 ria
196 3653 319 3720 essent
333 3647 453 3720 futuro
468 3648 632 3745 pontifici
647 3655 729 3722 vote
747 3672 835 3740 xvir,
858 3646 1025 3720 videlicet
1044 3647 1132 3719 duas
1145 3653 1266 3744 partes
1283 3647 1458 3722 extribus

124 3771 363 3846 cardinalium
382 3775 619 3872 presentium,
639 3799 713 3849 non
732 3775 799 3848 luit
817 3775 889 3848 hoc
909 3797 1014 3847 mane
1035 3773 1261 3862 conclusum,
1284 3772 1348 3846 sed
1366 3772 1459 3845 votis

123 3897 244 3988 lectis,
267 3907 499 3974 surrexerunt
519 3925 646 3974 omnes
665 3900 882 4005 cardinales.
910 3899 1062 3986 Quidam
1081 3899 1221 3974 ivemnt
1235 3899 1281 3972 ad
1295 3921 1458 3972 cameras

126 4045 212 4096 suas
227 4024 271 4097 ad
285 4025 488 4122 prandium,
507 4026 566 4099 alii
582 4026 627 4099 ad
641 4025 927 4124 practicandnm.

175 4149 263 4224 Heri
303 4149 493 4225 cardinalis
526 4150 806 4225 Mediolanensis
841 4149 1019 4239 infirmus,
1060 4147 1121 4245 qni
1157 4155 1231 4222 tres
1265 4148 1459 4223 servitores

125 4275 284 4348 habebat
299 4275 335 4348 in
351 4275 526 4366 conclavi,
543 4275 633 4349 mihi
649 4274 736 4349 dixit
749 4275 952 4350 lohannem
967 4275 1011 4347 de
1027 4273 1186 4364 Gualbis,
1204 4297 1316 4346 unum
1332 4297 1377 4346 ex
1390 4273 1460 4346 illis

126 4399 254 4488 tribus,
277 4399 345 4472 sibi
365 4398 485 4473 minus
504 4407 680 4498 oportune
703 4399 850 4490 servire,
875 4403 1068 4497 propterea
1090 4397 1209 4495 ipsum
1232 4421 1277 4472 ex
1299 4396 1461 4471 conclavi

127 4523 334 4598 emitterem
367 4531 403 4600 et
436 4526 515 4624 ejus
544 4525 627 4599 loco
654 4524 894 4598 Justiuianum
921 4523 1133 4597 Amerinum
1169 4521 1461 4598 intromitterem.

128 4651 327 4750 Respondi,
357 4649 394 4723 id
424 4650 513 4724 mihi
546 4673 619 4724 non
647 4650 758 4725 licere
789 4650 867 4725 sine
900 4649 1043 4746 collegii
1073 4648 1166 4723 scitu
1201 4655 1238 4722 et
1274 4649 1460 4726 mandato.

128 4776 271 4852 Curavit
285 4776 394 4874 igitur
405 4777 501 4874 quod
516 4779 640 4852 Rmus.
659 4781 702 4851 Ι).
720 4773 1036 4850 vicecancellarius
1052 4797 1134 4847 cum
1150 4774 1363 4871 quibusdam
1382 4775 1462 4850 aliis

128 4901 370 4976 cardinalibus
393 4904 540 4978 nomine
556 4902 700 5001 collegii
719 4902 756 4976 id
775 4901 864 4974 mihi
887 4900 1144 4991 committeret,
1168 4901 1214 4973 ad
1238 4901 1339 4998 cujus
1358 4925 1462 4977 man—

129 5027 251 5100 datum
266 5028 446 5125 prelatum
461 5033 516 5104 lo.
535 5029 580 5104 de
600 5029 748 5104 Gualbis
768 5026 872 5101 emisi
892 5033 928 5102 et
948 5027 1025 5126 ejus
1040 5025 1123 5100 loco
1138 5026 1341 5124 predictum
1354 5028 1464 5101 lusti-

130 5151 276 5226 nianum
292 5154 484 5230 intromisi.
