3436 6038
80 519 227 588 prmissa]
405 512 532 572 RERUM
555 512 784 574 URBANARUM
808 515 1072 575 couuaurnau.
1340 518 1395 578 185

77 677 169 772 prout
187 671 223 744 in
238 668 487 745 ceremoniali.
506 669 609 744 Circa
620 670 731 745 linem
747 669 893 746 autem':
917 672 1078 747 Christus
1092 673 1212 772 sectus
1227 683 1291 765 est,
1312 685 1392 763 etc,

79 804 255 896 Papacum
270 795 377 870 mitra
397 794 585 868 descendit
604 795 648 868 de
671 796 762 870 solio
783 797 829 870 ad
845 797 1099 889 faldistorium,
1124 798 1186 872 ubi
1205 799 1306 872 finita
1318 799 1397 896 ipsa

77 924 273 1021 antiphona,
297 920 493 1019 genuflexit
512 942 626 1018 usque
654 920 847 1014 adfinem,
875 930 911 996 et
935 923 1021 997 licet
1041 923 1134 997 male
1155 931 1194 998 ut
1218 947 1339 1021 supra,
1359 930 1396 1000 et

77 1051 154 1126 dixit
171 1049 373 1122 orationem
391 1074 399 1120 :
416 1045 565 1143 Respice
579 1071 782 1144 quesumus,
802 1059 865 1121 etc.
881 1073 889 1139 3
912 1055 986 1122 tum
1001 1055 1151 1146 accepta
1171 1049 1290 1140 mitra,
1308 1049 1395 1124 adiit

77 1177 107 1250 iu
122 1197 313 1264 cameram,
331 1193 440 1247 cruce
456 1176 492 1245 et
506 1171 747 1248 cardinalibus
766 1173 1060 1270 precedentibus,
1082 1196 1124 1247 ao
1149 1197 1222 1248 uno
1242 1175 1287 1248 de
1303 1174 1396 1272 epis-

78 1295 167 1398 copis
188 1299 379 1374 assistente
406 1319 533 1370 omnes
559 1296 720 1372 fimbrias
747 1297 853 1372 simul
879 1299 1049 1373 collectas
1071 1322 1185 1398 cappe
1211 1304 1392 1397 portante.

80 1421 1392 1524 Papaobtulitinadorationacrucisvigintiquinqueducetosauriinauro.

122 1556 201 1626 Post
214 1549 421 1649 prandium,
439 1549 532 1624 hora
545 1549 706 1624 secunda
724 1549 779 1624 vel
799 1549 907 1640 circa,
927 1556 1070 1628 cantata
1087 1551 1233 1626 luerunt
1248 1549 1284 1623 in
1300 1549 1396 1626 dicta

79 1675 205 1775 capella
223 1677 362 1773 majore
386 1673 563 1750 matutine
586 1674 818 1750 tenebrarum
840 1699 922 1752 cum
948 1675 1166 1751 ceremoniis
1196 1675 1394 1765 consuetis,

80 1809 168 1900 Papa
185 1802 353 1890 absente;
381 1807 521 1898 septem
546 1806 685 1876 tantum
708 1801 908 1878 cardinales
931 1801 1182 1877 interfuerunt.
1206 1804 1330 1876 Rmus.
1349 1805 1393 1876 D.

80 1927 259 2003 cardinalis
275 1926 481 2002 Parmensis
501 1925 750 2002 incrastinum
766 1927 871 2001 etbis
891 1927 1137 2004 celebraturus
1154 1927 1243 2002 dixit
1263 1926 1400 2002 oratio

80 2077 156 2128 nem
172 2079 180 2128 ε
196 2051 346 2150 Respice
368 2077 571 2151 quesumus,
589 2065 669 2143 etc,
694 2077 759 2151 pro
781 2053 855 2129 fine
878 2055 1148 2146 matutinarum,
1175 2053 1211 2126 in
1230 2051 1313 2126 loco
1333 2075 1398 2127 suo

83 2179 292 2277 genuflexus.
309 2179 422 2254 Sedes
437 2203 528 2276 pape
551 2178 620 2253 luit
648 2178 796 2252 omnino
818 2180 927 2271 nuda,
952 2180 1029 2254 solo
1059 2180 1205 2255 cussino
1229 2181 1398 2278 desuper,

83 2307 117 2376 ut
129 2301 244 2392 hodie,
266 2301 425 2376 violaceo
441 2303 600 2399 jacente.
622 2303 714 2375 Ante
731 2301 841 2376 altare
856 2302 923 2376 luit
939 2301 1085 2401 pallium
1100 2304 1210 2402 paneri
1225 2303 1269 2378 de
1286 2303 1402 2378 rescia

83 2425 235 2523 passione
252 2426 384 2502 Christi
401 2427 603 2500 laboratum
632 2433 668 2502 et
691 2427 848 2525 desuper
865 2428 977 2502 altare
1003 2429 1146 2505 tobalea
1168 2454 1240 2504 una
1261 2437 1402 2504 tantum

85 2551 224 2649 simplex
238 2559 275 2626 et
290 2551 487 2627 scabellum
509 2552 645 2626 nudum
663 2578 772 2652 super
795 2577 867 2650 quo
886 2559 963 2628 erat
982 2577 1072 2629 crux
1090 2555 1128 2628 in
1150 2556 1271 2630 medio
1287 2561 1324 2630 et
1339 2579 1403 2632 sex

86 2677 288 2752 candelabra
305 2677 391 2751 hinc
408 2683 443 2752 et
458 2677 542 2752 inde
557 2701 640 2752 cum
661 2680 768 2755 certis
789 2679 882 2756 ceris
904 2703 1006 2754 more
1024 2687 1213 2774 consueto,
1232 2705 1273 2756 eo
1296 2705 1405 2779 super

87 2802 274 2876 cancellum
290 2825 353 2877 sex
374 2803 569 2878 intorticin.
1270 2781 1271 2788 ἵ

131 2927 277 3003 Sabbata
304 2935 442 3020 sancto,
464 2929 588 3026 vigilia
612 2931 885 3006 resurrectionis
906 2935 948 3006 b.
972 2935 1014 3008 N.
1037 2935 1069 3005 J.
1094 2931 1226 3006 Christi
1249 2955 1317 3028 que
1340 2931 1406 3006 luit

89 3059 127 3128 25
140 3054 209 3128 dies
219 3055 353 3144 martii,
367 3055 478 3130 altare
494 3055 631 3152 capello
647 3057 796 3154 majoris
811 3065 976 3155 paratum
991 3057 1057 3131 luit
1072 3057 1305 3138 testinaliter:
1319 3081 1407 3132 crux

88 3179 264 3276 pretiosior
278 3180 315 3254 in
329 3180 462 3271 medio,
474 3179 649 3277 imagines
665 3187 873 3256 sanctorum
886 3181 983 3256 Petri
997 3190 1033 3256 et
1048 3181 1147 3256 Pauli
1159 3182 1407 3279 apostolorum

89 3329 123 3380 ac
138 3329 196 3382 sex
208 3305 423 3382 candelabra
437 3305 524 3380 hinc
536 3311 570 3382 et
586 3307 683 3396 inde,
697 3307 805 3405 pallia
819 3309 890 3382 duo
905 3314 987 3383 ante
1004 3308 1130 3400 altare,
1147 3309 1273 3384 subtus
1283 3309 1406 3384 album

89 3438 118 3506 et
131 3431 280 3530 desuper
298 3431 499 3506 violaceum
514 3432 591 3508 luit.
611 3431 724 3508 Sedes
740 3436 835 3531 Pape
852 3433 991 3508 duobus
1013 3433 1130 3532 palliis
1147 3433 1311 3510 ordinata
1325 3433 1404 3526 luit,

89 3557 258 3632 credentia
272 3557 517 3654 etiamparata
531 3556 595 3634 suit
612 3557 719 3632 rebus
735 3582 890 3634 exmore
907 3565 1094 3652 consueto,
1111 3583 1241 3635 cereus
1256 3561 1413 3658 pasche

88 3679 125 3754 lis
138 3689 171 3756 ct
184 3660 373 3780 pulpitum,
399 3689 504 3780 prout
519 3682 555 3756 in
577 3682 812 3757 ceremoniali
835 3684 976 3758 dicitur.
1005 3689 1130 3760 ltmus.
1150 3688 1192 3760 u.
1223 3685 1408 3762 lohannes

89 3805 264 3882 cardinalis
280 3809 486 3884 Parmensis
501 3808 651 3884 missam
670 3815 705 3884 et
721 3808 884 3884 osticium
905 3811 1166 3904 celebraturus,
1185 3811 1348 3910 parvenit
1364 3813 1410 3888 ad

89 3932 249 4028 capellam
267 3957 277 4006 ε
296 3934 436 4032 accepit
452 3934 612 4010 sandalia
628 3940 664 4010 et
682 3941 896 4032 paramenta
914 3936 1036 4012 omnia
1057 3937 1279 4035 pontificalia
1295 3961 1410 4035 usque

90 4056 127 4129 sd
140 4056 363 4134 dalmaticam
381 4059 566 4150 inclusive,
590 4084 660 4157 qua
679 4059 837 4152 indutus,
863 4061 1006 4136 omissis
1026 4062 1248 4138 chirothecis
1264 4069 1301 4136 et
1313 4063 1406 4154 aliis,

90 4183 216 4280 accepit
228 4183 380 4282 pluviale
394 4185 607 4278 violaceum,
626 4191 662 4260 et
676 4185 829 4261 accessit
843 4184 889 4260 ad
903 4186 1030 4278 altare,
1052 4187 1113 4264 ubi
1128 4195 1226 4265 stans
1243 4190 1281 4264 in
1295 4213 1409 4266 cornu

91 4308 228 4404 epistole
256 4333 381 4384 versus
409 4311 456 4386 ad
477 4311 587 4387 altare
617 4334 663 4386 ex
685 4311 777 4385 libro
802 4335 910 4409 super
935 4313 1037 4388 altari
1061 4315 1193 4412 posito,
1225 4314 1410 4390 benedixit

91 4455 208 4510 norum
226 4435 349 4534 ignom
365 4457 473 4531 quem
487 4435 524 4508 in
544 4433 701 4530 quodam
719 4458 802 4508 vase
822 4433 890 4508 sibi
912 4435 1053 4528 obtulit,
1071 4435 1196 4512 dicens
1219 4443 1255 4512 et
1270 4436 1411 4512 iaciens

91 4565 183 4654 prout
201 4561 236 4636 in
254 4559 488 4638 ceremonieli
511 4565 546 4636 et
566 4558 702 4634 missali
722 4559 938 4634 continetur.
960 4560 1097 4636 Deinde
1119 4561 1253 4636 ibidem
1279 4560 1411 4636 eodem
1540 4583 1544 4588 ·

91 4685 186 4760 nodo
198 4685 381 4764 benedixit
392 4685 476 4762 thus
489 4684 525 4758 in
541 4705 689 4760 cereum
699 4683 908 4783 ponendum
920 4690 956 4760 et
968 4685 1122 4783 aspersit
1132 4708 1174 4760 ac
1185 4684 1409 4778 incensavit;

92 4813 158 4884 turn
183 4811 288 4887 rediit
314 4811 360 4886 ad
390 4809 628 4886 faldistorium
651 4807 725 4900 ubi,
750 4809 914 4908 deposito
936 4809 1091 4908 pluviali,
1119 4810 1261 4908 accepit
1289 4809 1412 4886 chiro-

92 4933 205 5010 thecas
224 4943 260 5011 et
275 4935 345 5011 alia
358 4941 569 5035 paramenta
583 4958 624 5010 ac
640 4936 785 5010 mitram
800 4935 1003 5033 simplicem
1016 4958 1116 5009 more
1132 4943 1323 5010 consueto.
1335 4939 1412 5024 Quo

93 5066 218 5154 pareto,
240 5065 338 5162 Papa
349 5061 496 5135 indutus
512 5060 658 5151 amictu,
676 5059 770 5151 alba,
786 5059 945 5156 cingulo,
963 5059 1054 5132 stola
1068 5059 1255 5152 violaceis,
1269 5059 1413 5157 pluviali

95 5183 193 5259 rubeo
206 5191 241 5261 ot
254 5187 361 5262 mitra
373 5183 611 5284 simplicibus,
622 5185 718 5260 venit
730 5185 775 5260 ad
787 5183 977 5282 capellam,
991 5185 1271 5284 precedentibus
1285 5208 1410 5276 cruce,
