3600 6094
311 451 343 505 18
763 449 938 506 lOHANNlS
964 449 1185 520 conculam,
1482 453 1562 517 [aaut
1575 455 1643 518 ttsst]

309 627 389 675 mus
409 626 533 676 comes
553 609 589 676 et
608 604 816 701 capitaneus
840 604 995 678 ecclesie
1016 628 1098 678 cum
1123 610 1230 700 gente
1255 628 1319 678 sua
1343 609 1379 678 et
1401 604 1582 678 artellaria
1604 631 1645 680 ac

309 729 516 802 bombardis
540 728 676 803 duabus
701 729 858 826 magnis,
884 735 920 803 et
947 729 1068 803 multis
1093 729 1225 826 parvis,
1248 729 1355 802 exivit
1379 731 1528 819 Urbem,
1552 731 1647 828 posi-

309 861 408 928 turus
429 863 546 928 castra
565 855 601 927 in
628 854 730 928 terris
756 854 1049 928 Columnensium
1069 854 1115 927 ad
1139 855 1218 928 illas
1239 854 1491 944 obsidendum,
1517 855 1645 952 quibus

308 1003 479 1078 magnum
503 979 673 1052 damnum
703 979 840 1070 intulit;
875 980 1034 1070 tandem,
1065 1003 1102 1054 re
1127 979 1354 1078 imperfecta,
1382 986 1532 1078 propter
1556 979 1645 1054 Sixti

308 1105 459 1192 obitum,
481 1111 562 1203 post
584 1105 697 1195 illum,
716 1109 881 1194 Romam,
904 1112 942 1177 ut
961 1105 1160 1196 dicebatur,
1184 1106 1296 1196 venit,
1316 1112 1351 1182 et
1369 1106 1499 1181 exinde
1522 1131 1644 1183 versus

308 1229 457 1303 lmolam
473 1255 511 1304 se
533 1231 682 1328 recepit.

356 1354 450 1428 Obiit
475 1355 583 1428 etiam
609 1355 665 1427 his
690 1355 836 1444 diebus,
863 1379 907 1430 ex
931 1355 1042 1428 nimia
1065 1353 1272 1452 fatigatione
1298 1380 1363 1453 pro
1389 1355 1490 1429 ruina
1513 1357 1643 1432 domus

307 1479 546 1569 Vallensium,
563 1487 602 1553 ut
617 1481 819 1568 dicebatur,
838 1481 976 1570 habita,
995 1484 1037 1553 D.
1056 1481 1265 1554 Dominicus
1282 1481 1326 1554 de
1342 1481 1544 1580 Albergatis
1560 1508 1644 1580 pro-

306 1605 523 1696 tonotariuS,
545 1605 802 1697 BononiensiS,
827 1607 931 1680 Urbis
956 1607 1188 1703 gubernator,
1211 1607 1313 1703 cujus
1337 1609 1488 1703 exequie
1519 1608 1641 1683 habite

304 1731 450 1805 suntin
480 1731 636 1806 ecclesia
664 1733 769 1807 beate
798 1733 909 1805 Maria
937 1732 981 1804 de
1013 1732 1151 1828 Populo
1182 1731 1239 1805 die
1270 1733 1408 1806 sabbati
1440 1735 1642 1808 ramensis

300 1856 406 1954 junii,
432 1857 561 1952 quibus
586 1857 823 1930 interfuerunt
847 1857 967 1954 plures
995 1857 1128 1930 familie
1161 1861 1380 1930 thmorum.
1411 1860 1487 1930 ΠΙ).
1521 1859 1641 1932 cardi-

304 1979 439 2053 nalium
455 1981 500 2054 ad
519 1982 589 2055 hoc
611 1982 768 2071 invitate,
787 1989 893 2081 prout
914 1983 951 2056 in
972 1982 1147 2056 schedula
1169 1982 1204 2054 in
1227 1981 1344 2079 primo
1368 2006 1450 2056 meo
1472 2006 1643 2058 ceremo-

306 2105 390 2180 niali
406 2106 491 2180 folio
508 2107 699 2205 registrata
714 2109 930 2183 continetur.

355 2232 460 2306 Faria
479 2233 597 2323 tertia,
620 2239 665 2307 bt
685 2235 821 2308 mensis
842 2234 981 2332 augusti
1003 2237 1128 2308 Rmus.
1155 2237 1197 2308 D.
1221 2233 1413 2308 cardinalis
1432 2235 1641 2333 Neapolita-

306 2380 373 2430 nus
392 2356 427 2430 in
443 2358 544 2432 altari
560 2359 665 2433 beate
686 2359 796 2432 Marie
812 2359 1031 2457 supradicto,
1051 2358 1086 2431 in
1108 2359 1206 2434 dicta
1221 2359 1370 2434 basilica
1385 2384 1415 2432 s.
1434 2362 1531 2434 Petri
1548 2363 1643 2436 cele-

306 2480 417 2556 bravit
433 2482 580 2556 missam
593 2485 774 2581 publicam
788 2509 854 2582 pro
870 2485 990 2558 anima
1003 2485 1064 2559 lel.
1083 2485 1225 2560 record.
1244 2484 1333 2558 Sixti
1349 2509 1444 2583 pape
1458 2489 1534 2559 llll.
1557 2490 1644 2561 Post

306 2610 467 2702 missam,
486 2618 638 2708 quatuor
652 2637 696 2686 ex
712 2613 852 2686 RRmis.
865 2615 940 2685 DD.
958 2611 1137 2710 episcopis
1154 2611 1395 2686 cardinalibus
1413 2611 1642 2688 absolverunt

306 2760 388 2810 oum
405 2761 461 2809 eo.
485 2740 564 2811 Non
583 2738 648 2811 luit
670 2763 815 2812 sermo:
835 2739 904 2812 alia
926 2739 1047 2812 omnia
1065 2739 1172 2826 lacta,
1198 2737 1291 2810 utin
1314 2737 1430 2834 prima
1451 2737 1523 2808 die.
1551 2741 1641 2810 Num

306 2862 430 2934 RRmi.
464 2865 538 2936 DD.
573 2864 771 2937 cardinales
805 2864 872 2936 sibi
903 2870 1146 2961 proponentes
1183 2862 1339 2936 crastina
1370 2862 1428 2934 die
1465 2861 1641 2935 conclave

305 2986 438 3060 intrare
462 3012 528 3085 pro
551 2989 728 3063 electione
753 2989 859 3062 futuri
880 2989 1080 3087 pontilicis,
1115 2993 1315 3063 statuerunt
1339 2987 1448 3060 hodie
1473 2986 1641 3060 ultimum

306 3112 402 3185 diem
418 3115 649 3210 exequiarum
662 3115 905 3212 predictarum
920 3139 1108 3213 peragere.

354 3237 458 3311 Faria
470 3247 607 3335 quarta,
626 3245 671 3314 25
687 3240 771 3313 dicti
788 3241 923 3314 mensis
940 3239 1094 3338 augusti,
1112 3261 1194 3312 cum
1211 3237 1334 3311 numi.
1348 3240 1422 3311 ΠΙ).
1438 3236 1640 3310 cardinales

307 3363 559 3458 cognovissent
578 3365 747 3438 conclave
768 3367 969 3462 perlectum
984 3389 1056 3438 non
1077 3389 1171 3453 esse,
1193 3369 1385 3461 propterea
1404 3362 1491 3435 illud
1506 3362 1640 3436 intrare

306 3511 380 3560 non
416 3512 541 3586 posse,
581 3496 781 3564 statuerunt
818 3491 924 3564 aliam
957 3491 1104 3564 missam
1137 3489 1388 3562 defunctorum
1421 3511 1486 3585 pro
1522 3487 1643 3560 anima

307 3613 434 3710 prelati
469 3615 649 3711 pontificis
681 3617 788 3690 hodie
823 3617 859 3689 in
890 3616 1027 3714 capella
1061 3614 1240 3714 sepulture
1276 3639 1338 3688 sue
1369 3613 1546 3687 celebrari
1575 3613 1642 3688 de-

306 3739 406 3826 bere,
428 3746 534 3837 prout
553 3740 687 3814 lactum
707 3749 773 3816 est.
796 3743 907 3840 lgitur
927 3747 1051 3816 ltmus.
1079 3745 1122 3814 D.
1147 3739 1337 3814 cardinalis
1363 3737 1642 3812 blatisconensis

307 3863 500 3937 celebravit
537 3865 683 3940 missam
720 3868 925 3966 hujusmodi
959 3867 995 3941 in
1029 3865 1166 3964 capella
1194 3864 1354 3963 predicta
1388 3888 1489 3938 mure
1515 3863 1640 3954 solito;

307 4013 376 4083 qua
390 3988 504 4079 finita,
523 3990 598 4087 ipse
615 3993 710 4065 solus
726 3992 913 4066 celebrans
923 3991 1085 4064 absolvit.

355 4115 560 4189 Cardinales
587 4118 756 4191 sederunt
784 4117 821 4190 in
850 4117 1093 4214 superioribus
1117 4115 1260 4189 sedibus
1285 4115 1419 4188 ibidem
1445 4112 1641 4187 canonico-

307 4261 387 4310 rum
403 4240 577 4334 videlioet,
595 4241 722 4340 prelati
737 4265 822 4315 vero
838 4243 874 4314 in
885 4242 976 4331 aliis,
989 4240 1154 4314 videlicet
1168 4240 1467 4314 beneficiatorum
1484 4245 1520 4312 ot
1535 4237 1641 4312 cleri-

307 4389 433 4440 corum
465 4367 550 4440 binc
581 4372 617 4441 et
641 4366 746 4457 inde;
772 4367 873 4464 juxta
898 4366 1117 4465 sepulturam
1144 4365 1261 4463 posita
1288 4366 1431 4438 luerunt
1457 4363 1642 4436 intorticia

306 4514 426 4581 xxuu,
452 4493 508 4568 vel
524 4493 633 4584 circa,
648 4501 684 4568 et
698 4494 886 4568 distributa
900 4493 1081 4567 intorticia
1101 4493 1353 4579 cardinalibus
1377 4497 1413 4564 et
1432 4488 1580 4587 prelatis
1602 4495 1640 4561 et

306 4616 384 4688 aliis
399 4618 514 4694 facule
531 4645 631 4695 more
653 4626 843 4708 consueto;
865 4620 1035 4718 lugubres
1055 4643 1127 4692 non
1152 4619 1389 4691 interfuerunt
1411 4617 1495 4688 huic
1511 4614 1637 4688 misse.

356 4743 475 4817 Prima
499 4751 535 4818 et
558 4752 681 4819 octava
705 4746 761 4818 die
790 4745 1034 4840 exequialibus
1062 4743 1234 4841 predictis
1263 4743 1406 4815 luerunt
1435 4739 1551 4839 posita
1574 4763 1643 4835 per

307 4963 504 5020 consuetudine
523 4981 589 5038 sua;
606 4967 654 5023 sad
673 4972 801 5024 asserunt
814 4964 923 5040 quidam
939 4962 978 5020 ita
992 4970 1102 5037 repente
1122 4963 1234 5050 abiisse,
1250 4982 1285 5021 ne
1304 4963 1454 5021 vicinorum
1470 4961 1569 5019 edium
1582 4961 1639 5018 rui·

306 5069 369 5108 nam
387 5051 542 5125 inspiceret,
559 5053 659 5127 quibus
673 5056 756 5129 parci,
772 5055 809 5112 illi
823 5060 903 5111 anun
922 5051 1046 5110 Pontifex
1067 5053 1246 5126 promisisset.
1265 5076 1279 5106 u
1295 5053 1491 5112 Volaterranos
1512 5053 1638 5127 (Murat,

306 5143 371 5198 Her.
388 5144 459 5200 leat.
475 5143 607 5218 Sorba),
622 5150 644 5202 t.
659 5145 760 5214 xxtu,
773 5145 824 5202 eol.
845 5145 907 5200 196.
