3496 6056
292 403 295 409 ’
355 443 406 500 ua
809 435 985 492 tonsurus
1005 435 1227 506 auncnnnnr,
1523 439 1660 508 [auersas]

354 594 400 669 ad
418 569 622 688 cappellam
645 588 794 679 reniret,
822 589 921 686 quod
948 595 984 664 et
1009 589 1075 664 luit
1095 589 1325 666 observatum
1345 594 1380 665 et
1400 591 1537 666 dictum
1557 619 1613 691 pro
1630 621 1664 672 ea

354 717 413 792 die
429 723 580 790 tantum.
612 801 616 812 ¹

404 840 593 916 nomisios
615 839 721 916 tertia
740 839 1029 936 quadragesime,
1057 842 1236 918 dimensis
1254 841 1385 933 martii,
1413 841 1483 916 luit
1507 843 1663 921 celebrata

355 965 474 1040 missa.
487 965 629 1064 publica
649 965 684 1038 in
706 962 846 1060 capella
863 964 1037 1060 predicta,
1059 969 1155 1064 Papa
1174 974 1344 1064 presente
1363 973 1399 1040 et
1420 967 1552 1061 omnia,
1575 970 1606 1042 in
1619 994 1662 1060 ea,

357 1115 458 1164 more
498 1096 673 1164 consueto
705 1088 904 1162 observata.
940 1090 1155 1164 Sermonem
1189 1089 1275 1164 iecit
1307 1098 1522 1188 procurator
1553 1093 1664 1167 ordinis
1737 1111 1738 1134 ³

356 1214 617 1292 heremitarum
633 1239 662 1288 s.
681 1213 882 1314 Augustini.

403 1339 560 1416 Sabbato
581 1344 622 1412 ll
638 1339 774 1431 mensis
791 1339 908 1414 martii
922 1339 958 1413 in
979 1363 1060 1414 sero
1079 1341 1142 1414 SS.
1164 1343 1206 1414 o.
1227 1345 1268 1414 N.
1294 1341 1330 1414 in
1348 1342 1531 1438 quandam
1551 1344 1665 1440 gravis·

356 1465 484 1540 simam
516 1464 763 1538 infirmitatem
796 1465 932 1557 incidit,
970 1490 1041 1563 qua
1076 1465 1334 1564 principalibus
1374 1467 1559 1543 mensibus
1583 1468 1666 1543 labo·

357 1591 523 1692 rarit(t).

404 1715 594 1794 Dominica
613 1722 742 1813 quarta
760 1717 1050 1815 quadragesime,
1078 1724 1119 1794 13
1140 1719 1224 1794 dicti
1247 1719 1382 1794 mensis
1402 1721 1534 1810 martii,
1558 1724 1662 1794 Rmus.
1726 1780 1731 1791 .

358 1850 400 1920 D.
428 1842 619 1920 cardinalis
646 1843 852 1918 Parmensis
874 1844 1069 1951 celebrarit
1093 1845 1243 1922 missam
1271 1846 1452 1944 publicam
1483 1848 1520 1921 in
1547 1848 1665 1946 capella
1726 1871 1731 1916 ε

356 1971 530 2072 predicta,
548 1973 646 2066 Papa
661 1968 824 2061 absente,
843 1970 1027 2046 consuetis
1043 1971 1273 2048 ceremoniis.
1730 1977 1731 1998 ³

407 2101 621 2174 Sermonem
651 2095 738 2171 lecit
763 2101 976 2192 procurator
1000 2097 1136 2172 ordinis
1160 2098 1449 2189 carmelitarum,
1475 2107 1511 2174 et
1535 2100 1666 2174 sirecte
1725 2044 1730 2195 l

356 2223 518 2316 memini,
538 2245 611 2298 non
633 2221 698 2296 luit
718 2226 859 2317 portata
883 2245 965 2296 rosa
999 2229 1185 2314 consuetu,
1213 2249 1329 2322 neque
1354 2249 1462 2323 super
1481 2213 1581 2300 altari
1604 2249 1669 2300 con·
1725 2222 1730 2313 ξ

357 2346 605 2446 suetoposita.
1015 2359 1019 2364 '
1729 2333 1730 2379 l

405 2472 607 2563 Dominica,
625 2473 750 2569 quinta
761 2473 1037 2571 quadragesime
1053 2481 1100 2551 20
1114 2475 1232 2551 martii
1244 2476 1409 2574 predicti,
1428 2482 1471 2551 R.
1492 2478 1529 2550 in
1545 2478 1667 2552 Christo
1726 2460 1730 2569 l

357 2609 460 2700 pater
487 2604 531 2680 D.
564 2599 768 2698 Stephanus
800 2599 991 2697 episcopus
1021 2601 1284 2676 Mauriauensis
1314 2603 1508 2678 celebravit
1542 2605 1667 2676 missam
1724 2574 1730 2715 i

357 2725 536 2826 publicam
551 2725 588 2799 in
604 2725 767 2824 cappella
781 2725 955 2822 predicta,
974 2729 1071 2823 Papa
1091 2726 1254 2816 absente,
1276 2733 1312 2802 et
1329 2727 1476 2801 habitus
1492 2736 1547 2802 est
1566 2749 1667 2802 sermo
1725 2748 1730 2821 p

359 2876 460 2927 moro
483 2851 603 2927 solito.
630 2850 738 2925 Missa
762 2851 876 2940 finita,
903 2857 1135 2924 accesserunt
1159 2852 1204 2924 ad
1232 2851 1443 2949 pontificem
1465 2851 1502 2925 iu
1526 2851 1616 2926 lecto
1640 2851 1668 2924 in
1725 2848 1738 2912 i

357 3000 586 3056 camerasua
610 2976 739 3072 inqua
764 2975 921 3050 dormire
949 2975 1054 3064 solat,
1079 2974 1276 3070 jacentem,
1306 2975 1502 3066 infirmum,
1531 2975 1667 3073 quadan
1724 2916 1729 3084 i

357 3129 423 3180 sua
445 3110 545 3180 reste
571 3127 681 3201 super
700 3102 849 3178 camisia
867 3100 913 3176 ad
934 3099 1083 3174 brachia
1100 3106 1240 3173 tantum
1260 3102 1432 3175 vestitum
1456 3125 1583 3176 omnes
1601 3123 1664 3174 car-
1724 3085 1729 3171 i

355 3231 493 3304 dinoles
507 3254 547 3304 ac
564 3253 687 3304 comes
701 3229 830 3304 Deltini
846 3233 970 3302 orator
982 3225 1077 3322 regis
1087 3226 1234 3302 Francie
1249 3228 1488 3324 supradictus,
1501 3229 1667 3302 iohannes
1723 3178 1729 3331 i

357 3353 470 3428 ltlaria
484 3355 624 3452 collega
637 3377 740 3428 meus
756 3360 792 3428 et
808 3375 889 3450 ego,
906 3359 955 3442 et,
972 3357 1093 3449 preter
1115 3357 1275 3426 secretos
1296 3353 1550 3443 cubicularios,
1567 3351 1669 3425 nullus
1724 3354 1730 3449 t

357 3480 465 3570 alius3
495 3480 625 3577 quibus
655 3504 778 3554 coram
803 3501 842 3553 se
869 3475 1082 3568 constitutio,
1117 3477 1278 3574 pontifex
1307 3501 1417 3551 manu
1449 3477 1668 3550 suadentem
1729 3507 1730 3513 ¹

360 3629 481 3681 rosam
502 3612 631 3680 tenens
655 3605 799 3679 tradidit
822 3603 918 3677 illam
944 3601 1065 3707 comiti
1087 3601 1217 3675 Delfini
1240 3601 1403 3701 predicto
1424 3603 1530 3700 juxta
1553 3604 1666 3678 lectum

358 3730 562 3827 genuflexu,
590 3731 714 3805 dicens
743 3753 788 3803 ex
813 3728 904 3802 libro
933 3727 1071 3802 rerba:
1098 3726 1230 3824 Accipe
1256 3727 1387 3804 Horum
1409 3741 1490 3820 etc,
1520 3736 1622 3827 prout
1641 3727 1668 3798 iu

357 3857 604 3932 ceremoniali.
636 3861 713 3958 Quo
734 3856 840 3946 lacto,
865 3875 988 3928 comes
1013 3851 1198 3924 osculatus
1223 3859 1279 3925 est
1302 3875 1451 3926 manum
1477 3856 1589 3950 Papo,
1612 3872 1668 3922 non

356 3981 501 4080 pedem,
519 3983 602 4080 quia
618 3981 779 4078 cooperti
795 3985 897 4055 eraut
914 3976 1025 4075 pedes
1046 3981 1155 4074 Pape.
1180 3978 1343 4052 Recessit
1361 3977 1493 4054 deinde
1513 3967 1668 4052 comesu

354 4133 438 4183 cum
468 4131 512 4183 eo
539 4109 738 4184 cardinales
765 4129 906 4196 omnes,
937 4101 998 4199 qui
1026 4101 1134 4176 etiam
1166 4102 1285 4198 ipsum
1315 4102 1409 4176 inter
1433 4099 1570 4197 primos
1596 4100 1667 4173 duos

356 4235 528 4311 diaconos
546 4235 745 4310 cardinales
766 4233 802 4306 iu
823 4230 949 4304 ultimo
971 4227 1052 4302 loco
1079 4227 1302 4324 equitantem
1324 4249 1425 4301 more
1447 4227 1554 4302 solito
1572 4245 1665 4320 usque

355 4362 400 4435 ud
413 4361 562 4437 domum
578 4384 643 4436 sue
658 4358 902 4449 habitationis,
913 4349 1080 4430 uidelicet
1092 4351 1265 4448 palatium
1276 4351 1489 4428 Ursinorum
1507 4351 1543 4424 in
1557 4367 1665 4444 campo

354 4485 472 4579 Flore,
487 4487 730 4562 associarunt.

405 4613 593 4689 Dominica
607 4613 806 4714 palmarum
822 4635 891 4710 que
906 4612 972 4687 fuit
992 4617 1035 4685 27
1057 4609 1192 4687 mensis
1213 4609 1344 4700 martii,
1368 4605 1492 4682 limus.
1507 4609 1549 4682 Ι)ὸ
1565 4597 1663 4682 cardi-

356 4739 446 4814 nalis
472 4739 740 4838 studegavensis
762 4745 907 4836 paratus
927 4761 1028 4813 more
1054 4737 1159 4812 solito
1183 4737 1217 4810 in
1244 4735 1382 4833 capella
1406 4735 1544 4834 maiore
1562 4725 1662 4832 palatii

394 4963 417 5015 t.
440 4960 491 5017 Les
507 4961 627 5019 Colonna
643 4962 742 5018 mirent
756 4965 771 5018 i
784 4961 865 5035 proiit
881 4959 908 5018 la
921 4963 1035 5020 maledie
1050 4963 1087 5020 du
1102 4961 1176 5036 Papa
1186 4977 1256 5037 pour
1271 4975 1300 5018 se
1316 4970 1417 5034 renger
1431 4963 1481 5019 des
1496 4957 1591 5018 Orsini.
1604 4945 1662 5024 i'oy.

353 5049 378 5105 le
388 5049 496 5121 journal
512 5051 678 5108 d'lnlessura
689 5051 809 5125 (Eccurd,
825 5057 845 5108 t.
863 5045 897 5117 ll,
919 5053 970 5109 col.
989 5053 1080 5124 1951),
1096 5056 1123 5108 et
1138 5052 1161 5108 le
1177 5051 1280 5108 Diario
1294 5051 1341 5105 del
1356 5041 1463 5122 Notcy'o
1479 5051 1525 5107 del
1536 5049 1618 5102 Nom.
1633 5039 1662 5094 d·

354 5139 545 5209 Murat.,·Rer.
568 5142 634 5198 Ital.
650 5143 770 5212 script„
782 5146 802 5197 t.
818 5141 903 5214 lll,p.
921 5155 953 5210 n,
969 5141 1018 5198 col.
1037 5143 1115 5198 root.
