3496 6056
348 457 398 516 106
801 451 976 513 JOHANNIS
1000 453 1222 528 abacelam,
1422 457 1592 525 lS⁰P¹0¹¹¹br⁰
1608 457 1675 522 ¹⁴⁸⁴}

346 611 547 702 videretur3
564 634 606 686 ac
622 609 751 688 deinde
765 611 964 688 cardinales
980 613 1099 712 ipsum
1114 613 1310 702 elevarent,
1327 610 1489 686 dicentes
1503 610 1680 686 :Smertai

349 737 391 813 de
415 737 560 836 pulvere
583 748 646 813 etc.
667 739 710 812 lit
730 736 891 836 pontifex
911 743 984 812 tres
1002 739 1122 836 jactus
1141 737 1277 812 ibidem
1290 737 1442 828 iacent,
1458 736 1587 812 dicens
1604 735 1649 834 (t)
1671 764 1676 808 :

345 865 550 962 Arcanum
562 875 741 938 erearum
753 875 819 940 etc.
843 867 932 940 Tum
949 866 1051 965 prior
1066 865 1252 966 predictus
1272 885 1420 938 cmcem
1442 885 1551 960 quam
1571 883 1679 936 manu

350 989 527 1087 gestabat,
552 987 723 1064 cardinali
750 989 1010 1065 Mediolanensi
1033 990 1348 1089 archipresbytero
1377 985 1629 1076 Lateranensi,
1653 988 1681 1060 si

352 1115 543 1190 interesset
576 1137 618 1188 ac
648 1122 797 1213 propter
831 1117 1028 1216 podagram
1062 1115 1224 1190 cilicium
1259 1113 1465 1213 hujusmodi
1504 1135 1681 1210 peragere

352 1246 475 1339 posset
497 1239 558 1339 (2),
580 1239 738 1336 alioquin
772 1241 883 1339 priori
904 1241 1139 1316 diaconorum
1172 1227 1406 1317 cardinalium
1435 1239 1597 1328 offerret,
1625 1239 1682 1334 qui

352 1389 433 1441 eam
449 1365 611 1467 pontifici
626 1367 828 1466 porrigeret
844 1366 1089 1458 osculandam,
1108 1375 1151 1456 et
1164 1368 1246 1443 inde
1267 1391 1348 1443 eam
1364 1368 1431 1466 ipsi
1448 1366 1562 1466 priori
1585 1365 1686 1440 resti-

352 1498 481 1566 tueret.
501 1492 673 1568 Posthac
695 1492 815 1590 priore
832 1493 923 1591 ipso,
943 1500 978 1568 et
1002 1493 1188 1568 canonicis
1207 1494 1441 1592 antiphonam
1458 1493 1556 1567 Eece
1576 1515 1687 1566 sacn-

356 1617 417 1698 doe
443 1641 611 1714 magnus,
634 1616 764 1691 deinde
785 1617 832 1691 Te
855 1617 974 1693 Deum
998 1619 1200 1710 laudemur,
1223 1618 1512 1708 decantanlihuS,
1537 1640 1687 1716 proces·

355 1741 542 1816 sionaliter
566 1741 829 1832 incedentibus,
854 1744 899 1817 ad
926 1746 1043 1842 majus
1071 1745 1182 1819 altare
1212 1745 1469 1842 procederent,
1494 1741 1554 1816 ubi
1576 1746 1686 1840 Papa,

354 1865 519 1964 deposito
543 1889 668 1964 regno,
692 1874 812 1942 oraret
832 1869 869 1942 in
891 1869 1090 1943 faldistorio
1111 1869 1336 1966 genuflexus.
1364 1868 1517 1957 Deinde,
1540 1873 1689 1963 accepta

354 1993 472 2082 mitra,
505 1991 542 2066 iu
569 1991 674 2068 altari
711 1994 845 2092 populo
888 1995 1138 2084 benediceret,
1184 1993 1395 2068 solemniter
1433 1994 1559 2068 dicens
1595 2017 1604 2066 :
1635 1991 1692 2064 Sit
1739 2063 1740 2070 ,

353 2143 480 2194 nomen
518 2129 597 2211 etc,
638 2120 773 2216 absque
811 2120 1115 2218 indulgentiarum
1142 2119 1399 2220 publicatione.
1428 2115 1689 2192 Benedictione

353 2245 449 2333 data,
467 2248 564 2342 Papa
579 2269 663 2320 cum
679 2245 785 2320 mitra
799 2246 843 2319 ad
860 2247 983 2322 sedem
1002 2269 1243 2322 marmoream
1256 2245 1478 2320 eminentem
1490 2243 1689 2341 predictam

354 2363 560 2461 accederet,
578 2378 614 2444 et
630 2369 666 2445 in
683 2394 726 2444 ea
741 2372 886 2463 sedens,
903 2374 1063 2472 priorem
1080 2380 1115 2446 et
1126 2372 1323 2447 canonicos
1339 2370 1523 2470 predictos
1534 2368 1580 2442 ad
1590 2369 1691 2466 pedis

355 2497 518 2572 osculum
544 2497 734 2598 reciperet.
760 2499 898 2574 Deinde
928 2498 973 2572 ad
999 2497 1173 2596 palatium
1203 2503 1447 2571 Laterauense
1475 2495 1688 2580 duceretur;

357 2623 421 2697 sed
443 2632 591 2721 propter
620 2625 810 2697 tumultum
838 2623 1040 2723 predictum
1063 2622 1133 2696 hec
1161 2625 1212 2699 sie
1238 2624 1402 2698 ordinata
1419 2621 1603 2698 observari
1620 2645 1689 2695 nou
1741 2609 1742 2646 l

354 2754 560 2848 potuerunt,
580 2773 649 2846 que
665 2755 704 2824 ut
718 2750 815 2849 prius
832 2749 1051 2840 dictumest,
1068 2755 1148 2824 acta
1169 2757 1264 2824 sunt.

404 2873 660 2949 Benedictione
676 2899 743 2974 per
756 2875 980 2974 pontificem,
997 2883 1035 2947 ut
1052 2897 1173 2972 supra,
1191 2873 1287 2965 deta,
1305 2873 1468 2948 ascendit
1485 2895 1551 2970 per
1566 2871 1687 2946 hasili-
1742 2909 1743 2958 t

354 3024 434 3076 cam
459 3002 659 3101 predictam
688 3001 733 3075 ad
754 3002 927 3100 palatium
952 3005 1209 3086 Lateranense,
1234 3005 1269 3074 et
1289 3023 1371 3074 cum
1397 2997 1624 3098 pervenisset
1645 2999 1687 3072 ad

355 3127 507 3228 primam
523 3127 643 3202 aulam
658 3151 826 3226 maguam
842 3150 911 3225 que
927 3125 1008 3200 aula
1021 3124 1165 3200 concilii
1185 3125 1424 3224 nuncupatur,
1446 3122 1608 3223 positum
1623 3123 1686 3196 luit
1743 3187 1744 3216 ,

353 3251 591 3328 faldistorium
618 3259 700 3327 ante
727 3254 858 3351 gradus
885 3250 1026 3349 lepidis,
1052 3273 1161 3348 super
1181 3256 1335 3346 quatuor
1356 3249 1544 3325 columnas
1565 3247 1684 3346 positi,

354 3375 414 3474 qui
430 3398 601 3450 mensura
610 3374 740 3450 Christi
757 3373 959 3472 appellatur
970 3375 1015 3474 (3)
1032 3375 1091 3449 ubi
1103 3379 1199 3472 Papa
1215 3375 1320 3464 sedit,
1332 3375 1479 3450 renibus
1494 3376 1540 3448 ad
1555 3373 1685 3448 dictum

352 3499 510 3602 lapidem
524 3499 650 3576 versis.

353 3765 383 3825 p.
400 3749 488 3806 tate.
506 3747 597 3804 -La
621 3747 746 3820 Papeare
767 3749 879 3804 leonae
895 3748 929 3805 de
952 3748 1139 3806 Philomneste
1162 3751 1266 3808 Junior.
1290 3750 1443 3824 Bruxelles,
1470 3753 1549 3822 ¹880,
1573 3753 1617 3808 ch.
1632 3751 1686 3816 ill,

353 3857 382 3916 p.
404 3841 437 3895 87
459 3856 466 3896 :
483 3861 498 3890 a
515 3839 555 3896 De
569 3837 595 3895 le
608 3838 700 3895 chelae
715 3838 868 3913 prohatoire
886 3861 901 3890 n
917 3845 944 3895 et
958 3845 1067 3896 surtout
1080 3839 1233 3898 l’excellent
1254 3857 1374 3916 ouvrage
1390 3841 1422 3897 de
1438 3840 1553 3897 Bianchi
1568 3839 1686 3898 Gloriui:

353 3931 462 3985 Eaame
483 3933 584 3984 critico
601 3929 679 4000 depli
693 3931 774 3984 attic
788 3931 951 3985 documenti
965 3929 1081 3985 relativi
1095 3929 1158 3984 alla
1168 3931 1272 4002 savoia
1286 3931 1363 3986 dello
1385 3931 1514 4002 Papeaao
1529 3931 1684 3995 Gievanna,

353 4019 466 4080 Milone.
487 4017 563 4084 1845,
586 4019 630 4075 ch.
646 4035 694 4080 xx.
705 4035 733 4092 p.
752 4021 803 4076 ¹75
817 4035 825 4075 ι
838 4041 853 4070 a
868 4019 908 4074 La
922 4017 993 4075 Sede
1007 4017 1171 4093 pertugiata,
1191 4041 1205 4068 »
1221 4023 1256 4075 od
1266 4022 1294 4094 je
1308 4019 1397 4076 releva
1410 4037 1462 4075 une
1477 4019 1570 4094 legere
1592 4035 1683 4076 erreur.

353 4109 467 4168 Bianchi
486 4107 596 4165 Glorini
611 4109 726 4183 pretend
741 4125 795 4182 que
810 4107 939 4166 Mabillon
956 4109 996 4183 (p.
1013 4111 1076 4180 177)
1092 4109 1160 4166 s'est
1178 4113 1284 4184 trompe
1303 4127 1337 4166 eu
1360 4109 1452 4166 disant
1471 4127 1525 4184 que
1540 4110 1645 4182 l'usuge
1658 4108 1685 4164 de

353 4201 382 4258 la
396 4199 489 4256 chaire
504 4197 665 4255 stercoraire
680 4207 707 4254 et
721 4196 770 4253 des
795 4197 868 4253 deux
889 4204 982 4254 autres
997 4197 1105 4254 chaises
1120 4197 1153 4253 de
1170 4201 1308 4272 porphyra
1321 4198 1354 4254 de
1369 4197 1395 4254 la
1414 4197 1536 4271 chapelle
1552 4199 1588 4254 de
1603 4197 1683 4254 Saint-

355 4289 496 4366 Sylvestre
511 4288 582 4345 n'est
597 4305 647 4363 pas
663 4287 819 4344 mentioned
834 4293 917 4344 arant
932 4287 1058 4358 Cercius,
1074 4294 1101 4344 et
1111 4287 1129 4344 il
1143 4288 1196 4344 cite
1207 4303 1311 4343 comme
1333 4304 1434 4362 preure
1450 4291 1466 4343 d
1480 4305 1531 4344 sou
1547 4285 1684 4360 allegatiou

354 4381 378 4437 le
393 4378 568 4454 temoiguage
583 4377 617 4434 de
631 4377 795 4451 Pandolphe
810 4377 843 4432 de
859 4375 924 4432 Pisa
939 4393 987 4433 sur
1007 4377 1034 4434 la
1048 4377 1120 4452 prise
1135 4378 1168 4434 de
1184 4393 1315 4448 possesso
1338 4377 1373 4433 de
1388 4375 1486 4433 Pascal
1510 4376 1537 4433 ll
1559 4393 1593 4433 eo
1613 4375 1683 4430 1099.

355 4470 483 4530 Mabilloo
497 4485 531 4525 ne
545 4465 683 4542 l'ignorait
697 4483 746 4540 pas
763 4467 876 4540 (Harum
891 4467 997 4524 sedium
1013 4466 1058 4541 qui
1074 4465 1225 4524 meminerit
1239 4466 1330 4523 inveni
1344 4469 1481 4523 neminem
1496 4473 1562 4522 ante
1578 4461 1684 4520 Pendul-

353 4561 438 4636 phum
453 4575 537 4634 supra
551 4557 691 4615 laudatum
706 4557 746 4632 (p.
763 4557 859 4629 cxxu),
880 4563 907 4613 et
925 4557 986 4630 plus
1006 4557 1060 4614 loin
1075 4555 1093 4612 il
1106 4557 1197 4614 donne
1211 4557 1235 4613 le
1255 4563 1329 4614 texte
1356 4561 1443 4613 meme
1464 4556 1499 4612 de
1517 4555 1681 4628 pandolpho,

355 4652 453 4727 auquel
467 4649 582 4708 Bianchi
593 4648 700 4706 Gioviui
715 4648 824 4705 ranvoie
839 4647 863 4704 le
878 4649 989 4704 leeteur.
1007 4645 1137 4704 Mabillon
1153 4646 1194 4704 dit
1206 4645 1357 4704 seulement
1372 4647 1405 4717 (t.
1426 4645 1461 4714 ll,
1479 4661 1510 4719 p.
1526 4647 1621 4712 cxxnr)
1634 4657 1679 4716 que

355 4741 472 4801 Cercius
485 4747 527 4798 est
537 4739 561 4796 le
576 4738 693 4814 premier
706 4737 754 4812 qui
769 4737 807 4795 ait
821 4737 911 4794 donne
926 4741 942 4794 a
956 4737 982 4794 la
1000 4737 1093 4793 choise
1116 4735 1150 4791 de
1174 4733 1280 4791 marbre
1301 4733 1440 4808 l'epithetc
1459 4733 1494 4790 de
1519 4729 1681 4812 stercorato,

357 4855 371 4885 a
437 4829 504 4888 sede
518 4829 688 4892 stercoraria.
703 4845 757 4904 quo
772 4828 882 4886 nomine
897 4825 1013 4886 Censius
1027 4825 1132 4902 primus
1144 4841 1212 4882 usus
1230 4823 1378 4884 iuvenitur.
1390 4845 1405 4875 n

392 4925 417 4979 l.
437 4920 523 4978 Texta
537 4919 629 4977 modii.
646 4918 716 4974 dans
731 4916 821 4975 Riual.

389 5015 417 5069 2.
439 5011 598 5078 Interesset,
614 5007 744 5084 alioquin.
760 5037 796 5051 -
809 5005 900 5066 Riual.

390 5104 418 5160 3.
439 5101 550 5158 Dicitur.
565 5131 599 5144 -
614 5101 705 5159 Rinel.

390 5178 442 5248 «Ε
461 5207 516 5250 une
535 5190 623 5266 pietra
641 5191 669 5248 di
689 5190 815 5262 mischio,
830 5191 916 5264 lunga
928 5189 1011 5264 palmi
1034 5191 1052 5244 7
1071 5203 1150 5244 meno
1173 5185 1220 5243 un'
1241 5182 1330 5258 ancia,
1346 5199 1361 5240 e
1380 5181 1458 5257 larga
1478 5180 1561 5256 palmi
1579 5179 1676 5252 sinque,
