3422 6034
83 459 182 524 {lauder
195 461 263 526 Η90]
390 461 516 518 RERUM
540 459 767 519 URBANARUM
790 459 1053 518 contraeundo.
1336 459 1389 514 385

81 615 176 686 llarie
188 612 223 686 in
239 611 400 703 Porticu;
419 612 611 688 duodecim
633 613 848 712 presbyteri,
875 615 1040 688 videlicet
1055 639 1063 686 :
1080 639 1109 686 s.
1136 613 1278 710 Angeli,
1297 613 1390 686 Ulix-

80 737 248 827 bonensis,
266 739 562 829 Rechauatensis,
589 765 619 814 s.
645 739 855 830 Clementis,
877 739 1085 828 Jauuensis,
1110 738 1154 814 de
1176 738 1388 822 comitibus,

81 862 281 952 Parmensis,
318 867 607 953 Beneventanus,
642 853 852 958 Aleriensis,
885 890 915 938 s.
942 865 1151 955 Anastasie3
1184 873 1221 939 et
1255 875 1395 962 septem

81 987 220 1076 diaconi,
237 989 401 1064 uidelicet
420 1013 427 1062 :
447 991 634 1080 Senensis,
659 992 703 1065 de
725 995 839 1081 Fuxo,
857 990 1091 1080 camerarius,
1109 990 1154 1062 de
1172 989 1335 1080 Sabellis,
1352 989 1396 1062 de

82 1113 252 1206 Columna,
269 1114 313 1188 de
330 1115 468 1190 Ursinis
488 1123 526 1190 et
539 1116 715 1191 Ascanius
732 1124 814 1215 post
835 1117 990 1190 bancum
1007 1116 1244 1190 diaconorum
1263 1121 1299 1189 et
1318 1115 1395 1186 illo-

82 1261 149 1312 rum
162 1245 313 1336 quatuor
325 1241 620 1340 presbyterorum
632 1241 866 1316 cardinalium
881 1249 959 1315 erat
975 1265 1173 1330 scammum
1187 1240 1264 1314 sine
1280 1240 1394 1337 gradu

79 1387 135 1462 pro
150 1365 347 1438 oratoribus
361 1365 475 1440 laicis.
490 1366 685 1440 Asinistris
703 1371 798 1464 Pape
814 1375 916 1441 erant
937 1368 1008 1442 duo
1024 1368 1130 1442 bassa
1145 1389 1305 1440 scamma
1326 1387 1391 1463 pro

80 1489 209 1585 prelatis
240 1491 506 1580 assistentibus,
532 1497 627 1564 retro
654 1515 725 1588 quo
753 1493 895 1566 stabant
922 1496 965 1567 D.
996 1490 1200 1564 Bernardus
1231 1495 1391 1563 secretus

81 1613 307 1689 cubicularius
324 1640 407 1690 cum
421 1617 629 1692 secretario.
648 1607 881 1710 subdiaconi,
899 1619 1096 1708 auditores,
1113 1615 1234 1691 clerici
1250 1637 1393 1690 camere

82 1745 111 1811 et
124 1739 247 1838 acolyti
264 1741 440 1816 sedebant
458 1749 559 1818 extra
579 1743 730 1841 gradum
746 1749 780 1816 et
795 1742 953 1841 primum
973 1745 1121 1816 rubrum
1138 1741 1217 1816 solii
1242 1744 1337 1838 Papa
1359 1747 1395 1814 et

82 1888 152 1938 cum
168 1865 293 1940 circuli
309 1865 438 1942 fierent
449 1891 516 1966 per
526 1869 728 1943 cardinales
738 1873 835 1942 retro
849 1868 1023 1943 sedebant
1033 1893 1157 1944 versus
1172 1869 1283 1943 altare
1297 1873 1397 1941 extra

81 1989 243 2066 circulum
267 1993 330 2068 ubi
353 1999 456 2068 crant
477 1994 687 2069 cubicularii
711 2001 811 2068 extra
839 1994 1008 2069 eumdem
1037 2018 1121 2068 cum
1146 1993 1348 2068 secretariis
1364 1999 1401 2066 et

80 2115 264 2192 advocatis.
285 2119 342 2222 ,nb
369 2119 439 2196 alia
454 2126 554 2218 parte
580 2119 700 2194 altaris
725 2121 821 2194 circa
835 2120 1020 2194 sacristam
1042 2125 1078 2194 et
1097 2117 1209 2193 altare
1224 2125 1399 2192 erautsex

79 2240 197 2317 banchi
208 2244 311 2343 longi
323 2269 388 2343 pro
399 2245 547 2344 prelatis
563 2270 570 2318 :
587 2246 724 2343 primus
735 2245 1010 2342 altariproprior
1019 2245 1084 2319 luit
1094 2268 1160 2343 pro
1175 2243 1396 2341 dignioribus

79 2369 226 2466 prelatiS,
266 2371 435 2446 videlieet
470 2372 691 2463 oratoribus,
720 2378 790 2446 etc.
826 2375 999 2446 cantores
1027 2369 1168 2443 stabant
1193 2369 1230 2442 in
1259 2367 1398 2464 capella

79 2501 164 2569 retro
185 2497 314 2571 altare.
331 2497 498 2572 Sculileri
515 2495 659 2572 stabant
674 2497 709 2569 in
725 2497 833 2594 plano
849 2495 1009 2570 interiori
1025 2495 1062 2568 in
1086 2519 1198 2569 cornu
1218 2491 1397 2588 evangelii

77 2617 198 2711 altaris,
223 2623 329 2720 juxta
350 2605 589 2696 cubicularios
603 2621 697 2696 iuter
711 2645 802 2718 quos
824 2621 934 2696 etiam
954 2621 1070 2694 stabat
1090 2619 1259 2692 soldanus
1276 2617 1397 2714 capel-

78 2742 142 2818 lum
156 2749 250 2843 Pape
268 2768 334 2842 per
347 2751 461 2820 totam
477 2745 623 2819 missam
640 2769 749 2820 manu
765 2743 914 2820 deirtera
929 2769 1092 2820 servans.

120 2870 219 2944 Faria
233 2870 408 2958 secunda,
426 2876 447 2942 d
463 2871 599 2944 mensis
620 2870 788 2968 januarii,
808 2875 921 2944 Rome
938 2869 974 2942 in
990 2869 1146 2944 ecclesia
1161 2895 1189 2942 s.
1208 2868 1399 2944 Salvatoris

78 3017 180 3092 prope
200 3000 366 3070 montem
386 2993 581 3068 Jordanum
601 2995 854 3090 religiosorum
875 2996 1036 3069 habitum
1066 2995 1280 3070 celestinum
1302 2995 1401 3068 dele-

79 3120 234 3210 rentium,
258 3119 438 3216 baptizata
452 3119 518 3192 luit
538 3119 612 3192 filia
632 3119 815 3193 Franciaci
834 3120 920 3194 Cibo
942 3123 1005 3194 SS.
1029 3124 1071 3193 D.
1095 3125 1137 3194 N.
1162 3142 1254 3216 pape
1275 3118 1337 3190 lilii
1359 3143 1403 3191 ex

79 3269 178 3319 uxore
194 3271 275 3337 sua,
291 3245 349 3320 die
362 3244 544 3318 dominica
561 3251 603 3319 13
618 3245 821 3319 decembris
830 3245 993 3343 proxime
1007 3243 1169 3342 preteriti
1180 3247 1293 3316 Rome
1303 3250 1399 3332 nata,

79 3393 135 3465 per
151 3375 296 3445 limum.
321 3375 363 3444 D.
389 3370 609 3444 cardinalem
629 3369 962 3445 vicecancedarium
983 3369 1072 3442 etin
1094 3367 1284 3440 duodecim
1311 3367 1399 3440 alio-

78 3518 149 3568 rum
179 3495 428 3587 cardinalium,
458 3495 624 3570 videlicet
647 3520 655 3569 :
680 3493 919 3592 Neapolitani,
954 3518 982 3566 s.
1018 3493 1141 3580 Marci,
1171 3517 1200 3565 s.
1232 3491 1330 3565 Petri
1354 3492 1399 3564 ad

79 3618 231 3711 Vincula,
251 3645 283 3692 s.
300 3620 413 3695 Mario
428 3620 465 3692 in
482 3621 642 3708 Porticu,
662 3644 691 3693 s.
716 3620 859 3717 Angeli,
875 3619 1144 3716 Portugalensis
1166 3618 1238 3692 sive
1253 3617 1400 3692 Ulixbo-

78 3743 204 3832 nensis,
222 3743 481 3832 Beneuentani,
500 3767 530 3815 s.
551 3743 753 3832 Anastasia,
773 3743 817 3818 de
838 3747 951 3836 Furio,
971 3770 1000 3818 s.
1026 3743 1183 3841 Georgii,
1204 3743 1248 3816 de
1264 3742 1401 3816 Ursinis

69 3857 110 3938 ¹et
123 3868 263 3942 Ascanii
278 3869 472 3966 presentia,
491 3891 646 3964 quorum
662 3869 867 3964 complures
878 3873 1085 3966 compatres
1099 3867 1258 3954 luerunt,
1276 3867 1349 3954 alii,
1363 3872 1401 3938 ut

78 3990 209 4082 albinea,
230 3991 339 4064 ricini
363 3991 551 4065 astiterunt
575 4015 583 4062 :
608 4013 680 4063 non
697 3991 794 4087 potui
818 3997 1169 4096 tamencompatras
1192 3975 1367 4084 procons
1388 4031 1402 4041 -

79 4113 171 4190 sione
192 4117 237 4189 ab
258 4116 337 4190 aliis
360 4115 585 4204 discernere3
609 4115 718 4190 credo
736 4122 859 4190 tamen
880 4139 1021 4204 omnes,
1040 4119 1161 4211 proter
1182 4117 1402 4186 Beneuenta-

78 4262 158 4314 uum
172 4249 207 4316 et
223 4241 408 4331 Ursinum,
426 4241 471 4314 ad
488 4241 824 4338 compaternitatem
839 4246 987 4314 vocatos
1003 4262 1096 4312 esse.

123 4365 220 4440 Prior
245 4366 456 4440 monasterii
487 4366 581 4439 dicte
612 4365 780 4456 ecclesie,
812 4365 957 4463 pluviali
990 4365 1149 4452 indutuS,
1180 4363 1399 4436 induorum

80 4487 222 4564 aliorum
246 4491 397 4564 fratrum
415 4491 578 4588 ejusdem
599 4489 734 4564 ordinis
760 4489 971 4586 pluvialibus
1002 4513 1112 4585 super
1131 4489 1236 4562 cottis
1258 4487 1400 4560 induto-

80 4633 150 4686 rum
170 4613 237 4688 sibi
264 4614 509 4688 assistentium
529 4615 724 4712 presentia,
748 4613 888 4711 peragit
910 4619 1026 4686 totum
1047 4613 1207 4686 osticium
1228 4612 1396 4710 baptismi

80 4744 173 4811 extra
189 4744 331 4836 portam
351 4747 388 4812 et
405 4739 507 4836 juxta
525 4738 646 4812 locum
669 4761 734 4835 pro
756 4737 933 4835 basptimo
953 4738 1170 4826 ordinatum,
1196 4737 1255 4833 qui
1273 4731 1340 4810 'suit
1363 4737 1400 4810 iu

80 4860 191 4936 medio
205 4863 307 4935 chori
324 4885 437 4959 usque
454 4861 499 4936 ad
510 4861 569 4934 illa
583 4861 703 4953 uerba,
722 4862 772 4934 uis
791 4862 972 4958 baptisari,
991 4885 1060 4958 que
1077 4862 1164 4934 dixit
1181 4863 1402 4936 vicecancel-

79 4979 199 5072 larius;
217 4995 254 5060 et
278 4987 407 5061 deinde
431 4985 589 5084 puellam
613 4985 801 5083 baptizavit
825 4991 861 5060 et
881 4985 1011 5060 deinde
1028 4969 1189 5058 officium
1215 5010 1331 5082 usque
1357 4987 1403 5060 ad

80 5103 180 5182 finem
209 5110 362 5209 peregit,
394 5117 500 5210 prout
523 5111 560 5184 iu
584 5133 676 5186 nova
699 5110 961 5209 compositione
991 5110 1035 5184 de
1052 5111 1163 5185 verbo
1180 5117 1216 5186 et
1242 5112 1399 5210 integro,

220 5273 244 5311 r.
261 5274 279 5312 r.
667 5306 669 5311 .
1233 5255 1268 5309 25
