3422 6034
307 473 360 528 360
773 469 949 528 JOHANNlS
974 469 1196 538 Buacnanol,
1487 471 1627 538 [luinttttl

310 624 411 700 altari
440 624 582 722 publice
601 623 746 698 affixam
772 624 809 696 in
836 648 908 721 qua
931 633 967 698 et
994 625 1039 698 de
1068 625 1180 700 missa
1203 626 1361 701 crastina
1376 625 1514 700 ibidem
1539 625 1625 699 cele-

308 751 446 825 branda
469 751 536 826 sibi
559 750 703 824 licentia
725 749 889 824 dabatur.
913 750 1116 847 Registrata
1138 759 1194 826 est
1210 752 1308 826 dicta
1333 719 1432 824 bulla
1457 749 1495 822 in
1519 751 1627 846 primo

310 897 393 949 unco
403 874 494 948 libro
510 875 922 952 ceremoniarummanu
938 899 1021 952 mea
1041 877 1191 975 scripto,
1214 879 1277 953 lol.
1301 883 1382 969 ¹48,
1401 875 1629 952 cardinalibus

310 989 536 1099 presentibus
555 1028 562 1073 :
578 1002 701 1076 omnia
715 1001 903 1077 observata
914 1010 997 1077 sunt
1012 1004 1048 1078 in
1065 1003 1124 1076 luis
1134 1004 1294 1102 vesperis
1308 1010 1416 1102 prout
1430 1004 1471 1077 in
1481 1025 1631 1078 commc-

311 1125 610 1200 nialiordinatur.
670 1143 671 1146 ’

360 1251 463 1326 Faria
491 1231 662 1343 secunda,
695 1258 739 1326 29
769 1254 874 1350 junii,
908 1256 1041 1330 testum
1066 1254 1315 1352 apostolorum
1344 1253 1444 1328 Petri
1468 1260 1507 1328 et
1529 1256 1630 1346 Pauli,

311 1375 526 1471 magnificus
542 1377 709 1452 Nicolaus
726 1378 888 1464 Ursinus,
910 1379 1062 1454 Pitiliani
1077 1401 1216 1469 comes,
1236 1378 1273 1451 in
1290 1401 1398 1452 mane
1414 1387 1502 1477 post
1518 1381 1632 1454 horam

312 1525 459 1588 nonam,
481 1526 565 1576 oum
589 1509 695 1600 gente
721 1528 785 1578 sua
805 1503 882 1578 sine
901 1505 1022 1596 armis,
1048 1505 1208 1579 venit‘ad
1224 1503 1409 1602 palatium,
1434 1504 1568 1582 deinde
1590 1507 1633 1580 sic

313 1629 445 1705 reversi
472 1635 555 1704 sunt
589 1629 635 1702 ad
664 1628 823 1727 hospitia
854 1653 931 1720 sua,
961 1632 1021 1704 ubi
1044 1655 1083 1706 se
1107 1639 1305 1725 armarunt,
1335 1633 1496 1730 demptis
1525 1639 1633 1706 tamen

313 1754 506 1844 nobilibuS,
527 1754 588 1851 qui
603 1778 687 1828 cum
701 1755 833 1829 comite
855 1763 1066 1830 manserunt
1085 1759 1256 1850 inermes,
1278 1781 1343 1832 suo
1360 1764 1530 1855 tempore
1549 1779 1635 1830 arma

314 1879 496 1976 accepturi
510 1905 517 1954 :
536 1877 666 1956 deinde
678 1881 740 1956 SS.
761 1883 803 1956 Ι).
819 1884 862 1955 N.
877 1887 1023 1978 paratus
1039 1905 1141 1956 more
1153 1883 1272 1975 solito,
1290 1883 1446 1958 venitad
1462 1881 1635 1956 basilicam

313 2003 485 2103 principis
500 2003 759 2101 apostolorum,
777 2005 909 2080 comite
923 2005 1070 2080 Nicolao
1084 2009 1246 2104 predicto
1263 2007 1424 2082 fimbrias
1440 2031 1489 2081 ex
1503 2029 1635 2082 camera

313 2129 491 2227 pepegelli
520 2128 566 2202 ad
591 2129 734 2204 tertiam
758 2129 890 2220 aulam,
922 2132 982 2205 nbi
1012 2137 1110 2230 Papa
1146 2132 1270 2208 sedem
1297 2133 1480 2223 ascendit,
1509 2132 1546 2204 in
1575 2155 1635 2228 qua

313 2260 476 2352 portatus
505 2262 572 2346 est,
610 2254 808 2330 deferente.
846 2260 971 2330 Rmus.
1007 2261 1050 2331 Ι).
1087 2258 1280 2332 cardinalis
1312 2257 1427 2332 sancti
1464 2257 1559 2332 Petri
1595 2255 1633 2330 ad

313 2380 465 2457 Vincula
489 2380 681 2455 celebravit
704 2381 853 2456 missam
881 2383 1081 2458 solemnem
1101 2383 1138 2457 in
1162 2384 1382 2483 paramentis
1403 2383 1530 2458 rubeis
1547 2405 1636 2458 mora

316 2505 433 2580 solito.
450 2505 566 2580 Finita
580 2505 779 2582 elevatione
797 2509 1025 2600 sacramenti,
1043 2517 1235 2607 postquam
1251 2513 1295 2587 D.
1312 2515 1438 2584 noster
1455 2508 1505 2583 ad
1519 2509 1636 2584 solium

315 2630 433 2721 rediit,
455 2653 578 2703 coines
595 2630 777 2727 predictus
793 2654 875 2705 curn
891 2631 1070 2706 nobilibus
1089 2633 1163 2707 suis
1183 2637 1242 2732 qni
1261 2659 1385 2712 secum
1401 2646 1524 2727 erant,
1543 2636 1637 2711 exivit

317 2756 492 2853 capellam
519 2761 555 2829 et
574 2755 634 2829 ivit
652 2755 698 2830 ad
717 2779 880 2832 cameras
905 2757 1140 2832 habitationis
1162 2763 1206 2832 R.
1233 2764 1275 2834 Ι).
1304 2761 1397 2836 Celsi
1420 2762 1468 2836 de
1492 2761 1636 2836 Melliuis

316 2878 476 2979 episcopi
503 2880 700 2972 Feretrani,
730 2880 791 2955 ubi
817 2905 917 2956 arma
944 2883 1084 2981 accepit
1109 2892 1304 2972 consueta;
1329 2886 1464 2983 quibus
1488 2887 1634 2976 indutus,

315 3005 482 3080 rediitad
497 3005 672 3103 capellam
695 3012 816 3080 tamen
837 3007 923 3082 satis
945 3007 1059 3098 tarde,
1083 3010 1168 3104 quia
1194 3010 1255 3084 diu
1270 3019 1391 3098 antea,
1417 3011 1637 3086 missatiuita

317 3135 407 3219 erat,
419 3129 458 3200 in
470 3129 572 3225 cujus
585 3128 657 3200 sune
672 3133 796 3203 Rmus.
816 3134 859 3204 Ι).
876 3131 1067 3206 cardinalis
1082 3133 1196 3207 sancti
1212 3135 1307 3210 Petri
1319 3136 1365 3210 ad
1381 3135 1539 3213 Vincula
1551 3135 1636 3208 cele-

316 3254 423 3328 brans
439 3253 685 3350 pronuntiavit
704 3255 838 3352 populo
855 3255 1033 3352 plenarias
1052 3257 1293 3355 indulgentias
1312 3285 1379 3358 per
1396 3265 1534 3360 Papam
1556 3283 1635 3335 con-

317 3402 451 3452 cessas.

366 3507 451 3578 Post
472 3505 626 3578 reditum
653 3507 794 3581 comitis
821 3507 867 3582 ad
892 3509 1081 3608 capellam,
1115 3515 1156 3586 Ι).
1187 3513 1371 3588 lohannes
1394 3517 1542 3589 Gerena
1563 3535 1634 3587 cum

316 3629 444 3702 vexillo
459 3653 642 3704 armorum
660 3636 769 3729 Papa,
787 3639 823 3708 et
838 3635 881 3706 Ι).
906 3633 1080 3728 Sinullus,
1097 3661 1241 3713 camere
1262 3637 1461 3736 apostolice
1475 3638 1631 3725 clericus,

317 3778 400 3838 cum
423 3755 550 3830 vexillo
579 3780 764 3832 armorum
789 3759 948 3834 Ecclesia
974 3785 1082 3858 super
1104 3762 1265 3853 brachia,
1297 3787 1379 3838 cum
1406 3763 1540 3838 baculo
1561 3762 1632 3838 albo

318 3881 611 3955 intransversum
641 3882 797 3981 desuper
830 3885 947 3982 posito
974 3886 1058 3982 quia
1088 3887 1139 3962 ita
1168 3888 1304 3984 placuit
1340 3891 1384 3962 Ι).
1419 3887 1631 3962 Bernavdiuo

318 4005 537 4080 cubiculario
564 4015 703 4082 secreto
727 4007 842 4106 (cujus
866 4033 990 4086 amore
1012 4011 1049 4085 id
1075 4011 1152 4087 fieri
1176 4013 1336 4111 permisi,
1354 4012 1443 4086 alias
1466 4037 1541 4087 nou
1560 4035 1633 4085 con-

318 4130 482 4206 veniebat
511 4153 555 4206 eo
582 4132 690 4206 modo
715 4139 857 4229 portare
887 4134 1056 4210 baculum
1083 4160 1165 4211 cum
1191 4159 1265 4210 non
1292 4136 1337 4210 sit
1361 4133 1630 4228 benedicendus)

319 4258 562 4332 ascenderunt
576 4259 622 4332 ad
636 4258 857 4354 pontificem,
880 4259 939 4356 qui
960 4260 1021 4334 illa
1037 4260 1221 4335 benedixit
1240 4265 1347 4358 prout
1368 4260 1406 4332 iu
1426 4257 1629 4358 pontificali:

319 4383 449 4457 deinde
482 4383 652 4480 imposuit
680 4383 882 4474 incensum,
919 4385 1146 4460 ministrante
1183 4389 1288 4458 Rmo.
1321 4389 1364 4459 Ι).
1404 4383 1631 4458 cardinales.

318 4508 459 4606 angeli,
484 4509 636 4606 aspersit
654 4515 689 4583 et
709 4509 906 4586 incensavit
924 4533 1026 4585 more
1046 4510 1174 4598 solito;
1200 4509 1345 4601 deinde,
1368 4509 1502 4586 comite
1524 4529 1630 4583 noran

320 4659 359 4710 se
375 4634 654 4731 genuflectente,
676 4635 737 4710 illa
756 4635 957 4712 successive
979 4637 1045 4710 sihi
1062 4635 1219 4725 tradidit,
1241 4635 1358 4732 primo
1380 4657 1499 4726 suum,
1521 4641 1630 4732 postea

320 4759 478 4834 Ecclesie
493 4759 621 4834 vexilla
636 4761 701 4833 sub
717 4761 832 4834 verbis
847 4762 883 4834 in
899 4761 1094 4858 pontificali
1107 4759 1299 4850 annotatis,
1319 4759 1464 4834 tandem
1480 4757 1627 4834 baculum

319 4883 439 4958 album
460 4885 720 4982 supradictum,
742 4885 802 4982 qui
827 4886 1062 4984 longitudinis
1087 4893 1164 4960 erat
1192 4885 1396 4983 palmorum
1417 4895 1566 4984 quatuor
1583 4879 1627 4953 vel

319 5007 412 5083 circa
428 5031 435 5096 ;
453 5007 489 5079 in
503 5010 604 5105 cnjus
627 5009 815 5083 traditione
842 5013 949 5107 Papa,
971 5009 1048 5084 sine
1065 5010 1172 5102 libro,
1192 5011 1417 5108 hujusmodi,
1442 5011 1496 5086 vel
1514 5005 1626 5083 similia

319 5133 428 5206 uerba
455 5133 600 5230 protulit
626 5163 632 5206 :
652 5136 784 5231 Accipe
812 5135 974 5206 duculum
1002 5136 1232 5226 erectoritutis,
1250 5136 1436 5233 potestatis
1459 5147 1494 5210 et
1509 5151 1624 5206 eorrec-
