3496 6056
347 443 397 498 {30
784 439 959 498 JOHANNIS
984 439 1204 514 concauam,
1472 443 1648 510 [lanuarias]

347 597 406 670 ubi
423 597 553 671 sedens
568 598 612 670 ad
627 596 800 694 populum
820 621 954 701 versus,
979 598 1090 672 altare
1111 597 1258 672 renibus
1277 598 1402 690 versis,
1424 598 1510 674 iecit
1531 623 1650 695 parram

348 723 547 797 orationem
570 746 633 796 seu
658 746 878 814 sermonem,
900 723 1058 797 vitamet
1079 729 1217 820 partem
1242 724 1500 798 miraculorum
1525 748 1554 796 s.
1580 729 1651 799 Leo
1732 719 1733 728 '

347 849 445 945 poldi
464 849 638 924 referens.
666 853 744 936 Quo
760 849 855 924 sacto
883 851 980 946 Papa
1001 849 1153 925 surrexit
1177 849 1221 922 de
1244 850 1330 924 sede
1355 874 1463 946 quam
1487 849 1533 922 ad
1557 851 1652 924 statim

348 974 560 1064 amovimus,
579 980 615 1050 et
637 974 834 1072 genuflexit
853 975 889 1048 in
908 974 1105 1049 faldistorio
1125 974 1221 1070 quod
1238 999 1282 1048 ex
1303 984 1386 1049 tuuc
1406 975 1443 1048 in
1467 975 1573 1071 plano
1590 983 1652 1048 anu

349 1102 571 1200 superiorem
596 1101 744 1198 gradum
769 1101 890 1174 altaris
915 1100 979 1174 sibi
1007 1100 1263 1190 ordinavimus,
1289 1099 1439 1200 mitram¹
1457 1099 1609 1174 retinens
1628 1103 1654 1174 in
1733 1097 1734 1104 '

349 1227 466 1326 capito
491 1255 498 1300 :
527 1232 563 1300 et
592 1232 780 1300 cautorum
808 1227 878 1300 duo
905 1232 988 1300 ante
1017 1225 1216 1300 scabellum
1247 1226 1284 1298 in
1309 1226 1430 1300 medio
1459 1225 1562 1299 chori
1583 1226 1656 1300 inter

349 1352 509 1428 banobos
531 1351 781 1451 presbyterum
806 1358 842 1426 et
863 1351 1097 1426 diaconorum
1122 1351 1356 1426 cardinalium
1376 1351 1548 1449 positum,
1572 1375 1657 1448 super
1732 1373 1734 1414 2

347 1501 418 1575 quo
443 1478 535 1552 liber
556 1477 695 1575 positus
714 1486 805 1567 erat,
823 1477 1016 1574 genuflexi,
1039 1477 1086 1550 ad
1104 1477 1215 1551 altare
1235 1477 1342 1568 versi,
1367 1477 1580 1574 inceperunt
1595 1477 1658 1550 lita-
1734 1479 1735 1544 ;

347 1604 443 1677 niam
468 1604 629 1678 dicentes
651 1601 751 1698 lryric
774 1603 914 1690 eleison,
942 1603 1020 1676 aliis
1043 1603 1250 1676 cantoribus
1275 1604 1311 1676 in
1336 1627 1401 1676 suo
1426 1603 1507 1678 loco
1529 1603 1659 1700 genibus

347 1731 449 1806 tlexis
465 1729 779 1828 respondentibus,
796 1753 905 1826 quam
922 1729 1096 1827 usquead
1114 1729 1227 1803 linem
1242 1737 1324 1803 sunt
1339 1729 1563 1826 prosequuti,
1581 1729 1659 1802 nulla

350 1863 471 1930 tumen
486 1857 521 1928 in
539 1879 583 1930 ea
597 1855 640 1929 de
657 1879 686 1930 s.
703 1855 884 1952 Leopoldo
901 1855 995 1928 lacta
1010 1855 1207 1928 mentione.

397 1980 514 2054 Finita
536 1980 683 2070 letania,
714 1984 825 2052 Rmus
850 1984 893 2054 D.
926 1980 1117 2054 cardinalis
1140 1980 1325 2070 Senensis,
1354 1980 1556 2055 adexteris
1585 1983 1661 2076 Papa
1735 2005 1736 2046 ;

349 2105 534 2197 assistens,
565 2110 663 2178 stans
690 2129 810 2180 versus
839 2106 884 2178 ad
912 2106 1084 2204 populum
1108 2105 1207 2197 dixit,
1234 2107 1377 2181 detecto
1398 2106 1516 2205 capite
1535 2131 1543 2180 :
1562 2117 1658 2178 orale.

348 2235 452 2322 Tum,
479 2230 652 2329 depositis
679 2235 775 2328 Papa
799 2237 834 2304 et
859 2231 1100 2304 cardinalibus
1127 2253 1168 2306 ac
1188 2231 1334 2329 prelatis
1354 2231 1524 2306 omnibus
1550 2229 1662 2306 mitris.

348 2356 529 2455 genuflexi
552 2380 679 2431 ornnes
702 2363 893 2432 oraverunt
917 2357 962 2429 ad
990 2356 1152 2453 spacium
1172 2357 1324 2431 duorum
1342 2363 1446 2455 pater
1471 2363 1596 2432 noster
1619 2353 1662 2428 rel
1736 2403 1737 2426 2

348 2483 457 2556 circa,
487 2481 624 2556 Deinde
646 2486 768 2554 Rmus.
794 2485 837 2554 o.
867 2481 1058 2556 cardinalis
1083 2506 1112 2554 s.
1138 2483 1284 2580 Georgii
1306 2483 1351 2556 ad
1376 2483 1560 2556 sinisiram
1585 2487 1663 2578 Papo
1736 2511 1737 2550 1

350 2607 535 2696 assistens,
561 2614 659 2681 stans
684 2607 728 2682 ad
754 2593 926 2705 populum
952 2630 1088 2696 versus,
1113 2607 1201 2680 dixit
1222 2607 1326 2682 simili
1349 2632 1435 2682 voce
1456 2632 1464 2680 :
1487 2609 1609 2680 lenate.
1632 2610 1665 2678 Et

350 2736 582 2804 surrexerunt
605 2752 745 2820 omnes
770 2739 806 2806 et
833 2736 929 2830 Papa
951 2732 1028 2806 siue
1053 2733 1159 2806 mitra
1185 2739 1283 2806 stans
1314 2733 1350 2806 in
1373 2733 1503 2808 eodem
1527 2733 1609 2808 loco
1631 2730 1666 2804 ad
1736 2766 1737 2773 κ

350 2855 460 2928 altare
481 2879 605 2930 versus
625 2854 711 2928 dixit
729 2855 765 2927 in
789 2864 921 2932 cantu:
949 2856 1037 2930 Veni
1057 2870 1191 2930 creator
1210 2859 1368 2954 spirituc,
1392 2883 1437 2932 ex
1457 2859 1553 2932 libro
1573 2879 1666 2954 quan

350 3008 440 3058 unus
457 2985 709 3084 episcoporum
724 2979 983 3073 assistentium
1001 3006 1074 3056 noo
1091 2981 1294 3074 cardinalis,
1312 3007 1436 3059 coram
1452 3008 1497 3059 cn
1514 2983 1667 3068 tenebat3

351 3109 621 3184 convenientius
644 3109 753 3184 ctiam
779 3109 894 3206 ipsum
913 3107 1242 3182 librumtenuisset
1264 3108 1362 3206 prior
1384 3109 1669 3207 presbyterorum

351 3235 610 3324 cardinalium
651 3241 819 3309 cantores
856 3230 1037 3330 prosecuti
1073 3236 1155 3304 suut
1188 3237 1224 3304 et
1259 3233 1533 3331 compleverunt
1568 3239 1670 3308 tolum

350 3361 539 3460 hymnum.
559 3365 667 3458 Papa,
685 3385 729 3436 eo
746 3361 903 3457 incepto,
922 3357 1130 3456 genuflexit,
1147 3359 1498 3454 sedmanensusque
1514 3357 1671 3448 adfinem

352 3486 456 3584 primi
474 3509 611 3558 versus.
639 3491 716 3572 Quo
739 3487 850 3578 dicto,
876 3494 1025 3584 accepta
1046 3487 1165 3574 mitra,
1192 3484 1355 3560 ascendit
1377 3483 1422 3558 ad
1447 3483 1593 3574 solium,
1623 3481 1671 3552 ubi

352 3613 514 3709 deposita
543 3614 649 3686 mitra
677 3613 774 3686 stetit
800 3613 845 3686 ad
872 3611 983 3686 finem
1011 3609 1135 3709 hymni
1166 3639 1173 3683 :
1204 3631 1275 3707 quo
1307 3607 1488 3704 completo
1516 3613 1672 3682 cantores

353 3737 520 3810 dixerunt
538 3762 681 3813 versum
704 3766 711 3811 :
734 3737 868 3811 Emitte
882 3737 1043 3834 spiritum
1060 3747 1159 3808 tuum
1183 3747 1247 3810 etc.
1270 3738 1360 3808 Tum
1380 3733 1558 3832 pontifex,
1577 3734 1673 3806 abso-

352 3861 441 3952 luto,
459 3865 546 3938 dixit
569 3865 716 3938 Oramus
734 3869 770 3938 et
792 3863 991 3938 orationem
1008 3862 1102 3936 Deus
1122 3863 1184 3960 qui
1202 3858 1306 3936 corda
1325 3860 1484 3955 fidelium
1499 3871 1584 3950 eta,
1601 3881 1674 3958 pre-

352 3988 449 4064 dicto
464 3991 634 4087 episcopo
649 3989 838 4064 assistente
856 4012 929 4062 non
947 3987 1118 4062 cardinali
1134 3987 1265 4062 librum
1288 3991 1448 4060 tenente.
1472 3989 1551 4072 Qua
1570 3985 1673 4068 finio,

353 4119 519 4189 cantores
554 4115 819 4213 responderunt
845 4113 974 4188 Amen.
1012 4112 1079 4185 Ubi
1108 4111 1204 4186 facta
1235 4117 1290 4186 est
1325 4110 1511 4184 conclusio
1546 4111 1676 4207 absque

351 4239 527 4312 Dominus
541 4242 714 4314 vobiscum
731 4241 784 4314 vel
798 4239 1051 4314 Benedicomus
1066 4237 1233 4330 Dourion,
1252 4242 1288 4312 et
1302 4239 1399 4335 Papa
1409 4236 1516 4327 sedit,
1535 4241 1677 4333 accepta

355 4366 471 4442 mitra.

404 4496 494 4566 Tum
514 4495 557 4566 D.
579 4492 791 4566 Franciscus
815 4490 859 4566 de
880 4489 1001 4564 Padua
1023 4488 1217 4564 advocatus
1237 4488 1511 4586 consistorialis,
1539 4485 1679 4564 uomina

355 4619 662 4694 canonizationem
677 4618 884 4717 hujusmodi
896 4615 1131 4705 sollicitantis,
1144 4615 1204 4712 qui
1220 4616 1257 4690 id
1270 4618 1390 4690 lacere
1404 4616 1575 4706 debebat,
1589 4621 1679 4687 stans

357 4743 392 4816 in
407 4744 513 4840 plano
530 4743 705 4842 cappello,
724 4751 806 4818 aute
828 4745 991 4822 infimum
1008 4747 1159 4844 gradum
1180 4744 1259 4820 solii
1283 4747 1392 4840 Papo,
1416 4741 1519 4838 petiit
1538 4737 1680 4814 canoni-

355 4869 425 4940 zari
441 4869 588 4942 beatum
605 4872 841 4969 Leopoldum,
860 4871 985 4946 dicens
1005 4901 1011 4946 :

407 5028 423 5063 a
442 4998 654 5071 Beatissimo
671 5001 787 5089 Pater,
807 5021 874 5094 ego
896 4967 1107 5072 Franciscus
1123 4997 1167 5070 de
1185 4994 1316 5086 Padus,
1334 4992 1530 5066 advocatus
1544 4987 1680 5066 consis-

357 5121 506 5210 torialis,
525 5123 773 5219 procuratorio
798 5125 945 5201 nomine
968 5125 1186 5200 serenissimi
1206 5121 1377 5222 principis
1402 5116 1612 5206 cidamini,
1637 5118 1677 5188 D.
