3424 6038
304 459 358 516 308
761 445 936 509 JOHANNIS
960 449 1182 519 BURCHARDI,
1493 447 1549 510 [Vei
1565 447 1624 510 tiltt

305 611 479 685 Columna
494 613 670 682 venerunt
690 605 891 692 successive
917 606 963 679 ad
981 603 1234 680 honorandum
1250 601 1438 674 basilicam
1460 599 1625 696 apostolo

304 759 383 808 rum
399 733 603 822 duodecim,
622 730 836 828 apudquam
847 734 971 803 Rmus.
994 733 1035 804 D.
1051 727 1242 804 cardinalis
1260 751 1289 798 s.
1309 725 1404 799 Petri
1424 723 1474 798 ad
1488 723 1626 798 Vincula

304 859 437 933 residet
463 859 522 954 qui
550 879 676 931 omnes
704 855 860 952 benigne
886 854 1045 950 suscepit
1069 861 1107 925 ut
1128 851 1239 926 moris
1270 857 1325 924 est
1349 855 1385 922 et
1417 848 1456 920 in
1487 846 1629 920 ecclesia

304 1007 431 1058 omnes
453 1005 560 1079 supra
582 1005 620 1054 se
645 979 765 1077 posuit
789 987 824 1052 et
853 979 930 1076 ipse
954 979 1119 1052 ultimum
1150 977 1271 1051 locum
1296 973 1466 1050 obtinuit.
1493 971 1626 1044 Missam

303 1105 495 1181 celebravit
511 1109 552 1178 lt.
571 1108 609 1177 P.
635 1107 677 1176 D.
703 1107 844 1176 Marcus
868 1103 1163 1202 archiepiscopus
1190 1101 1400 1177 Colocensis
1417 1098 1467 1197 pt)
1486 1098 1524 1172 in
1538 1123 1629 1195 para-

304 1232 434 1306 mentis
458 1230 593 1318 rubeis,
622 1236 657 1302 et
689 1251 762 1301 non
784 1228 849 1301 init
874 1251 1009 1307 sermo.
1037 1227 1219 1301 Assistens
1245 1226 1343 1300 dedit
1369 1247 1504 1322 pacem
1525 1223 1628 1322 primo

303 1356 488 1453 episcopo,
512 1355 629 1452 primo
656 1353 881 1452 presbytero,
914 1355 1032 1451 primo
1052 1354 1206 1426 diacono
1227 1350 1490 1440 cardinalibus,
1515 1348 1631 1422 deiude

306 1481 528 1554 cardinalis.
553 1480 648 1553 Petri
669 1479 715 1552 ad
737 1480 891 1554 Vincula
906 1479 986 1568 soli,
1009 1485 1136 1576 postea
1153 1477 1232 1550 aliis
1258 1499 1359 1550 more
1377 1475 1499 1550 solito.
1520 1477 1557 1546 ln
1572 1474 1632 1547 fine

305 1607 502 1680 missenon
518 1605 583 1678 tuit
598 1605 779 1703 publicata
799 1605 920 1701 aliqua
938 1603 1176 1700 indulgentia,
1199 1585 1285 1699 qu'ia
1308 1602 1359 1676 sic
1381 1600 1522 1699 placuit
1540 1605 1630 1674 limo.

306 1736 349 1806 D.
368 1730 566 1804 cadinalis.
586 1730 680 1806 Petri
698 1729 743 1803 ad
758 1729 911 1804 Vincula
928 1729 1083 1825 pretato.
1105 1727 1242 1802 Deinde
1262 1727 1485 1826 principales
1507 1750 1550 1800 ex
1565 1749 1633 1800 aar·

307 1855 483 1930 dinalibus
517 1859 769 1928 remanserunt
803 1853 839 1926 in
871 1853 1021 1950 prandio
1056 1876 1139 1926 cum
1175 1852 1356 1927 cardinale
1389 1852 1554 1950 pretato;
1583 1849 1631 1924 alii

309 1985 537 2054 recesserunt
553 1980 648 2052 etad
664 1978 792 2052 domos
808 2002 892 2050 suas
909 1978 1106 2051 redierunt.

357 2105 462 2179 Feria
477 2103 612 2200 quinta,
630 2109 650 2176 8
665 2103 801 2177 mensis
818 2103 915 2192 rnaii,
940 2107 982 2176 D.
1007 2102 1192 2176 Dorothea
1214 2103 1323 2176 Dacia
1346 2103 1473 2200 regina
1489 2127 1534 2176 ex
1549 2101 1629 2174 t'rbc
1695 2140 1698 2151 ·

309 2228 474 2318 recessit,
494 2228 540 2301 ad
556 2228 709 2325 patriam
733 2251 835 2300 suam
854 2227 1025 2302 reditura.
1049 2231 1140 2300 Nam
1161 2230 1224 2302 SS.
1247 2231 1291 2300 Ι).
1314 2232 1374 2318 Ν.,
1397 2229 1442 2302 ad
1464 2225 1628 2323 supplica·
1690 2240 1696 2301 t

310 2351 445 2425 tionem
463 2352 560 2425 llius.
573 2351 749 2426 lobannis
768 2352 877 2425 Dacie
894 2351 1004 2449 regis,
1028 2352 1189 2448 predicte
1205 2353 1329 2449 regine
1345 2353 1422 2442 filii,
1440 2377 1508 2450 per
1522 2351 1628 2424 literas
1690 2342 1697 2453 ξ

311 2475 377 2548 sibi
393 2475 538 2566 tactam,
557 2475 774 2571 dispensavit
789 2498 872 2549 cum
891 2475 1019 2549 eadem
1041 2475 1167 2572 regina
1187 2499 1232 2550 ne
1253 2477 1482 2552 Hierusalem
1501 2476 1627 2550 visitare
1688 2456 1695 2539 ἴ

310 2601 480 2690 deberet;
508 2601 572 2674 sed
594 2601 690 2698 quod
715 2601 761 2676 ad
784 2624 937 2698 regnum
964 2625 1069 2674 suurn
1092 2601 1227 2676 rediret
1242 2573 1412 2676 indulsit.
1437 2605 1528 2690 Hec,
1557 2619 1626 2673 cnm

310 2751 496 2800 recessura
519 2733 627 2818 esset,
662 2727 800 2823 rogarit
825 2730 866 2798 lt.
894 2729 934 2799 P.
968 2729 1011 2800 o.
1039 2726 1242 2800 iohannem
1272 2725 1485 2824 episcopum
1506 2729 1627 2798 Torna-
1686 2726 1694 2835 l

312 2874 474 2940 censem,
502 2851 622 2948 palatii
648 2851 835 2948 apostolici
860 2850 989 2924 domus
1017 2851 1243 2948 magistrum,
1273 2857 1310 2924 ut
1334 2851 1519 2925 ordinaret
1544 2845 1626 2944 quod
1687 2848 1694 2951 t

312 2976 436 3050 RRmi.
471 2978 547 3048 Dl).
577 2975 777 3050 cardinales
801 2983 862 3049 aut
894 2999 1022 3050 eorum
1050 2976 1246 3052 familiares
1275 2983 1312 3050 et
1348 2975 1477 3073 prelati
1504 2998 1541 3050 se
1564 2995 1624 3044 non
1687 2964 1694 3051 t

309 3099 624 3175 incommodarent
652 3102 689 3172 in
727 3100 943 3176 associando
979 3126 1075 3193 eam,
1113 3106 1221 3200 prout
1257 3101 1368 3175 moris
1408 3109 1520 3192 esset,
1557 3096 1627 3193 quia
1688 3086 1695 3161 ἰ

308 3226 465 3300 venisset
480 3249 589 3299 causa
608 3225 807 3300 devotionis
827 3234 861 3300 et
884 3226 996 3300 nollet
1016 3227 1147 3323 cuique
1168 3249 1249 3302 esse
1268 3227 1441 3318 molesta;
1464 3232 1500 3300 et
1517 3224 1577 3312 sio,
1592 3221 1629 3292 de

309 3351 478 3426 mandato
493 3355 556 3426 SS.
578 3355 620 3424 D.
645 3355 704 3442 N.,
729 3357 922 3448 postquam
946 3351 1072 3449 regine
1095 3351 1145 3424 ita
1165 3350 1311 3448 placuit,
1342 3356 1398 3425 est
1422 3350 1626 3425 ordinatum.

311 3476 383 3550 Sed
404 3500 585 3566 cursores,
613 3499 691 3551 rem
716 3476 810 3550 male
834 3475 1092 3574 intelligentes,
1113 3475 1195 3550 beri
1220 3499 1369 3572 uespere
1391 3476 1534 3550 illimis.
1561 3475 1627 3548 bb.

310 3600 549 3676 cardinalibus
564 3601 730 3676 omnibus
753 3601 962 3675 intimarunt
978 3601 1076 3698 quod
1099 3601 1341 3697 personaliter
1357 3601 1467 3676 bodie
1487 3601 1576 3675 bora
1588 3616 1630 3669 sn

310 3725 430 3799 venire
447 3725 621 3800 deberent
637 3727 683 3800 ad
702 3725 954 3801 associandum
977 3727 1139 3822 reginam
1160 3735 1262 3802 extra
1284 3728 1436 3818 Urbem3
1455 3734 1493 3802 et
1511 3727 1554 3801 ad
1570 3725 1630 3796 boc

311 3851 535 3941 mandatum,
564 3851 688 3924 RRmi.
716 3856 793 3925 bb.
821 3851 1023 3926 cardinales
1047 3877 1077 3924 s.
1102 3852 1196 3927 Petri
1218 3853 1264 3928 ad
1284 3854 1451 3944 Vincula,
1477 3853 1632 3946 Andega-

309 3975 428 4048 vensis
449 3981 485 4050 et
508 3976 683 4050 Columna
705 3977 750 4050 ad
770 3977 941 4074 palatium
966 3977 1220 4076 apostolicum,
1244 3979 1416 4054 Senensis
1436 4003 1534 4070 vero,
1555 3981 1631 4050 Par-

310 4100 461 4190 mensis,
477 4101 521 4174 de
537 4104 563 4174 F
567 4124 649 4190 uxo,
668 4107 704 4175 et
719 4101 763 4176 de
785 4102 923 4176 Ursinis
944 4103 990 4176 ad
1005 4103 1189 4177 basilicam
1209 4103 1381 4202 principis
1401 4104 1630 4202 apostolorum

311 4225 356 4324 de
374 4227 467 4300 Urbe
491 4234 667 4300 venerunt
681 4227 773 4300 hora
787 4227 949 4324 predicta
964 4228 1038 4319 ubi,
1052 4253 1135 4304 cum
1148 4229 1410 4305 intellexissent
1427 4227 1632 4330 suprascrip

313 4355 383 4423 tam
400 4353 463 4425 SS.
484 4355 526 4423 b.
545 4354 587 4423 N.
608 4351 886 4443 ordinationem,
902 4353 1125 4430 domossuas
1137 4355 1334 4446 redierunt,
1349 4362 1386 4430 et
1399 4380 1558 4432 cursores
1571 4373 1629 4450 pb)

311 4499 437 4548 eorum
450 4499 572 4550 errore
588 4476 701 4573 puniti
718 4477 734 4548 l
734 4485 876 4551 uerunt.
896 4478 1035 4574 Regina
1049 4487 1171 4555 autem
1183 4481 1227 4553 ab
1241 4480 1412 4578 episcopo
1426 4471 1628 4556 Tornacensi

312 4605 450 4674 tantum
466 4623 550 4673 cum
566 4601 689 4697 paucis
710 4625 754 4675 ex
775 4601 1004 4677 cubiculariis
1025 4611 1060 4680 et
1079 4604 1257 4680 scutiferis
1275 4609 1371 4702 Papc
1391 4613 1492 4680 extra
1509 4604 1626 4678 Urbem

311 4724 573 4820 aliquantulum
589 4726 765 4800 associata
779 4728 943 4802 recessit.

357 4849 460 4922 Feria
475 4856 682 4954 quartalli
697 4851 833 4925 mensis
854 4853 951 4944 maii,
974 4853 1094 4950 uigilia
1112 4855 1336 4930 ascensionis
1356 4856 1501 4930 Domini
1514 4849 1620 4938 nostri,

347 5125 370 5178 l.
390 5121 564 5179 Archerecbe
578 5123 612 5180 da
626 5125 751 5196 Kalama,
767 5143 801 5182 en
816 5126 944 5201 llongrie.
