3422 6034
56 482 180 553 [naturae]
371 475 497 532 RERUM
523 475 748 534 URBANARUM
772 475 1035 535 COMMENTARH.
1317 483 1367 540 tlt

52 639 129 715 etde
144 633 321 709 Columna
340 631 482 704 diaconi
504 631 707 706 cardinales
727 634 1012 729 pronunciatum
1032 635 1167 732 populo
1188 637 1369 735 plenarias

52 758 276 856 indulgentias
289 779 355 853 per
369 759 503 852 Papam
521 778 728 830 concessas.
754 758 995 832 lnterluerunt
1011 759 1132 836 olticio
1146 769 1182 836 et
1195 761 1369 838 benedic-

51 888 123 962 tioni
137 881 349 980 hujusmodi
364 887 526 954 oratores
537 882 633 978 regis
644 881 874 973 Ferdinandi,
885 887 1107 960 Venetorum
1123 893 1161 960 et
1173 887 1366 964 Mediolani

49 1013 164 1086 ducum
180 1016 217 1083 et
234 1007 384 1082 dominii
400 1006 598 1080 Florentini
615 1013 738 1081 elnon
755 1008 828 1080 alii.

81 1137 177 1211 Feria
192 1141 308 1220 sexta,
328 1137 373 1204 28
389 1132 487 1221 maii,
507 1135 569 1205 SS.
589 1137 631 1204 Ι).
646 1135 674 1204 N
681 1189 705 1218 .,
719 1133 905 1209 intellecto
918 1135 1016 1230 quod
1028 1145 1150 1212 orator
1161 1141 1257 1234 regis
1274 1143 1383 1215 Nea--

48 1261 179 1360 politani
195 1264 340 1357 pararet
357 1281 458 1330 arma
471 1281 537 1354 pro
552 1257 730 1332 veniendo
744 1258 789 1330 ad
802 1283 970 1354 vesperas
985 1261 1019 1333 in
1034 1263 1155 1358 vigilia
1171 1267 1368 1338 Pentecos-
1387 1239 1391 1248 ’

48 1396 91 1461 tes
105 1394 136 1459 et
153 1391 295 1460 armata
314 1407 422 1456 manu
442 1382 563 1455 locum
584 1406 689 1456 suum
710 1385 936 1481 accipiendo,
959 1389 1141 1462 commisit
1159 1389 1248 1462 mihi
1270 1389 1367 1486 quod

47 1512 103 1582 boc
129 1509 271 1582 Rllmis.
310 1511 383 1581 Db.
416 1507 725 1596 vicecancellario,
760 1509 1025 1606 andegavensi,
1057 1513 1305 1603 Ulixbonensi,
1333 1540 1362 1588 s.

46 1636 172 1732 lngeli,
189 1634 357 1722 Senensi,
376 1633 616 1707 cardinalibus
637 1613 881 1730 significarem
896 1643 934 1710 ut
951 1637 1153 1733 cogitarent
1169 1639 1255 1735 quid
1269 1641 1367 1716 circa

45 1762 119 1835 illud
132 1769 166 1836 et
182 1768 348 1836 oratores
363 1767 507 1834 nostros
523 1782 633 1854 super
648 1758 882 1856 procedentia
898 1761 1103 1836 laciendum
1119 1771 1155 1838 et
1179 1787 1259 1838 cras
1281 1773 1364 1840 ante

46 1910 196 1984 resperas
222 1887 260 1958 in
278 1909 423 1958 camera
447 1907 569 1957 coram
590 1885 786 1957 Sanctitate
808 1907 873 1956 sua
894 1886 1129 1960 convenirent
1156 1886 1200 1962 ad
1226 1888 1365 1964 delibe-

46 2012 181 2086 randum
201 2041 208 2085 :
229 2013 282 2084 sic
296 2019 331 2085 et
345 2011 426 2084 leci.
445 2011 557 2106 Igitur
572 2009 630 2084 die
646 2009 800 2096 sabbati,
819 2013 864 2082 29
875 2009 974 2097 maii,
992 2009 1112 2106 vigilia
1130 2015 1363 2088 pentecostes

44 2139 123 2212 tacta
142 2145 198 2212 est
214 2161 340 2210 coram
356 2135 527 2233 pontifice
549 2135 585 2208 in
608 2157 753 2209 camara
772 2157 837 2208 sua
856 2141 998 2209 secreta
1017 2135 1253 2210 cardinalium
1275 2161 1363 2212 con-

45 2264 166 2336 sorano
187 2263 233 2336 ab
254 2263 346 2336 hora
363 2269 446 2334 ante
466 2261 677 2356 vigesimam
699 2283 813 2356 usque
834 2259 877 2332 ad
899 2260 1110 2356 vigesimam
1133 2261 1301 2356 primam,
1326 2269 1363 2337 et

45 2389 174 2462 tandem
190 2389 311 2484 rogati
326 2397 394 2484 per'
407 2387 617 2483 episcopum
633 2388 915 2472 Tornacensem‚
934 2409 977 2458 ex
993 2385 1249 2458 commissione
1265 2389 1361 2482 Papa

44 2515 71 2584 in
95 2513 187 2588 dicta
211 2512 495 2609 congregatione
516 2511 565 2582 ibi
588 2511 694 2599 lacta,
720 2519 882 2586 oratores
910 2512 1005 2607 regis
1029 2512 1148 2586 Scotie
1176 2517 1211 2586 et
1227 2512 1362 2586 ducum

45 2641 173 2713 bavarie
187 2638 288 2735 quod
300 2662 365 2734 pro
379 2637 449 2710 hoc
465 2659 547 2710 sero
563 2635 878 2710 rccederevellent
891 2644 926 2712 et
940 2637 1202 2710 aliosoratores
1218 2639 1361 2734 quietos

42 2762 222 2852 dimittere,
242 2764 326 2859 quia
344 2761 474 2836 cresin
497 2761 608 2834 missa
627 2765 725 2858 Papa
739 2761 826 2858 ipsis
840 2761 962 2836 locum
983 2762 1131 2836 daturus
1147 2770 1244 2838 esset
1265 2791 1272 2834 :
1292 2763 1357 2860 ipsi

40 2897 286 2964 rerooratores
313 2886 435 2962 Scotie
454 2894 490 2960 et
510 2885 658 2960 Bavarie
686 2885 722 2958 id
749 2893 938 2982 acceptare
964 2889 1111 2978 omnino
1130 2897 1358 2979 recusarunt,

41 3013 98 3086 uisi
110 3021 142 3088 et
159 3015 219 3088 alii
237 3021 400 3088 oratores
416 3035 498 3085 cum
514 3012 566 3084 eis
582 3011 809 3100 recederent,
827 3019 933 3108 prout
947 3012 1081 3086 lactum
1097 3021 1172 3102 est3
1191 3021 1227 3088 et
1243 3037 1361 3088 reces-

39 3145 146 3212 serunt
161 3161 306 3226 ornnes,
322 3145 396 3212 tam
409 3138 499 3236 citra
513 3159 622 3232 quam
639 3137 895 3212 ultramontani
910 3161 951 3210 ac
967 3139 1135 3212 omnibus
1149 3139 1359 3214 mandatum

39 3267 85 3333 est
102 3269 137 3335 ut
151 3263 210 3338 die
228 3263 386 3336 crastina
405 3285 427 3335 a
448 3261 587 3359 capella
605 3284 643 3335 se
659 3261 910 3350 absentarent;
929 3263 1025 3358 quod
1039 3271 1076 3340 et
1092 3287 1219 3339 omnes
1236 3265 1360 3340 obser-

40 3398 160 3464 varunt.
179 3395 268 3466 Po'st
283 3392 411 3464 horam
426 3413 512 3478 xxu,
532 3389 655 3462 RRmi.
677 3391 752 3462 DD.
771 3389 972 3462 cardinales
988 3397 1162 3462 venerunt
1178 3390 1225 3464 ad
1238 3390 1360 3488 capel-

37 3510 97 3584 lam
112 3517 288 3614 majorem
309 3513 552 3612 supradictam
574 3514 700 3610 inqua
719 3517 843 3586 llmus.
867 3511 1057 3586 cardinalis
1072 3513 1357 3612 Andagaveusis,

38 3636 84 3710 die
109 3642 266 3715 crastina
300 3639 561 3726 celebraturus,
592 3645 738 3734 paratus
757 3659 859 3712 more
889 3637 996 3712 solito
1026 3637 1113 3712 tecit
1134 3640 1295 3714 officium
1316 3649 1352 3716 at

38 3763 212 3840 observata
236 3771 320 3842 sunt
339 3765 462 3838 omnia
487 3785 589 3848 mora
603 3769 790 3837 consueto.

75 3891 273 3982 dominica,
292 3895 337 3965 30
352 3889 452 3981 maii,
470 3888 603 3962 festum
619 3891 853 3964 Pentecostes
869 3892 993 3962 Rmus.
1010 3891 1053 3962 D.
1070 3887 1268 3964 Cardinalis
1285 3894 1361 3965 Au-

39 4011 238 4109 degavensis
262 4015 456 4090 celebravit
482 4015 631 4088 missam
651 4015 867 4102 solemnem,
894 4019 991 4114 Papa
1012 4017 1175 4104 absente,
1200 4024 1236 4090 et
1257 4023 1360 4092 ante-

38 4161 130 4232 quam
146 4147 358 4238 paramenta
372 4128 554 4237 acciperat
575 4139 672 4214 idem
688 4140 890 4215 commissit
906 4141 995 4213 mihi
1011 4140 1108 4236 quod
1125 4164 1190 4213 suo
1212 4141 1358 4216 nomine

37 4262 89 4334 SS.
105 4267 143 4336 b.
163 4266 406 4364 supplicarem
423 4264 520 4361 quod
539 4264 784 4340 committeret
799 4290 846 4340 ne
864 4267 969 4340 fieret
989 4289 1109 4340 sermo
1129 4269 1276 4362 propter
1295 4285 1358 4337 co-

36 4381 130 4460 licam
154 4414 226 4488 qua
253 4391 331 4487 ipse
357 4389 550 4462 cardinalis
574 4411 613 4462 se
632 4389 706 4485 pati
728 4396 765 4462 et
785 4397 980 4486 propterea
1004 4387 1272 4464 medicamenta
1299 4411 1358 4462 re-

35 4512 161 4607 cepisse
188 4523 296 4590 nocte
321 4516 493 4612 preterita
516 4521 552 4588 et
576 4537 649 4588 non
678 4513 883 4590 dormuisse
911 4522 947 4588 et
980 4515 1017 4588 in
1038 4513 1194 4588 ecclesia
1221 4513 1355 4587 diutius

35 4647 211 4732 expectare
234 4665 305 4714 non
326 4663 433 4736 posse
455 4639 616 4728 dicebat;
638 4639 768 4735 quibus
787 4663 853 4737 per
877 4663 935 4714 me
954 4643 1016 4714 SS.
1038 4645 1081 4714 D.
1105 4643 1147 4714 N.
1167 4639 1353 4737 expositis

36 4765 206 4857 respondit
221 4769 399 4842 Sanctitas
415 4789 481 4840 sua
502 4765 650 4840 omnino
667 4787 874 4840 sermonem
890 4766 970 4840 fieri
986 4765 1119 4842 debere
1131 4773 1181 4857 et,
1206 4765 1235 4838 si
1251 4765 1356 4840 aliter

36 4887 212 4964 cardinalis
227 4893 338 4966 finem
355 4894 672 4989 officii-expectare
693 4913 767 4964 non
779 4899 916 4988 posset,
933 4891 1030 4987 quod
1045 4892 1180 4966 laceret
1193 4890 1357 4968 collatio·

36 5029 109 5084 uem
123 5021 203 5092 ante
219 5019 381 5107 missam,
399 5041 594 5116 superque
616 5017 795 5092 Sanctitas
808 5039 874 5090 sua
891 5016 1134 5115 dispensabat.
1155 5019 1273 5094 Retuli
1285 5020 1355 5094 bec

36 5137 184 5232 predicto
211 5143 383 5218 cardinali
404 5145 465 5244 qui
485 5145 574 5220 mibi
599 5144 783 5242 replicavit
806 5168 845 5222 se
866 5144 1023 5222 libenter
1043 5141 1275 5221 colationem
1299 5143 1353 5217 ta-
