<?xml version="1.0" encoding="UTF-8"?>
<!DOCTYPE html PUBLIC "-//W3C//DTD XHTML 1.0 Transitional//EN"
    "http://www.w3.org/TR/xhtml1/DTD/xhtml1-transitional.dtd">
<html xmlns="http://www.w3.org/1999/xhtml" xml:lang="en" lang="en">
 <head>
  <title>
</title>
<meta http-equiv="Content-Type" content="text/html;charset=utf-8" />
  <meta name='ocr-system' content='tesseract 3.04.00' />
  <meta name='ocr-capabilities' content='ocr_page ocr_carea ocr_par ocr_line ocrx_word'/>
</head>
<body>
  <div class='ocr_page' id='page_1' title='image "./johannisburchar02burcgoog/johannisburchar02burcgoog_0202.png"; bbox 0 0 3436 6038; ppageno 0'>
   <div class='ocr_carea' id='block_1_1' title="bbox 119 503 1448 579">
    <p class='ocr_par' dir='ltr' id='par_1_1' title="bbox 119 503 1448 579">
     <span class='ocr_line' id='line_1_1' title="bbox 119 503 1448 579; baseline 0.015 -21"><span class='ocrx_word' id='word_1_1' title='bbox 119 503 278 571; x_wconf 66' lang='lat' dir='ltr'>[tinnitus]</span> <span class='ocrx_word' id='word_1_2' title='bbox 397 559 402 573; x_wconf 65' lang='grc'>,</span> <span class='ocrx_word' id='word_1_3' title='bbox 454 504 581 563; x_wconf 80' lang='lat' dir='ltr'>RERUM</span> <span class='ocrx_word' id='word_1_4' title='bbox 603 504 832 568; x_wconf 76' lang='lat' dir='ltr'>URBANARUM</span> <span class='ocrx_word' id='word_1_5' title='bbox 855 507 1119 572; x_wconf 78' lang='lat' dir='ltr'>COMMENTARH.</span> <span class='ocrx_word' id='word_1_6' title='bbox 1402 523 1448 579; x_wconf 74' lang='lat'>181</span> 
     </span>
    </p>
   </div>
   <div class='ocr_carea' id='block_1_2' title="bbox 108 653 1452 5277">
    <p class='ocr_par' dir='ltr' id='par_1_2' title="bbox 111 653 1452 3019">
     <span class='ocr_line' id='line_1_2' title="bbox 117 653 1452 769; baseline 0.005 -31"><span class='ocrx_word' id='word_1_7' title='bbox 117 669 310 752; x_wconf 91' lang='lat' dir='ltr'>consueto;</span> <span class='ocrx_word' id='word_1_8' title='bbox 328 669 457 762; x_wconf 89' lang='lat' dir='ltr'>postea</span> <span class='ocrx_word' id='word_1_9' title='bbox 479 663 611 761; x_wconf 91' lang='lat' dir='ltr'>populo</span> <span class='ocrx_word' id='word_1_10' title='bbox 631 653 816 738; x_wconf 76' lang='lat' dir='ltr'>benedixit</span> <span class='ocrx_word' id='word_1_11' title='bbox 844 669 880 738; x_wconf 89' lang='lat' dir='ltr'>et</span> <span class='ocrx_word' id='word_1_12' title='bbox 900 663 1066 739; x_wconf 91' lang='lat' dir='ltr'>rediitad</span> <span class='ocrx_word' id='word_1_13' title='bbox 1090 667 1231 741; x_wconf 85' lang='lat' dir='ltr'>tertiam</span> <span class='ocrx_word' id='word_1_14' title='bbox 1253 668 1371 742; x_wconf 89' lang='lat' dir='ltr'>aulam</span> <span class='ocrx_word' id='word_1_15' title='bbox 1387 695 1452 769; x_wconf 90' lang='lat' dir='ltr'>pa-</span> 
     </span>
     <span class='ocr_line' id='line_1_3' title="bbox 115 787 1448 889; baseline 0.005 -27"><span class='ocrx_word' id='word_1_16' title='bbox 115 787 189 862; x_wconf 88' lang='lat' dir='ltr'>latii</span> <span class='ocrx_word' id='word_1_17' title='bbox 200 789 268 861; x_wconf 93' lang='lat' dir='ltr'>sub</span> <span class='ocrx_word' id='word_1_18' title='bbox 283 788 514 881; x_wconf 80' lang='lat' dir='ltr'>baldachino,</span> <span class='ocrx_word' id='word_1_19' title='bbox 532 787 568 860; x_wconf 93' lang='lat' dir='ltr'>in</span> <span class='ocrx_word' id='word_1_20' title='bbox 583 811 654 884; x_wconf 90' lang='lat' dir='ltr'>qua</span> <span class='ocrx_word' id='word_1_21' title='bbox 667 809 845 885; x_wconf 80' lang='lat' dir='ltr'>pauperes</span> <span class='ocrx_word' id='word_1_22' title='bbox 861 787 1037 861; x_wconf 78' lang='lat' dir='ltr'>tredecim</span> <span class='ocrx_word' id='word_1_23' title='bbox 1051 788 1191 864; x_wconf 88' lang='lat' dir='ltr'>lavandi</span> <span class='ocrx_word' id='word_1_24' title='bbox 1207 793 1320 889; x_wconf 88' lang='lat' dir='ltr'>parati</span> <span class='ocrx_word' id='word_1_25' title='bbox 1333 803 1448 869; x_wconf 89' lang='lat' dir='ltr'>erant.</span> 
     </span>
     <span class='ocr_line' id='line_1_4' title="bbox 116 910 1452 1019; baseline 0.008 -35"><span class='ocrx_word' id='word_1_26' title='bbox 116 911 313 986; x_wconf 85' lang='lat' dir='ltr'>Redierunt</span> <span class='ocrx_word' id='word_1_27' title='bbox 342 912 554 988; x_wconf 85' lang='lat' dir='ltr'>etiamnum</span> <span class='ocrx_word' id='word_1_28' title='bbox 579 910 749 1010; x_wconf 88' lang='lat' dir='ltr'>pontifice</span> <span class='ocrx_word' id='word_1_29' title='bbox 774 911 875 1007; x_wconf 91' lang='lat' dir='ltr'>quasi</span> <span class='ocrx_word' id='word_1_30' title='bbox 905 936 1031 988; x_wconf 90' lang='lat' dir='ltr'>omnes</span> <span class='ocrx_word' id='word_1_31' title='bbox 1055 916 1256 993; x_wconf 89' lang='lat' dir='ltr'>cardinales</span> <span class='ocrx_word' id='word_1_32' title='bbox 1283 920 1320 993; x_wconf 93' lang='lat' dir='ltr'>in</span> <span class='ocrx_word' id='word_1_33' title='bbox 1345 945 1452 1019; x_wconf 89' lang='lat' dir='ltr'>para-</span> 
     </span>
     <span class='ocr_line' id='line_1_5' title="bbox 116 1035 1452 1142; baseline 0.007 -32"><span class='ocrx_word' id='word_1_34' title='bbox 116 1037 246 1112; x_wconf 88' lang='lat' dir='ltr'>mentis</span> <span class='ocrx_word' id='word_1_35' title='bbox 272 1038 367 1128; x_wconf 90' lang='lat' dir='ltr'>suis;</span> <span class='ocrx_word' id='word_1_36' title='bbox 386 1045 422 1111; x_wconf 86' lang='lat' dir='ltr'>et</span> <span class='ocrx_word' id='word_1_37' title='bbox 445 1038 495 1112; x_wconf 91' lang='lat' dir='ltr'>sic</span> <span class='ocrx_word' id='word_1_38' title='bbox 511 1036 639 1136; x_wconf 87' lang='lat' dir='ltr'>parati,</span> <span class='ocrx_word' id='word_1_39' title='bbox 656 1042 833 1111; x_wconf 89' lang='lat' dir='ltr'>steterunt</span> <span class='ocrx_word' id='word_1_40' title='bbox 848 1062 961 1134; x_wconf 90' lang='lat' dir='ltr'>usque</span> <span class='ocrx_word' id='word_1_41' title='bbox 976 1035 1149 1116; x_wconf 85' lang='lat' dir='ltr'>adfinem</span> <span class='ocrx_word' id='word_1_42' title='bbox 1165 1046 1337 1136; x_wconf 88' lang='lat' dir='ltr'>mandati,</span> <span class='ocrx_word' id='word_1_43' title='bbox 1355 1048 1452 1142; x_wconf 92' lang='lat' dir='ltr'>quod</span> 
     </span>
     <span class='ocr_line' id='line_1_6' title="bbox 116 1162 1452 1266; baseline 0.003 -26"><span class='ocrx_word' id='word_1_44' title='bbox 116 1172 237 1240; x_wconf 88' lang='lat' dir='ltr'>tamen</span> <span class='ocrx_word' id='word_1_45' title='bbox 254 1166 334 1241; x_wconf 83' lang='lat' dir='ltr'>lieri</span> <span class='ocrx_word' id='word_1_46' title='bbox 348 1172 562 1241; x_wconf 90' lang='lat' dir='ltr'>consuetum</span> <span class='ocrx_word' id='word_1_47' title='bbox 574 1189 648 1240; x_wconf 90' lang='lat' dir='ltr'>non</span> <span class='ocrx_word' id='word_1_48' title='bbox 664 1169 844 1260; x_wconf 87' lang='lat' dir='ltr'>estneque</span> <span class='ocrx_word' id='word_1_49' title='bbox 860 1162 1075 1256; x_wconf 89' lang='lat' dir='ltr'>honestum;</span> <span class='ocrx_word' id='word_1_50' title='bbox 1093 1168 1156 1242; x_wconf 92' lang='lat' dir='ltr'>sed</span> <span class='ocrx_word' id='word_1_51' title='bbox 1168 1172 1452 1266; x_wconf 23' lang='lat' dir='ltr'>paramentis-di·</span> 
     </span>
     <span class='ocr_line' id='line_1_7' title="bbox 116 1289 1448 1390; baseline 0.002 -24"><span class='ocrx_word' id='word_1_52' title='bbox 116 1292 252 1382; x_wconf 89' lang='lat' dir='ltr'>missis,</span> <span class='ocrx_word' id='word_1_53' title='bbox 263 1292 300 1365; x_wconf 93' lang='lat' dir='ltr'>in</span> <span class='ocrx_word' id='word_1_54' title='bbox 309 1293 432 1390; x_wconf 90' lang='lat' dir='ltr'>cappis</span> <span class='ocrx_word' id='word_1_55' title='bbox 447 1299 587 1366; x_wconf 86' lang='lat' dir='ltr'>tantum</span> <span class='ocrx_word' id='word_1_56' title='bbox 602 1295 751 1388; x_wconf 90' lang='lat' dir='ltr'>possent</span> <span class='ocrx_word' id='word_1_57' title='bbox 762 1289 790 1362; x_wconf 92' lang='lat' dir='ltr'>si</span> <span class='ocrx_word' id='word_1_58' title='bbox 800 1289 933 1363; x_wconf 88' lang='lat' dir='ltr'>vellent</span> <span class='ocrx_word' id='word_1_59' title='bbox 946 1292 1041 1386; x_wconf 88' lang='lat' dir='ltr'>Papa</span> <span class='ocrx_word' id='word_1_60' title='bbox 1058 1291 1300 1368; x_wconf 76' lang='lat' dir='ltr'>assistentiam</span> <span class='ocrx_word' id='word_1_61' title='bbox 1314 1296 1448 1388; x_wconf 83' lang='lat' dir='ltr'>lacere,</span> 
     </span>
     <span class='ocr_line' id='line_1_8' title="bbox 116 1411 1450 1514; baseline 0.004 -24"><span class='ocrx_word' id='word_1_62' title='bbox 116 1417 264 1514; x_wconf 85' lang='lat' dir='ltr'>dempto</span> <span class='ocrx_word' id='word_1_63' title='bbox 279 1423 400 1492; x_wconf 88' lang='lat' dir='ltr'>tamen</span> <span class='ocrx_word' id='word_1_64' title='bbox 420 1441 492 1490; x_wconf 91' lang='lat' dir='ltr'>uno</span> <span class='ocrx_word' id='word_1_65' title='bbox 513 1416 694 1492; x_wconf 78' lang='lat' dir='ltr'>cardinale</span> <span class='ocrx_word' id='word_1_66' title='bbox 717 1414 870 1487; x_wconf 89' lang='lat' dir='ltr'>diacono</span> <span class='ocrx_word' id='word_1_67' title='bbox 890 1411 1114 1512; x_wconf 85' lang='lat' dir='ltr'>evangelium</span> <span class='ocrx_word' id='word_1_68' title='bbox 1128 1417 1323 1508; x_wconf 32' lang='lat' dir='ltr'>lecturo-et</span> <span class='ocrx_word' id='word_1_69' title='bbox 1340 1421 1450 1494; x_wconf 82' lang='lat' dir='ltr'>etiam</span> 
     </span>
     <span class='ocr_line' id='line_1_9' title="bbox 115 1540 1450 1644; baseline 0.005 -30"><span class='ocrx_word' id='word_1_70' title='bbox 115 1541 336 1618; x_wconf 91' lang='lat' dir='ltr'>subdiacono</span> <span class='ocrx_word' id='word_1_71' title='bbox 357 1543 415 1638; x_wconf 92' lang='lat' dir='ltr'>qui</span> <span class='ocrx_word' id='word_1_72' title='bbox 443 1543 576 1617; x_wconf 90' lang='lat' dir='ltr'>bullam</span> <span class='ocrx_word' id='word_1_73' title='bbox 600 1543 636 1614; x_wconf 93' lang='lat' dir='ltr'>in</span> <span class='ocrx_word' id='word_1_74' title='bbox 658 1540 755 1637; x_wconf 86' lang='lat' dir='ltr'>logia</span> <span class='ocrx_word' id='word_1_75' title='bbox 777 1540 878 1637; x_wconf 80' lang='lat' dir='ltr'>legit,</span> <span class='ocrx_word' id='word_1_76' title='bbox 899 1541 960 1636; x_wconf 89' lang='lat' dir='ltr'>qui</span> <span class='ocrx_word' id='word_1_77' title='bbox 980 1547 1125 1638; x_wconf 88' lang='lat' dir='ltr'>paratus</span> <span class='ocrx_word' id='word_1_78' title='bbox 1147 1545 1314 1619; x_wconf 91' lang='lat' dir='ltr'>omnibus</span> <span class='ocrx_word' id='word_1_79' title='bbox 1344 1570 1450 1644; x_wconf 88' lang='lat' dir='ltr'>para-</span> 
     </span>
     <span class='ocr_line' id='line_1_10' title="bbox 116 1665 1447 1771; baseline 0.005 -31"><span class='ocrx_word' id='word_1_80' title='bbox 116 1668 249 1742; x_wconf 88' lang='lat' dir='ltr'>mentis</span> <span class='ocrx_word' id='word_1_81' title='bbox 264 1667 511 1743; x_wconf 81' lang='lat' dir='ltr'>diaconalibus</span> <span class='ocrx_word' id='word_1_82' title='bbox 527 1667 660 1740; x_wconf 81' lang='lat' dir='ltr'>ibidem</span> <span class='ocrx_word' id='word_1_83' title='bbox 676 1667 803 1739; x_wconf 86' lang='lat' dir='ltr'>adesse</span> <span class='ocrx_word' id='word_1_84' title='bbox 818 1665 940 1740; x_wconf 83' lang='lat' dir='ltr'>debet.</span> <span class='ocrx_word' id='word_1_85' title='bbox 959 1669 999 1738; x_wconf 94' lang='lat' dir='ltr'>ln</span> <span class='ocrx_word' id='word_1_86' title='bbox 1014 1667 1097 1741; x_wconf 88' lang='lat' dir='ltr'>aula</span> <span class='ocrx_word' id='word_1_87' title='bbox 1112 1675 1247 1762; x_wconf 82' lang='lat' dir='ltr'>autem,</span> <span class='ocrx_word' id='word_1_88' title='bbox 1263 1671 1300 1744; x_wconf 89' lang='lat' dir='ltr'>in</span> <span class='ocrx_word' id='word_1_89' title='bbox 1316 1673 1447 1771; x_wconf 90' lang='lat' dir='ltr'>capite,</span> 
     </span>
     <span class='ocr_line' id='line_1_11' title="bbox 116 1791 1450 1891; baseline 0.003 -25"><span class='ocrx_word' id='word_1_90' title='bbox 116 1799 199 1867; x_wconf 88' lang='lat' dir='ltr'>ante</span> <span class='ocrx_word' id='word_1_91' title='bbox 215 1794 379 1868; x_wconf 90' lang='lat' dir='ltr'>ultimum</span> <span class='ocrx_word' id='word_1_92' title='bbox 396 1815 461 1870; x_wconf 91' lang='lat' dir='ltr'>seu</span> <span class='ocrx_word' id='word_1_93' title='bbox 475 1792 684 1868; x_wconf 83' lang='lat' dir='ltr'>inferiorem</span> <span class='ocrx_word' id='word_1_94' title='bbox 700 1791 853 1889; x_wconf 84' lang='lat' dir='ltr'>gradum</span> <span class='ocrx_word' id='word_1_95' title='bbox 869 1791 949 1866; x_wconf 93' lang='lat' dir='ltr'>solii</span> <span class='ocrx_word' id='word_1_96' title='bbox 963 1791 1097 1868; x_wconf 91' lang='lat' dir='ltr'>ibidem</span> <span class='ocrx_word' id='word_1_97' title='bbox 1112 1801 1237 1891; x_wconf 84' lang='lat' dir='ltr'>parata</span> <span class='ocrx_word' id='word_1_98' title='bbox 1251 1806 1328 1871; x_wconf 84' lang='lat' dir='ltr'>erat</span> <span class='ocrx_word' id='word_1_99' title='bbox 1345 1798 1450 1870; x_wconf 90' lang='lat' dir='ltr'>sedes</span> 
     </span>
     <span class='ocr_line' id='line_1_12' title="bbox 113 1917 1450 2019; baseline 0.005 -26"><span class='ocrx_word' id='word_1_100' title='bbox 113 1919 236 2016; x_wconf 81' lang='lat' dir='ltr'>lignea</span> <span class='ocrx_word' id='word_1_101' title='bbox 251 1943 317 2017; x_wconf 93' lang='lat' dir='ltr'>pro</span> <span class='ocrx_word' id='word_1_102' title='bbox 336 1943 428 2019; x_wconf 88' lang='lat' dir='ltr'>papa</span> <span class='ocrx_word' id='word_1_103' title='bbox 445 1943 527 1994; x_wconf 92' lang='lat' dir='ltr'>cum</span> <span class='ocrx_word' id='word_1_104' title='bbox 549 1919 689 1993; x_wconf 90' lang='lat' dir='ltr'>duobus</span> <span class='ocrx_word' id='word_1_105' title='bbox 709 1917 874 1992; x_wconf 88' lang='lat' dir='ltr'>scabellis</span> <span class='ocrx_word' id='word_1_106' title='bbox 889 1942 991 1992; x_wconf 88' lang='lat' dir='ltr'>more</span> <span class='ocrx_word' id='word_1_107' title='bbox 1017 1927 1204 2014; x_wconf 90' lang='lat' dir='ltr'>consueto,</span> <span class='ocrx_word' id='word_1_108' title='bbox 1223 1928 1259 1998; x_wconf 90' lang='lat' dir='ltr'>et</span> <span class='ocrx_word' id='word_1_109' title='bbox 1274 1923 1345 1996; x_wconf 92' lang='lat' dir='ltr'>duo</span> <span class='ocrx_word' id='word_1_110' title='bbox 1369 1949 1450 1999; x_wconf 92' lang='lat' dir='ltr'>sca-</span> 
     </span>
     <span class='ocr_line' id='line_1_13' title="bbox 112 2041 1446 2141; baseline 0.003 -23"><span class='ocrx_word' id='word_1_111' title='bbox 112 2043 208 2118; x_wconf 88' lang='lat' dir='ltr'>bella</span> <span class='ocrx_word' id='word_1_112' title='bbox 222 2044 309 2118; x_wconf 91' lang='lat' dir='ltr'>hinc</span> <span class='ocrx_word' id='word_1_113' title='bbox 334 2051 370 2118; x_wconf 91' lang='lat' dir='ltr'>et</span> <span class='ocrx_word' id='word_1_114' title='bbox 385 2045 467 2118; x_wconf 90' lang='lat' dir='ltr'>inde</span> <span class='ocrx_word' id='word_1_115' title='bbox 490 2067 554 2141; x_wconf 89' lang='lat' dir='ltr'>pro</span> <span class='ocrx_word' id='word_1_116' title='bbox 579 2042 719 2116; x_wconf 92' lang='lat' dir='ltr'>duobus</span> <span class='ocrx_word' id='word_1_117' title='bbox 742 2041 984 2118; x_wconf 86' lang='lat' dir='ltr'>cardinalibus</span> <span class='ocrx_word' id='word_1_118' title='bbox 1003 2044 1164 2118; x_wconf 86' lang='lat' dir='ltr'>diaconis</span> <span class='ocrx_word' id='word_1_119' title='bbox 1184 2047 1446 2141; x_wconf 85' lang='lat' dir='ltr'>assistentibus,</span> 
     </span>
     <span class='ocr_line' id='line_1_14' title="bbox 112 2168 1449 2268; baseline 0.004 -26"><span class='ocrx_word' id='word_1_120' title='bbox 112 2177 148 2243; x_wconf 89' lang='lat' dir='ltr'>et</span> <span class='ocrx_word' id='word_1_121' title='bbox 172 2193 195 2244; x_wconf 91' lang='lat' dir='ltr'>a</span> <span class='ocrx_word' id='word_1_122' title='bbox 217 2169 354 2244; x_wconf 83' lang='lat' dir='ltr'>dextris</span> <span class='ocrx_word' id='word_1_123' title='bbox 381 2170 477 2244; x_wconf 90' lang='lat' dir='ltr'>sedis</span> <span class='ocrx_word' id='word_1_124' title='bbox 502 2172 597 2266; x_wconf 89' lang='lat' dir='ltr'>Pape</span> <span class='ocrx_word' id='word_1_125' title='bbox 625 2168 759 2242; x_wconf 89' lang='lat' dir='ltr'>ibidem</span> <span class='ocrx_word' id='word_1_126' title='bbox 784 2191 931 2242; x_wconf 88' lang='lat' dir='ltr'>scamna</span> <span class='ocrx_word' id='word_1_127' title='bbox 955 2168 1026 2242; x_wconf 88' lang='lat' dir='ltr'>alta</span> <span class='ocrx_word' id='word_1_128' title='bbox 1048 2169 1158 2266; x_wconf 83' lang='lat' dir='ltr'>longa</span> <span class='ocrx_word' id='word_1_129' title='bbox 1183 2196 1249 2268; x_wconf 91' lang='lat' dir='ltr'>pro</span> <span class='ocrx_word' id='word_1_130' title='bbox 1275 2174 1449 2248; x_wconf 88' lang='lat' dir='ltr'>tredecim</span> 
     </span>
     <span class='ocr_line' id='line_1_15' title="bbox 112 2293 1449 2394; baseline 0.001 -26"><span class='ocrx_word' id='word_1_131' title='bbox 112 2295 331 2392; x_wconf 85' lang='lat' dir='ltr'>pauperibus</span> <span class='ocrx_word' id='word_1_132' title='bbox 344 2295 501 2368; x_wconf 84' lang='lat' dir='ltr'>lavandis</span> <span class='ocrx_word' id='word_1_133' title='bbox 517 2293 578 2391; x_wconf 92' lang='lat' dir='ltr'>qui</span> <span class='ocrx_word' id='word_1_134' title='bbox 591 2293 661 2368; x_wconf 90' lang='lat' dir='ltr'>illic</span> <span class='ocrx_word' id='word_1_135' title='bbox 678 2293 865 2384; x_wconf 91' lang='lat' dir='ltr'>sedebant,</span> <span class='ocrx_word' id='word_1_136' title='bbox 884 2293 955 2367; x_wconf 87' lang='lat' dir='ltr'>alta</span> <span class='ocrx_word' id='word_1_137' title='bbox 970 2294 1061 2366; x_wconf 90' lang='lat' dir='ltr'>adeo</span> <span class='ocrx_word' id='word_1_138' title='bbox 1082 2294 1178 2390; x_wconf 93' lang='lat' dir='ltr'>quod</span> <span class='ocrx_word' id='word_1_139' title='bbox 1192 2295 1259 2392; x_wconf 91' lang='lat' dir='ltr'>ipsi</span> <span class='ocrx_word' id='word_1_140' title='bbox 1271 2321 1449 2394; x_wconf 87' lang='lat' dir='ltr'>pauperes</span> 
     </span>
     <span class='ocr_line' id='line_1_16' title="bbox 111 2418 1451 2522; baseline 0.001 -28"><span class='ocrx_word' id='word_1_141' title='bbox 111 2419 286 2495; x_wconf 82' lang='lat' dir='ltr'>tenebant</span> <span class='ocrx_word' id='word_1_142' title='bbox 304 2419 416 2517; x_wconf 90' lang='lat' dir='ltr'>pedes</span> <span class='ocrx_word' id='word_1_143' title='bbox 432 2443 540 2518; x_wconf 87' lang='lat' dir='ltr'>supra</span> <span class='ocrx_word' id='word_1_144' title='bbox 557 2419 740 2494; x_wconf 89' lang='lat' dir='ltr'>banchum</span> <span class='ocrx_word' id='word_1_145' title='bbox 757 2418 957 2522; x_wconf 85' lang='lat' dir='ltr'>altitudinis</span> <span class='ocrx_word' id='word_1_146' title='bbox 972 2419 1066 2493; x_wconf 92' lang='lat' dir='ltr'>illius</span> <span class='ocrx_word' id='word_1_147' title='bbox 1082 2443 1193 2517; x_wconf 92' lang='lat' dir='ltr'>super</span> <span class='ocrx_word' id='word_1_148' title='bbox 1211 2445 1319 2517; x_wconf 89' lang='lat' dir='ltr'>quern</span> <span class='ocrx_word' id='word_1_149' title='bbox 1335 2423 1451 2497; x_wconf 89' lang='lat' dir='ltr'>cardi-</span> 
     </span>
     <span class='ocr_line' id='line_1_17' title="bbox 111 2544 1448 2646; baseline 0.003 -28"><span class='ocrx_word' id='word_1_150' title='bbox 111 2545 216 2619; x_wconf 90' lang='lat' dir='ltr'>nales</span> <span class='ocrx_word' id='word_1_151' title='bbox 243 2544 370 2620; x_wconf 91' lang='lat' dir='ltr'>sedere</span> <span class='ocrx_word' id='word_1_152' title='bbox 395 2546 658 2620; x_wconf 83' lang='lat' dir='ltr'>consueverint.</span> <span class='ocrx_word' id='word_1_153' title='bbox 678 2545 870 2619; x_wconf 85' lang='lat' dir='ltr'>Credentia</span> <span class='ocrx_word' id='word_1_154' title='bbox 893 2545 1002 2620; x_wconf 90' lang='lat' dir='ltr'>etiam</span> <span class='ocrx_word' id='word_1_155' title='bbox 1021 2549 1146 2642; x_wconf 89' lang='lat' dir='ltr'>parata</span> <span class='ocrx_word' id='word_1_156' title='bbox 1166 2551 1243 2620; x_wconf 88' lang='lat' dir='ltr'>erat</span> <span class='ocrx_word' id='word_1_157' title='bbox 1264 2547 1301 2620; x_wconf 92' lang='lat' dir='ltr'>in</span> <span class='ocrx_word' id='word_1_158' title='bbox 1316 2550 1448 2646; x_wconf 81' lang='lat' dir='ltr'>angulo</span> 
     </span>
     <span class='ocr_line' id='line_1_18' title="bbox 111 2669 1450 2772; baseline 0.003 -28"><span class='ocrx_word' id='word_1_159' title='bbox 111 2672 150 2744; x_wconf 92' lang='lat' dir='ltr'>in</span> <span class='ocrx_word' id='word_1_160' title='bbox 170 2671 338 2772; x_wconf 84' lang='lat' dir='ltr'>opposito</span> <span class='ocrx_word' id='word_1_161' title='bbox 363 2673 458 2746; x_wconf 90' lang='lat' dir='ltr'>sedis</span> <span class='ocrx_word' id='word_1_162' title='bbox 478 2675 573 2768; x_wconf 90' lang='lat' dir='ltr'>Pape</span> <span class='ocrx_word' id='word_1_163' title='bbox 591 2671 693 2768; x_wconf 88' lang='lat' dir='ltr'>juxta</span> <span class='ocrx_word' id='word_1_164' title='bbox 715 2693 858 2744; x_wconf 90' lang='lat' dir='ltr'>murum</span> <span class='ocrx_word' id='word_1_165' title='bbox 882 2676 918 2743; x_wconf 89' lang='lat' dir='ltr'>et</span> <span class='ocrx_word' id='word_1_166' title='bbox 938 2669 1095 2768; x_wconf 89' lang='lat' dir='ltr'>desuper</span> <span class='ocrx_word' id='word_1_167' title='bbox 1119 2695 1208 2745; x_wconf 90' lang='lat' dir='ltr'>vasa</span> <span class='ocrx_word' id='word_1_168' title='bbox 1228 2675 1298 2746; x_wconf 93' lang='lat' dir='ltr'>duo</span> <span class='ocrx_word' id='word_1_169' title='bbox 1318 2698 1450 2772; x_wconf 89' lang='lat' dir='ltr'>magna</span> 
     </span>
     <span class='ocr_line' id='line_1_19' title="bbox 111 2793 1448 2895; baseline 0.003 -27"><span class='ocrx_word' id='word_1_170' title='bbox 111 2796 280 2871; x_wconf 88' lang='lat' dir='ltr'>inaurata</span> <span class='ocrx_word' id='word_1_171' title='bbox 294 2801 330 2870; x_wconf 88' lang='lat' dir='ltr'>et</span> <span class='ocrx_word' id='word_1_172' title='bbox 345 2795 414 2870; x_wconf 88' lang='lat' dir='ltr'>alia</span> <span class='ocrx_word' id='word_1_173' title='bbox 428 2801 622 2894; x_wconf 89' lang='lat' dir='ltr'>perornata</span> <span class='ocrx_word' id='word_1_174' title='bbox 636 2818 679 2868; x_wconf 91' lang='lat' dir='ltr'>ac</span> <span class='ocrx_word' id='word_1_175' title='bbox 694 2800 776 2868; x_wconf 89' lang='lat' dir='ltr'>octo</span> <span class='ocrx_word' id='word_1_176' title='bbox 792 2793 918 2868; x_wconf 90' lang='lat' dir='ltr'>bacilia</span> <span class='ocrx_word' id='word_1_177' title='bbox 935 2801 971 2868; x_wconf 89' lang='lat' dir='ltr'>et</span> <span class='ocrx_word' id='word_1_178' title='bbox 985 2796 1054 2870; x_wconf 88' lang='lat' dir='ltr'>alia</span> <span class='ocrx_word' id='word_1_179' title='bbox 1068 2821 1134 2895; x_wconf 89' lang='lat' dir='ltr'>pro</span> <span class='ocrx_word' id='word_1_180' title='bbox 1150 2803 1292 2890; x_wconf 89' lang='lat' dir='ltr'>ornatu,</span> <span class='ocrx_word' id='word_1_181' title='bbox 1309 2823 1350 2873; x_wconf 91' lang='lat' dir='ltr'>ac</span> <span class='ocrx_word' id='word_1_182' title='bbox 1367 2807 1448 2874; x_wconf 90' lang='lat' dir='ltr'>octo</span> 
     </span>
     <span class='ocr_line' id='line_1_20' title="bbox 111 2921 1241 3019; baseline 0 -23"><span class='ocrx_word' id='word_1_183' title='bbox 111 2922 243 2997; x_wconf 90' lang='lat' dir='ltr'>bacilia</span> <span class='ocrx_word' id='word_1_184' title='bbox 258 2929 295 2998; x_wconf 90' lang='lat' dir='ltr'>et</span> <span class='ocrx_word' id='word_1_185' title='bbox 308 2947 371 2996; x_wconf 86' lang='lat' dir='ltr'>sex</span> <span class='ocrx_word' id='word_1_186' title='bbox 386 2922 527 2996; x_wconf 87' lang='lat' dir='ltr'>bucalia</span> <span class='ocrx_word' id='word_1_187' title='bbox 542 2930 579 2996; x_wconf 91' lang='lat' dir='ltr'>et</span> <span class='ocrx_word' id='word_1_188' title='bbox 593 2921 661 2995; x_wconf 91' lang='lat' dir='ltr'>alia</span> <span class='ocrx_word' id='word_1_189' title='bbox 676 2929 783 3019; x_wconf 86' lang='lat' dir='ltr'>prout</span> <span class='ocrx_word' id='word_1_190' title='bbox 799 2921 835 2994; x_wconf 91' lang='lat' dir='ltr'>iu</span> <span class='ocrx_word' id='word_1_191' title='bbox 851 2922 1083 2995; x_wconf 87' lang='lat' dir='ltr'>ceremoniali</span> <span class='ocrx_word' id='word_1_192' title='bbox 1099 2923 1241 2998; x_wconf 88' lang='lat' dir='ltr'>dicitur.</span> 
     </span>
    </p>

    <p class='ocr_par' dir='ltr' id='par_1_3' title="bbox 108 3047 1450 4628">
     <span class='ocr_line' id='line_1_21' title="bbox 164 3047 1446 3147; baseline 0.002 -25"><span class='ocrx_word' id='word_1_193' title='bbox 164 3053 263 3147; x_wconf 90' lang='lat' dir='ltr'>Papa</span> <span class='ocrx_word' id='word_1_194' title='bbox 277 3072 359 3124; x_wconf 90' lang='lat' dir='ltr'>cum</span> <span class='ocrx_word' id='word_1_195' title='bbox 383 3055 480 3122; x_wconf 92' lang='lat' dir='ltr'>esset</span> <span class='ocrx_word' id='word_1_196' title='bbox 499 3048 647 3137; x_wconf 85' lang='lat' dir='ltr'>ibidem,</span> <span class='ocrx_word' id='word_1_197' title='bbox 670 3047 871 3122; x_wconf 89' lang='lat' dir='ltr'>cardinales</span> <span class='ocrx_word' id='word_1_198' title='bbox 889 3047 1099 3122; x_wconf 87' lang='lat' dir='ltr'>assistentes</span> <span class='ocrx_word' id='word_1_199' title='bbox 1119 3049 1363 3146; x_wconf 87' lang='lat' dir='ltr'>deposuerunt</span> <span class='ocrx_word' id='word_1_200' title='bbox 1379 3051 1446 3126; x_wconf 90' lang='lat' dir='ltr'>sibi</span> 
     </span>
     <span class='ocr_line' id='line_1_22' title="bbox 110 3173 1449 3273; baseline 0.002 -26"><span class='ocrx_word' id='word_1_201' title='bbox 110 3173 266 3273; x_wconf 78' lang='lat' dir='ltr'>pluviale</span> <span class='ocrx_word' id='word_1_202' title='bbox 294 3181 330 3247; x_wconf 83' lang='lat' dir='ltr'>et</span> <span class='ocrx_word' id='word_1_203' title='bbox 354 3174 482 3248; x_wconf 89' lang='lat' dir='ltr'>stolam</span> <span class='ocrx_word' id='word_1_204' title='bbox 515 3174 710 3272; x_wconf 87' lang='lat' dir='ltr'>pretiosam</span> <span class='ocrx_word' id='word_1_205' title='bbox 741 3179 777 3247; x_wconf 91' lang='lat' dir='ltr'>et</span> <span class='ocrx_word' id='word_1_206' title='bbox 803 3179 974 3270; x_wconf 89' lang='lat' dir='ltr'>pararunt</span> <span class='ocrx_word' id='word_1_207' title='bbox 1000 3197 1084 3247; x_wconf 88' lang='lat' dir='ltr'>eum</span> <span class='ocrx_word' id='word_1_208' title='bbox 1115 3174 1207 3248; x_wconf 91' lang='lat' dir='ltr'>stola</span> <span class='ocrx_word' id='word_1_209' title='bbox 1230 3173 1389 3249; x_wconf 87' lang='lat' dir='ltr'>violacea</span> <span class='ocrx_word' id='word_1_210' title='bbox 1412 3185 1449 3250; x_wconf 90' lang='lat' dir='ltr'>et</span> 
     </span>
     <span class='ocr_line' id='line_1_23' title="bbox 108 3297 1445 3398; baseline 0.002 -26"><span class='ocrx_word' id='word_1_211' title='bbox 108 3299 256 3398; x_wconf 91' lang='lat' dir='ltr'>pluviali</span> <span class='ocrx_word' id='word_1_212' title='bbox 278 3299 390 3374; x_wconf 88' lang='lat' dir='ltr'>rubeo</span> <span class='ocrx_word' id='word_1_213' title='bbox 413 3299 567 3398; x_wconf 91' lang='lat' dir='ltr'>simplici</span> <span class='ocrx_word' id='word_1_214' title='bbox 587 3323 630 3373; x_wconf 88' lang='lat' dir='ltr'>ac</span> <span class='ocrx_word' id='word_1_215' title='bbox 647 3298 822 3396; x_wconf 79' lang='lat' dir='ltr'>pectorali</span> <span class='ocrx_word' id='word_1_216' title='bbox 842 3322 926 3372; x_wconf 92' lang='lat' dir='ltr'>cum</span> <span class='ocrx_word' id='word_1_217' title='bbox 946 3298 1056 3396; x_wconf 90' lang='lat' dir='ltr'>perlis</span> <span class='ocrx_word' id='word_1_218' title='bbox 1077 3305 1113 3373; x_wconf 90' lang='lat' dir='ltr'>et</span> <span class='ocrx_word' id='word_1_219' title='bbox 1133 3298 1238 3372; x_wconf 88' lang='lat' dir='ltr'>mitra</span> <span class='ocrx_word' id='word_1_220' title='bbox 1260 3297 1445 3397; x_wconf 82' lang='lat' dir='ltr'>simplice3</span> 
     </span>
     <span class='ocr_line' id='line_1_24' title="bbox 110 3421 1446 3520; baseline 0.001 -23"><span class='ocrx_word' id='word_1_221' title='bbox 110 3429 149 3497; x_wconf 91' lang='lat' dir='ltr'>et</span> <span class='ocrx_word' id='word_1_222' title='bbox 177 3423 250 3496; x_wconf 89' lang='lat' dir='ltr'>alia</span> <span class='ocrx_word' id='word_1_223' title='bbox 277 3422 371 3496; x_wconf 86' lang='lat' dir='ltr'>facta</span> <span class='ocrx_word' id='word_1_224' title='bbox 398 3427 482 3496; x_wconf 92' lang='lat' dir='ltr'>sunt</span> <span class='ocrx_word' id='word_1_225' title='bbox 508 3427 614 3520; x_wconf 88' lang='lat' dir='ltr'>prout</span> <span class='ocrx_word' id='word_1_226' title='bbox 638 3421 675 3494; x_wconf 93' lang='lat' dir='ltr'>in</span> <span class='ocrx_word' id='word_1_227' title='bbox 702 3421 949 3496; x_wconf 88' lang='lat' dir='ltr'>ceremoniali.</span> <span class='ocrx_word' id='word_1_228' title='bbox 973 3426 1098 3496; x_wconf 90' lang='lat' dir='ltr'>Rmus.</span> <span class='ocrx_word' id='word_1_229' title='bbox 1121 3426 1165 3496; x_wconf 88' lang='lat' dir='ltr'>D.</span> <span class='ocrx_word' id='word_1_230' title='bbox 1184 3425 1375 3498; x_wconf 88' lang='lat' dir='ltr'>cardinalis</span> <span class='ocrx_word' id='word_1_231' title='bbox 1401 3426 1446 3498; x_wconf 88' lang='lat' dir='ltr'>de</span> 
     </span>
     <span class='ocr_line' id='line_1_25' title="bbox 112 3547 1449 3647; baseline -0.001 -24"><span class='ocrx_word' id='word_1_232' title='bbox 112 3547 269 3624; x_wconf 89' lang='lat' dir='ltr'>Sabellis</span> <span class='ocrx_word' id='word_1_233' title='bbox 299 3547 457 3622; x_wconf 86' lang='lat' dir='ltr'>cantavit</span> <span class='ocrx_word' id='word_1_234' title='bbox 488 3547 727 3645; x_wconf 86' lang='lat' dir='ltr'>evangelium.</span> <span class='ocrx_word' id='word_1_235' title='bbox 763 3550 872 3644; x_wconf 86' lang='lat' dir='ltr'>Papa,</span> <span class='ocrx_word' id='word_1_236' title='bbox 909 3547 1074 3644; x_wconf 91' lang='lat' dir='ltr'>deposito</span> <span class='ocrx_word' id='word_1_237' title='bbox 1105 3549 1204 3644; x_wconf 92' lang='lat' dir='ltr'>prius</span> <span class='ocrx_word' id='word_1_238' title='bbox 1237 3550 1382 3647; x_wconf 87' lang='lat' dir='ltr'>pluviali</span> <span class='ocrx_word' id='word_1_239' title='bbox 1414 3557 1449 3623; x_wconf 90' lang='lat' dir='ltr'>et</span> 
     </span>
     <span class='ocr_line' id='line_1_26' title="bbox 110 3671 1448 3769; baseline 0 -22"><span class='ocrx_word' id='word_1_240' title='bbox 110 3697 310 3748; x_wconf 89' lang='lat' dir='ltr'>remanens</span> <span class='ocrx_word' id='word_1_241' title='bbox 324 3673 360 3746; x_wconf 91' lang='lat' dir='ltr'>in</span> <span class='ocrx_word' id='word_1_242' title='bbox 377 3673 457 3748; x_wconf 88' lang='lat' dir='ltr'>alba</span> <span class='ocrx_word' id='word_1_243' title='bbox 473 3678 510 3747; x_wconf 90' lang='lat' dir='ltr'>et</span> <span class='ocrx_word' id='word_1_244' title='bbox 527 3673 619 3746; x_wconf 90' lang='lat' dir='ltr'>stola</span> <span class='ocrx_word' id='word_1_245' title='bbox 634 3679 671 3746; x_wconf 92' lang='lat' dir='ltr'>et</span> <span class='ocrx_word' id='word_1_246' title='bbox 689 3671 796 3745; x_wconf 89' lang='lat' dir='ltr'>mitra</span> <span class='ocrx_word' id='word_1_247' title='bbox 815 3673 1027 3769; x_wconf 84' lang='lat' dir='ltr'>genuflexus</span> <span class='ocrx_word' id='word_1_248' title='bbox 1043 3697 1126 3746; x_wconf 89' lang='lat' dir='ltr'>oum</span> <span class='ocrx_word' id='word_1_249' title='bbox 1141 3673 1247 3748; x_wconf 86' lang='lat' dir='ltr'>mitra</span> <span class='ocrx_word' id='word_1_250' title='bbox 1266 3674 1354 3748; x_wconf 89' lang='lat' dir='ltr'>lavit</span> <span class='ocrx_word' id='word_1_251' title='bbox 1374 3674 1448 3748; x_wconf 90' lang='lat' dir='ltr'>sin-</span> 
     </span>
     <span class='ocr_line' id='line_1_27' title="bbox 109 3797 1448 3897; baseline 0.001 -25"><span class='ocrx_word' id='word_1_252' title='bbox 109 3799 203 3897; x_wconf 83' lang='lat' dir='ltr'>gulis</span> <span class='ocrx_word' id='word_1_253' title='bbox 226 3799 358 3896; x_wconf 89' lang='lat' dir='ltr'>pedem</span> <span class='ocrx_word' id='word_1_254' title='bbox 384 3799 563 3890; x_wconf 85' lang='lat' dir='ltr'>dextrum,</span> <span class='ocrx_word' id='word_1_255' title='bbox 591 3799 775 3873; x_wconf 88' lang='lat' dir='ltr'>osculatus</span> <span class='ocrx_word' id='word_1_256' title='bbox 800 3804 856 3873; x_wconf 87' lang='lat' dir='ltr'>est</span> <span class='ocrx_word' id='word_1_257' title='bbox 881 3821 965 3870; x_wconf 91' lang='lat' dir='ltr'>eum</span> <span class='ocrx_word' id='word_1_258' title='bbox 985 3804 1022 3872; x_wconf 90' lang='lat' dir='ltr'>et</span> <span class='ocrx_word' id='word_1_259' title='bbox 1046 3797 1144 3872; x_wconf 87' lang='lat' dir='ltr'>dedit</span> <span class='ocrx_word' id='word_1_260' title='bbox 1168 3799 1319 3897; x_wconf 86' lang='lat' dir='ltr'>singulis</span> <span class='ocrx_word' id='word_1_261' title='bbox 1341 3823 1448 3874; x_wconf 91' lang='lat' dir='ltr'>suum</span> 
     </span>
     <span class='ocr_line' id='line_1_28' title="bbox 111 3922 1449 4022; baseline -0.001 -22"><span class='ocrx_word' id='word_1_262' title='bbox 111 3925 263 4000; x_wconf 85' lang='lat' dir='ltr'>mantile</span> <span class='ocrx_word' id='word_1_263' title='bbox 274 3930 312 3998; x_wconf 91' lang='lat' dir='ltr'>et</span> <span class='ocrx_word' id='word_1_264' title='bbox 325 3924 415 3999; x_wconf 92' lang='lat' dir='ltr'>duos</span> <span class='ocrx_word' id='word_1_265' title='bbox 431 3925 582 4000; x_wconf 89' lang='lat' dir='ltr'>ducatos</span> <span class='ocrx_word' id='word_1_266' title='bbox 602 3948 684 3998; x_wconf 88' lang='lat' dir='ltr'>cum</span> <span class='ocrx_word' id='word_1_267' title='bbox 699 3923 839 3998; x_wconf 91' lang='lat' dir='ltr'>duobus</span> <span class='ocrx_word' id='word_1_268' title='bbox 859 3922 1024 3996; x_wconf 88' lang='lat' dir='ltr'>carlenis.</span> <span class='ocrx_word' id='word_1_269' title='bbox 1049 3924 1168 3998; x_wconf 90' lang='lat' dir='ltr'>Bacile</span> <span class='ocrx_word' id='word_1_270' title='bbox 1182 3948 1265 3998; x_wconf 86' lang='lat' dir='ltr'>curn</span> <span class='ocrx_word' id='word_1_271' title='bbox 1282 3925 1449 4022; x_wconf 89' lang='lat' dir='ltr'>pecuniis</span> 
     </span>
     <span class='ocr_line' id='line_1_29' title="bbox 111 4047 1450 4148; baseline -0.001 -23"><span class='ocrx_word' id='word_1_272' title='bbox 111 4051 268 4148; x_wconf 84' lang='lat' dir='ltr'>portauit</span> <span class='ocrx_word' id='word_1_273' title='bbox 281 4053 323 4124; x_wconf 86' lang='lat' dir='ltr'>D.</span> <span class='ocrx_word' id='word_1_274' title='bbox 337 4053 475 4148; x_wconf 87' lang='lat' dir='ltr'>Gaspar</span> <span class='ocrx_word' id='word_1_275' title='bbox 489 4050 648 4124; x_wconf 83' lang='lat' dir='ltr'>Blandus</span> <span class='ocrx_word' id='word_1_276' title='bbox 665 4049 818 4123; x_wconf 89' lang='lat' dir='ltr'>clericus</span> <span class='ocrx_word' id='word_1_277' title='bbox 834 4071 993 4138; x_wconf 89' lang='lat' dir='ltr'>camere,</span> <span class='ocrx_word' id='word_1_278' title='bbox 1008 4047 1104 4122; x_wconf 89' lang='lat' dir='ltr'>aluid</span> <span class='ocrx_word' id='word_1_279' title='bbox 1119 4050 1234 4124; x_wconf 90' lang='lat' dir='ltr'>bacile</span> <span class='ocrx_word' id='word_1_280' title='bbox 1251 4074 1333 4124; x_wconf 90' lang='lat' dir='ltr'>cum</span> <span class='ocrx_word' id='word_1_281' title='bbox 1349 4073 1450 4124; x_wconf 90' lang='lat' dir='ltr'>man-</span> 
     </span>
     <span class='ocr_line' id='line_1_30' title="bbox 113 4173 1445 4273; baseline -0.002 -24"><span class='ocrx_word' id='word_1_282' title='bbox 113 4175 236 4250; x_wconf 89' lang='lat' dir='ltr'>tilibus</span> <span class='ocrx_word' id='word_1_283' title='bbox 251 4175 406 4273; x_wconf 82' lang='lat' dir='ltr'>portarit</span> <span class='ocrx_word' id='word_1_284' title='bbox 419 4180 463 4249; x_wconf 87' lang='lat' dir='ltr'>D.</span> <span class='ocrx_word' id='word_1_285' title='bbox 480 4175 693 4250; x_wconf 85' lang='lat' dir='ltr'>Franciscus</span> <span class='ocrx_word' id='word_1_286' title='bbox 710 4173 858 4248; x_wconf 84' lang='lat' dir='ltr'>Brevius</span> <span class='ocrx_word' id='word_1_287' title='bbox 869 4173 1111 4265; x_wconf 88' lang='lat' dir='ltr'>auditorrote,</span> <span class='ocrx_word' id='word_1_288' title='bbox 1122 4175 1205 4272; x_wconf 90' lang='lat' dir='ltr'>quia</span> <span class='ocrx_word' id='word_1_289' title='bbox 1218 4175 1337 4248; x_wconf 91' lang='lat' dir='ltr'>nullus</span> <span class='ocrx_word' id='word_1_290' title='bbox 1353 4174 1445 4249; x_wconf 90' lang='lat' dir='ltr'>alius</span> 
     </span>
     <span class='ocr_line' id='line_1_31' title="bbox 113 4299 1448 4398; baseline -0.003 -22"><span class='ocrx_word' id='word_1_291' title='bbox 113 4301 270 4376; x_wconf 89' lang='lat' dir='ltr'>clericus</span> <span class='ocrx_word' id='word_1_292' title='bbox 294 4324 437 4376; x_wconf 88' lang='lat' dir='ltr'>camere</span> <span class='ocrx_word' id='word_1_293' title='bbox 461 4301 509 4374; x_wconf 94' lang='lat' dir='ltr'>ibi</span> <span class='ocrx_word' id='word_1_294' title='bbox 532 4308 622 4376; x_wconf 89' lang='lat' dir='ltr'>erat.</span> <span class='ocrx_word' id='word_1_295' title='bbox 648 4301 798 4376; x_wconf 86' lang='lat' dir='ltr'>illustris</span> <span class='ocrx_word' id='word_1_296' title='bbox 828 4305 871 4378; x_wconf 85' lang='lat' dir='ltr'>D.</span> <span class='ocrx_word' id='word_1_297' title='bbox 896 4323 1050 4398; x_wconf 83' lang='lat' dir='ltr'>magnus</span> <span class='ocrx_word' id='word_1_298' title='bbox 1077 4300 1150 4373; x_wconf 85' lang='lat' dir='ltr'>dux</span> <span class='ocrx_word' id='word_1_299' title='bbox 1178 4299 1448 4397; x_wconf 89' lang='lat' dir='ltr'>Monopoleusis</span> 
     </span>
     <span class='ocr_line' id='line_1_32' title="bbox 113 4423 1448 4525; baseline -0.005 -23"><span class='ocrx_word' id='word_1_300' title='bbox 113 4427 213 4503; x_wconf 87' lang='lat' dir='ltr'>dedit</span> <span class='ocrx_word' id='word_1_301' title='bbox 224 4449 358 4524; x_wconf 91' lang='lat' dir='ltr'>aquam</span> <span class='ocrx_word' id='word_1_302' title='bbox 374 4425 549 4525; x_wconf 79' lang='lat' dir='ltr'>pontifici.</span> <span class='ocrx_word' id='word_1_303' title='bbox 568 4425 648 4500; x_wconf 80' lang='lat' dir='ltr'>alia</span> <span class='ocrx_word' id='word_1_304' title='bbox 667 4427 789 4502; x_wconf 90' lang='lat' dir='ltr'>omnia</span> <span class='ocrx_word' id='word_1_305' title='bbox 808 4427 1002 4502; x_wconf 83' lang='lat' dir='ltr'>factasunt</span> <span class='ocrx_word' id='word_1_306' title='bbox 1024 4431 1133 4523; x_wconf 88' lang='lat' dir='ltr'>prout</span> <span class='ocrx_word' id='word_1_307' title='bbox 1155 4425 1193 4500; x_wconf 91' lang='lat' dir='ltr'>in</span> <span class='ocrx_word' id='word_1_308' title='bbox 1215 4423 1448 4500; x_wconf 88' lang='lat' dir='ltr'>ceremoniali</span> 
     </span>
     <span class='ocr_line' id='line_1_33' title="bbox 114 4577 222 4628; baseline 0 -1"><span class='ocrx_word' id='word_1_309' title='bbox 114 4577 222 4628; x_wconf 83' lang='lat' dir='ltr'>noro.</span> 
     </span>
    </p>

    <p class='ocr_par' dir='ltr' id='par_1_4' title="bbox 113 4672 1451 5277">
     <span class='ocr_line' id='line_1_34' title="bbox 160 4672 1450 4774; baseline -0.006 -21"><span class='ocrx_word' id='word_1_310' title='bbox 160 4683 257 4754; x_wconf 89' lang='lat' dir='ltr'>Nota</span> <span class='ocrx_word' id='word_1_311' title='bbox 271 4683 395 4751; x_wconf 90' lang='lat' dir='ltr'>tamen</span> <span class='ocrx_word' id='word_1_312' title='bbox 415 4677 511 4774; x_wconf 92' lang='lat' dir='ltr'>quod</span> <span class='ocrx_word' id='word_1_313' title='bbox 531 4679 655 4750; x_wconf 88' lang='lat' dir='ltr'>Rmus.</span> <span class='ocrx_word' id='word_1_314' title='bbox 675 4679 719 4749; x_wconf 85' lang='lat' dir='ltr'>D.</span> <span class='ocrx_word' id='word_1_315' title='bbox 742 4675 933 4750; x_wconf 88' lang='lat' dir='ltr'>cardinalis</span> <span class='ocrx_word' id='word_1_316' title='bbox 955 4701 984 4748; x_wconf 91' lang='lat' dir='ltr'>s.</span> <span class='ocrx_word' id='word_1_317' title='bbox 1008 4675 1119 4750; x_wconf 88' lang='lat' dir='ltr'>Marci</span> <span class='ocrx_word' id='word_1_318' title='bbox 1139 4699 1198 4748; x_wconf 90' lang='lat' dir='ltr'>me</span> <span class='ocrx_word' id='word_1_319' title='bbox 1215 4672 1450 4772; x_wconf 90' lang='lat' dir='ltr'>reprehendit</span> 
     </span>
     <span class='ocr_line' id='line_1_35' title="bbox 115 4797 1448 4902; baseline -0.007 -23"><span class='ocrx_word' id='word_1_320' title='bbox 115 4805 212 4902; x_wconf 92' lang='lat' dir='ltr'>quod</span> <span class='ocrx_word' id='word_1_321' title='bbox 225 4802 377 4902; x_wconf 88' lang='lat' dir='ltr'>permisi</span> <span class='ocrx_word' id='word_1_322' title='bbox 389 4802 625 4876; x_wconf 89' lang='lat' dir='ltr'>mutationem</span> <span class='ocrx_word' id='word_1_323' title='bbox 645 4801 735 4876; x_wconf 89' lang='lat' dir='ltr'>stole</span> <span class='ocrx_word' id='word_1_324' title='bbox 756 4806 792 4875; x_wconf 92' lang='lat' dir='ltr'>et</span> <span class='ocrx_word' id='word_1_325' title='bbox 812 4801 973 4899; x_wconf 89' lang='lat' dir='ltr'>pluvialis</span> <span class='ocrx_word' id='word_1_326' title='bbox 995 4805 1089 4898; x_wconf 87' lang='lat' dir='ltr'>Papa</span> <span class='ocrx_word' id='word_1_327' title='bbox 1110 4801 1155 4874; x_wconf 91' lang='lat' dir='ltr'>de</span> <span class='ocrx_word' id='word_1_328' title='bbox 1171 4799 1260 4874; x_wconf 90' lang='lat' dir='ltr'>albis</span> <span class='ocrx_word' id='word_1_329' title='bbox 1276 4799 1312 4872; x_wconf 92' lang='lat' dir='ltr'>in</span> <span class='ocrx_word' id='word_1_330' title='bbox 1328 4797 1448 4872; x_wconf 91' lang='lat' dir='ltr'>rubeis</span> 
     </span>
     <span class='ocr_line' id='line_1_36' title="bbox 115 4922 1450 5027; baseline -0.005 -25"><span class='ocrx_word' id='word_1_331' title='bbox 115 4929 193 5004; x_wconf 86' lang='lat' dir='ltr'>fieri</span> <span class='ocrx_word' id='word_1_332' title='bbox 208 4930 247 5002; x_wconf 92' lang='lat' dir='ltr'>in</span> <span class='ocrx_word' id='word_1_333' title='bbox 267 4927 406 5027; x_wconf 89' lang='lat' dir='ltr'>capella</span> <span class='ocrx_word' id='word_1_334' title='bbox 424 4928 563 5026; x_wconf 87' lang='lat' dir='ltr'>majore</span> <span class='ocrx_word' id='word_1_335' title='bbox 585 4933 667 5023; x_wconf 91' lang='lat' dir='ltr'>post</span> <span class='ocrx_word' id='word_1_336' title='bbox 688 4926 850 5018; x_wconf 90' lang='lat' dir='ltr'>missam,</span> <span class='ocrx_word' id='word_1_337' title='bbox 874 4933 1069 5022; x_wconf 88' lang='lat' dir='ltr'>antequam</span> <span class='ocrx_word' id='word_1_338' title='bbox 1089 4949 1220 5023; x_wconf 89' lang='lat' dir='ltr'>corpus</span> <span class='ocrx_word' id='word_1_339' title='bbox 1242 4923 1388 4998; x_wconf 83' lang='lat' dir='ltr'>Domini</span> <span class='ocrx_word' id='word_1_340' title='bbox 1404 4922 1450 4996; x_wconf 92' lang='lat' dir='ltr'>ad</span> 
     </span>
     <span class='ocr_line' id='line_1_37' title="bbox 113 5049 1447 5152; baseline -0.007 -22"><span class='ocrx_word' id='word_1_341' title='bbox 113 5078 260 5152; x_wconf 83' lang='lat' dir='ltr'>parvam</span> <span class='ocrx_word' id='word_1_342' title='bbox 280 5053 456 5152; x_wconf 86' lang='lat' dir='ltr'>capellam</span> <span class='ocrx_word' id='word_1_343' title='bbox 475 5053 726 5127; x_wconf 87' lang='lat' dir='ltr'>associaretur.</span> <span class='ocrx_word' id='word_1_344' title='bbox 744 5053 870 5129; x_wconf 89' lang='lat' dir='ltr'>Visum</span> <span class='ocrx_word' id='word_1_345' title='bbox 884 5051 982 5126; x_wconf 87' lang='lat' dir='ltr'>enim</span> <span class='ocrx_word' id='word_1_346' title='bbox 998 5049 1113 5124; x_wconf 80' lang='lat' dir='ltr'>fuitei</span> <span class='ocrx_word' id='word_1_347' title='bbox 1129 5056 1164 5123; x_wconf 91' lang='lat' dir='ltr'>et</span> <span class='ocrx_word' id='word_1_348' title='bbox 1180 5050 1315 5147; x_wconf 85' lang='lat' dir='ltr'>optime</span> <span class='ocrx_word' id='word_1_349' title='bbox 1331 5049 1447 5122; x_wconf 86' lang='lat' dir='ltr'>visum</span> 
     </span>
     <span class='ocr_line' id='line_1_38' title="bbox 118 5165 1451 5277; baseline -0.008 -23"><span class='ocrx_word' id='word_1_350' title='bbox 118 5180 216 5277; x_wconf 91' lang='lat' dir='ltr'>quod</span> <span class='ocrx_word' id='word_1_351' title='bbox 230 5180 267 5254; x_wconf 94' lang='lat' dir='ltr'>in</span> <span class='ocrx_word' id='word_1_352' title='bbox 283 5180 375 5254; x_wconf 88' lang='lat' dir='ltr'>albis</span> <span class='ocrx_word' id='word_1_353' title='bbox 389 5178 608 5277; x_wconf 84' lang='lat' dir='ltr'>paramentis</span> <span class='ocrx_word' id='word_1_354' title='bbox 629 5165 784 5255; x_wconf 83' lang='lat' dir='ltr'>debebat</span> <span class='ocrx_word' id='word_1_355' title='bbox 804 5181 1070 5252; x_wconf 89' lang='lat' dir='ltr'>sacramentum</span> <span class='ocrx_word' id='word_1_356' title='bbox 1085 5175 1221 5272; x_wconf 90' lang='lat' dir='ltr'>portari</span> <span class='ocrx_word' id='word_1_357' title='bbox 1238 5181 1274 5248; x_wconf 89' lang='lat' dir='ltr'>et</span> <span class='ocrx_word' id='word_1_358' title='bbox 1288 5175 1396 5248; x_wconf 87' lang='lat' dir='ltr'>etiam</span> <span class='ocrx_word' id='word_1_359' title='bbox 1415 5173 1451 5245; x_wconf 89' lang='lat' dir='ltr'>in</span> 
     </span>
    </p>
   </div>
   <div class='ocr_carea' id='block_1_3' title="bbox 0 0 1722 6038">
    <p class='ocr_par' dir='ltr' id='par_1_5' title="bbox 0 0 1722 6038">
     <span class='ocr_line' id='line_1_39' title="bbox 0 0 1722 6038; baseline 0 2"><span class='ocrx_word' id='word_1_360' title='bbox 0 0 1722 6038; x_wconf 95' lang='lat' dir='ltr'> </span> 
     </span>
    </p>
   </div>
  </div>
 </body>
</html>
