3422 6034
309 452 362 508 111
765 451 939 508 11111111
963 451 1183 524 abacorum,
1477 455 1630 524 [111111
1704 447 1705 450 ‘

309 605 402 678 tibus
419 629 484 706 per
499 606 590 680 viam
606 607 703 701 Papa
716 611 752 679 et
767 606 925 702 parionis
939 607 1109 703 equitavit
1131 609 1177 684 ad
1198 608 1390 684 ecclesiam
1401 610 1514 684 beate
1527 611 1627 684 llarie

310 758 418 831 supra
442 733 660 808 Minervam:
680 733 754 822 ubi,
782 733 876 808 iacta
900 735 1062 810 oratione
1086 742 1170 810 aute
1194 736 1306 810 altare
1330 736 1504 833 deposuit
1529 760 1628 832 capu-

312 860 456 934 ciumet
471 859 613 950 stolam,
632 859 825 956 assumpsit
847 860 975 934 stolam
995 866 1031 934 ot
1051 861 1205 958 pluviale
1224 861 1326 936 albos
1339 862 1538 957 pretiosos,
1555 861 1628 934 iecit

310 987 576 1060 contessionem
601 991 683 1059 ante
709 985 820 1060 altare
845 1010 928 1059 cum
953 986 1173 1076 celebranto,
1203 985 1333 1062 deinde
1356 986 1504 1082 accepit
1527 987 1632 1058 cardi-

310 1111 410 1184 nales
448 1111 492 1184 ad
526 1113 763 1186 reverentiam
795 1111 928 1184 atalia
959 1112 1084 1185 ordine
1114 1119 1288 1186 consueto
1321 1118 1404 1186 suut
1435 1110 1629 1184 observata.

311 1235 455 1333 Capella
482 1235 646 1310 ordinata
680 1236 746 1310 luit
780 1242 887 1333 prout
923 1235 1099 1332 superiori
1135 1258 1230 1310 anno
1260 1233 1429 1334 proxime
1468 1237 1631 1332 preterito

309 1361 524 1436 describitur
542 1387 549 1435 :
568 1361 668 1459 prior
683 1361 977 1460 presbyterorum
998 1361 1233 1436 cardinalium
1255 1383 1327 1436 non
1347 1361 1448 1434 venit
1469 1360 1517 1432 ad
1535 1360 1633 1432 assis-

310 1485 457 1559 tentiam
485 1486 569 1582 quia
597 1509 669 1560 non
696 1491 773 1560 erat
795 1509 861 1583 pro
891 1509 935 1559 eo
964 1485 1183 1576 scabellum;
1209 1485 1387 1583 potuisset
1406 1494 1535 1560 tamen
1557 1487 1631 1558 satis

309 1613 500 1687 commode
516 1611 644 1710 aptari.
663 1611 868 1686 cardinales
889 1610 935 1684 ad
954 1611 1155 1700 introitum,
1182 1609 1317 1700 Gloria,
1339 1610 1472 1703 Credo,
1489 1610 1633 1684 Saarna

308 1743 344 1812 et
367 1736 500 1834 Aquas
527 1736 603 1828 oet,
632 1742 806 1811 venerunt
838 1735 884 1810 ad
912 1737 1100 1810 circulum.
1130 1737 1277 1810 Missam
1308 1736 1510 1810 celebravit
1542 1741 1580 1808 R.
1603 1738 1633 1808 in

307 1859 450 1934 Christo
479 1864 517 1933 P.
543 1859 584 1934 D.
610 1860 724 1952 Titus,
752 1861 941 1959 episcopus
970 1861 1169 1936 Castrensis
1195 1861 1231 1932 in
1256 1861 1492 1958 patrimonio,
1516 1869 1632 1934 11111
1705 1917 1706 1964 ,

308 1983 523 2060 1111111111.
548 1986 664 2059 Finita
687 1986 797 2060 missa
824 1993 859 2060 et
880 1987 1133 2060 benedictione
1161 2009 1226 2084 per
1247 1985 1463 2083 pontificem
1479 1985 1575 2074 data,
1596 1985 1633 2058 de
1705 2015 1706 2076 3

307 2112 387 2207 ejus
401 2111 547 2185 licentia
560 2121 732 2185 venerunt
746 2113 817 2185 dno
834 2136 877 2184 ex
894 2112 1132 2185 confratribus
1149 2112 1496 2201 Α111111111,1111
1514 2112 1629 2198 torcio,
1705 2089 1706 2168 1

306 2235 421 2310 bacile
450 2260 515 2334 pro
540 2236 743 2332 colligenda
766 2236 947 2310 oblatione
972 2243 1159 2334 portantes
1187 2241 1269 2310 ante
1306 2236 1537 2333 pontificem.
1565 2245 1630 2320 Qun

305 2360 399 2433 lacto
414 2362 455 2432 ll.
473 2360 728 2450 Bernardinus,
752 2366 914 2434 secretus
937 2361 1193 2450 cubicularius,
1212 2360 1365 2459 projecit
1382 2360 1420 2432 11
1436 2361 1556 2434 bacile
1571 2360 1631 2433 111-
1705 2391 1706 2398 ¹

306 2484 661 2582 citerquinquaginta
676 2485 841 2560 ducatos.
859 2491 1102 2560 Accesserant
1113 2486 1243 2560 deinde
1255 2487 1301 2559 ad
1315 2487 1404 2560 alios
1417 2485 1628 2572 cardinales,

306 2633 460 2706 quorum
476 2610 582 2706 aliqui
604 2611 780 2684 dederunt
799 2613 982 2704 ducatum,
1006 2612 1113 2708 aliqui
1129 2613 1230 2684 nihil.
1251 2615 1345 2684 ¹Tum
1366 2615 1466 2708 Papa
1487 2609 1630 2686 accessit

305 2739 388 2808 ante
404 2734 563 2808 medium
576 2733 711 2824 altaris,
731 2736 804 2825 ubi,
818 2736 982 2834 deposito
998 2737 1153 2834 pluviali,
1171 2737 1277 2818 mitra
1293 2744 1329 2810 ct
1344 2737 1438 2810 stola
1454 2735 1627 2833 pretiosis,

305 2857 446 2954 accepit
462 2858 590 2931 stolam
607 2860 755 2932 rubeam
772 2868 806 2935 et
823 2862 1011 2958 capucium
1028 2885 1098 2957 que
1115 2861 1212 2959 prins
1227 2869 1446 2958 portaverat,
1462 2869 1499 2934 et
1516 2883 1629 2958 prece-

305 2981 472 3056 dentibus
487 2983 604 3081 ipsum
619 3008 726 3058 cruce
743 2991 778 3060 11
793 2987 1048 3079 cardinalibus,
1065 2988 1234 3082 equitavit
1254 2987 1300 3060 ad
1320 2987 1517 3062 ecclesiam
1530 2987 1626 3060 beate

304 3107 415 3182 Maria
431 3107 476 3183 de
493 3109 644 3207 Popula,
661 3109 790 3186 deinde
802 3113 848 3186 ad
860 3112 1031 3210 palatium
1050 3140 1057 3184 :
1074 3112 1172 3186 dedit
1184 3119 1306 3186 autem
1319 3113 1508 3186 licentiam
1524 3110 1627 3186 cardi-

303 3231 442 3306 nalibus
471 3242 664 3342 postqpam
691 3242 840 3332 pontem
866 3262 895 3310 s.
917 3221 1047 3334 Angeli
1074 3238 1316 3334 pertransivit,
1346 3237 1407 3334 qui
1431 3238 1480 3310 ad
1507 3237 1623 3310 domos

303 3379 400 3446 suas,
417 3358 566 3430 dimisso
581 3360 766 3455 pontifice,
786 3361 981 3436 redierunt.

354 3480 467 3554 Habui
489 3489 609 3556 autem
632 3483 702 3556 hoc
725 3508 831 3559 mane
853 3487 966 3560 multa
988 3487 1098 3561 verba
1122 3511 1205 3561 cum
1229 3489 1413 3584 pontilice.
1438 3488 1520 3562 Dixi
1537 3487 1622 3562 enim

303 3605 542 3700 quodminus
572 3609 807 3684 conveniebat
841 3613 1033 3708 capucium
1061 3611 1182 3686 album
1211 3613 1275 3686 sed
1303 3612 1449 3709 proprie
1480 3613 1621 3686 rubeum

302 3735 445 3826 portare
466 3734 700 3807 conveniebat
723 3759 831 3832 supra
855 3736 1467 3826 111111111111111111111111111,
1486 3747 1522 3812 et
1536 3735 1620 3833 quod

302 3855 501 3928 cardinales
538 3859 771 3932 Sanctitatem
804 3885 905 3934 suam
938 3863 1038 3958 sequi
1074 3863 1269 3954 deberent,
1305 3887 1378 3936 non
1416 3865 1615 3960 precedere.
1706 3917 1707 3962 ,

301 3983 436 4053 Tamen
452 3982 631 4056 Sanctitas
645 4007 710 4057 sua
728 3985 854 4060 dicens
879 3988 1017 4060 Sixtum
1038 3991 1100 4060 llll
1123 3989 1420 4086 predecessorem
1446 4013 1550 4064 suum
1573 3988 1615 4060 sic
1706 4029 1707 4032 =

301 4105 463 4202 equitare
480 4107 624 4180 solitum
643 4107 752 4184 luisse
766 4111 820 4183 bis
837 4112 964 4186 diebus
980 4137 1062 4188 cum
1078 4114 1159 4187 albo
1175 4115 1367 4212 capucium
1387 4123 1423 4188 ct
1439 4119 1560 4190 Rmus.
1578 4117 1614 4184 D.

299 4232 615 4306 vicecancellarius
631 4235 764 4308 nullam
786 4238 964 4311 rationem
985 4239 1189 4329 attendens,
1214 4239 1302 4312 dixit
1322 4239 1524 4316 cardinales
1543 4260 1614 4336 pre-

299 4359 429 4432 cedere
444 4359 578 4433 debere
598 4384 604 4432 :
624 4360 672 4433 ita
687 4369 808 4435 actum
824 4371 892 4454 est,
911 4369 950 4438 ut
963 4388 1072 4461 supra
1084 4375 1262 4456 narratur,
1281 4367 1442 4462 quamvis
1461 4368 1613 4439 inconve

298 4481 452 4556 nienter.

348 4607 536 4682 Dominica
551 4613 678 4684 Letare
691 4619 817 4708 quarta
832 4613 1120 4711 quadragesime,
1138 4615 1329 4706 2911111111,
1348 4620 1472 4690 Rmus.
1489 4621 1529 4690 D.
1546 4637 1610 4688 car-

298 4731 425 4806 dinalis
441 4737 714 4810 Beneventanus
728 4739 919 4814 celebravit
931 4741 1079 4814 missam
1090 4741 1272 4838 publicam
1285 4742 1321 4814 11
1333 4741 1473 4839 capella
1486 4743 1606 4838 majore

298 4858 515 4952 supradicta,
538 4865 635 4958 Papa
653 4872 836 4958 presente,
861 4867 935 4961 qui,
960 4866 1151 4940 benedicta
1173 4891 1267 4958 1111,
1291 4869 1327 4940 11
1353 4893 1497 4944 camera
1513 4889 1607 4967 papa·

176 5073 180 5082 .
296 4981 380 5076 galli
396 5006 496 5057 more
521 4985 638 5077 solito,
661 4989 755 5062 venit
776 4990 821 5062 ad
838 4992 1028 5087 capellam,
1052 4993 1181 5089 inqua
1206 4994 1341 5084 omnia,
1367 5001 1404 5066 ut
1425 4994 1602 5076 morisest,

293 5112 376 5177 sunt
400 5116 558 5201 peracta.
586 5112 799 5186 Sermonem
825 5114 911 5187 lecit
935 5125 1146 5212 procurator
1170 5119 1305 5192 ordinis
1330 5120 1595 5194 carmelitarum.
