3600 6094
136 433 306 502 [sortitas]
483 430 609 488 RERUM
632 428 861 488 undenarium
885 429 1146 492 COltlllENTAllll.
1447 444 1482 500 25

193 591 301 667 Feria
316 597 442 688 quarta
456 589 591 664 mensis
607 589 747 686 augusti
764 593 823 678 25,
834 591 958 664 Rmus.
972 593 1013 665 D.
1029 589 1219 664 cardinalis
1236 594 1350 668 sancti
1365 596 1479 668 Marci

133 720 178 794 in
195 717 348 792 basilica
367 716 481 790 sancti
496 713 607 804 Petri,
625 723 662 790 et
677 715 788 789 altare
811 721 893 788 ante
917 715 1131 806 cancellum,
1156 723 1193 790 ut
1215 743 1322 817 supra
1337 727 1478 818 parato,

133 844 177 916 in
190 849 401 917 ceterorum
414 865 517 916 xxnn
535 845 753 915 Rllmorum.
767 844 842 914 Dl).
857 841 1091 914 cardinalium
1103 845 1298 940 presentia,
1314 852 1349 920 et
1366 846 1482 944 prela-

136 973 279 1056 torum,
293 971 330 1041 et
344 973 527 1041 oratorum
544 967 580 1040 in
596 990 743 1040 romana
754 965 851 1040 curia
863 966 1106 1058 existentium,
1120 967 1313 1044 celebravit
1329 971 1480 1044 missam

136 1092 350 1168 solemnem
370 1093 416 1166 de
445 1093 570 1189 spiritu
590 1099 715 1166 sancto
741 1117 823 1166 cum
848 1093 1010 1166 oratione
1033 1095 1274 1186 convenienti,
1302 1101 1338 1169 et
1365 1097 1483 1193 prefu-

135 1219 259 1308 tione,
278 1217 421 1292 omissis
435 1218 553 1291 verbis
566 1217 736 1291 hodierna
755 1218 823 1308 die,
842 1224 891 1308 et,
910 1217 939 1290 si
959 1219 1051 1292 bene
1074 1219 1236 1308 memini,
1254 1221 1351 1294 dicta
1364 1222 1481 1318 prima

136 1343 310 1416 oratione
335 1343 401 1416 sub
426 1366 489 1418 sua
512 1343 758 1434 conclusione,
785 1343 874 1418 dixit
904 1343 1023 1436 aliam,
1051 1350 1086 1418 et
1109 1345 1223 1434 bene;
1250 1347 1358 1420 debet
1383 1347 1480 1420 enim

136 1473 218 1546 dici
248 1495 313 1569 pro
342 1470 518 1545 electione
552 1470 659 1544 futuri
688 1469 883 1567 pontificis,
907 1470 1045 1544 scilieet
1072 1495 1079 1542 ε
1106 1469 1283 1568 Supplici,
1310 1472 1478 1565 Domine,

137 1597 344 1670 ltumilitote
365 1595 594 1693 dqoorcimm,
614 1607 677 1670 etc.
704 1596 800 1670 Dixit
827 1596 954 1686 Crede,
972 1602 1008 1670 et
1032 1597 1101 1670 alia
1124 1621 1224 1672 more
1250 1598 1367 1672 solito.
1388 1602 1479 1686 Qum

137 1725 215 1798 iret
239 1729 321 1798 aute
345 1723 455 1798 altare
485 1721 529 1795 de
558 1721 755 1796 faldistorio
780 1745 845 1818 pro
869 1721 1022 1796 dicenda
1051 1721 1291 1812 confessione,
1318 1723 1480 1822 deposita

136 1851 212 1924 sibi
234 1849 354 1940 mitra,
378 1855 518 1924 retento
541 1849 607 1922 sibi
633 1849 670 1922 in
694 1848 810 1946 capite
836 1847 983 1940 birret0,
1015 1847 1100 1922 fecit
1124 1849 1337 1946 profundam
1367 1851 1480 1924 cardi-

136 1976 287 2050 nalibus
298 1971 549 2061 reverentiam,
567 1969 692 2043 dicens
708 1970 744 2043 in
758 1970 827 2044 hac
844 1970 954 2043 missa
969 1971 1018 2044 ita
1037 1971 1244 2063 convenire,
1262 1996 1344 2046 cum
1362 1974 1480 2048 cardi-

136 2099 247 2172 nales
263 2105 348 2172 tunc
370 2096 580 2195 pontificem
595 2099 858 2192 representent.
884 2099 974 2169 Item
993 2095 1079 2168 fecit
1099 2095 1296 2189 redeunde,
1320 2105 1356 2172 et
1375 2123 1481 2174 acce-

137 2225 265 2298 dendo
280 2225 325 2298 ad
341 2224 465 2314 altare,
482 2227 564 2320 post
579 2219 817 2293 offertorium.
835 2218 945 2292 llissa
960 2219 1072 2310 finita,
1091 2219 1166 2317 ipse
1179 2221 1366 2295 celebrans
1381 2223 1480 2298 dedit

137 2351 416 2424 bendictionem
432 2371 515 2422 cum
535 2347 654 2436 mitra,
676 2368 777 2418 more
801 2343 918 2434 solito,
935 2341 977 2443 let
998 2369 1071 2417 non
1090 2343 1236 2419 fuerunt
1260 2345 1341 2420 date
1361 2347 1479 2420 indul-

140 2475 281 2572 gentie.
313 2479 413 2548 Tunc
442 2472 596 2548 accessit
620 2472 664 2544 ad
688 2469 940 2559 faldistorium,
964 2469 1039 2561 ubi,
1063 2469 1236 2567 depositis
1260 2473 1478 2568 paramentis

140 2599 273 2690 sacriS,
299 2599 452 2673 accessit
472 2598 516 2672 ad
535 2598 656 2670 locum
676 2619 782 2670 suum
802 2595 895 2668 inter
915 2594 1004 2668 alios
1024 2594 1237 2700 cardinales.
1265 2596 1412 2670 Interim
1432 2601 1475 2670 D.

140 2725 360 2799 Guillelmus
396 2725 440 2798 de
476 2722 651 2798 Perreriis
684 2721 828 2795 auditor
861 2725 953 2812 rote,
986 2743 1101 2818 cappa
1134 2744 1199 2793 sua
1233 2729 1408 2796 consueta
1446 2729 1481 2796 et

141 2850 298 2923 rocheto
319 2851 477 2940 indutus,
501 2854 608 2946 prout
630 2847 666 2922 in
686 2846 824 2943 capella
843 2845 895 2919 uti
915 2844 1033 2918 solent
1058 2845 1254 2936 auditoreS,
1276 2847 1373 2920 venit
1396 2853 1479 2922 ante

141 2975 273 3065 altare,
304 2974 364 3048 ubi
403 2973 616 3072 genuflexus
653 2971 914 3068 aliquantulum
952 2969 1076 3044 oravit.
1117 2973 1207 3042 'lum
1245 2971 1412 3065 surrexit,
1445 2978 1482 3046 et

141 3097 301 3172 accessit
333 3099 379 3172 ad
407 3099 599 3196 pulpitum,
625 3097 700 3188 ubi,
724 3101 915 3195 postquam
946 3094 1136 3169 cardinalis
1162 3093 1276 3168 sancti
1299 3095 1411 3168 Marci
1436 3096 1482 3168 ad

140 3225 269 3298 locum
285 3249 389 3298 suum
404 3224 561 3298 venisset
583 3247 625 3296 ac
645 3222 906 3320 aliquantulum
926 3220 1133 3317 quievisset,
1157 3219 1292 3318 incepit
1308 3226 1344 3294 et
1358 3243 1481 3320 prose-

145 3355 256 3422 cutus
271 3355 326 3424 est
342 3352 542 3424 orationem
558 3373 660 3424 suam
677 3347 735 3448 (l).

195 3478 236 3547 ln
259 3474 327 3548 bac
351 3473 475 3564 missa,
502 3478 537 3546 et
565 3472 643 3546 aliis
672 3477 754 3545 octo
780 3469 1040 3568 exequialibus
1066 3477 1105 3544 ut
1129 3493 1250 3568 supra,
1273 3469 1478 3560 celebratis,

142 3599 274 3696 prelati
297 3600 397 3675 curie
421 3597 662 3674 interfuerunt
678 3597 754 3670 sine
771 3596 908 3695 cappis,
927 3597 990 3670 sed
1007 3597 1042 3670 in
1058 3620 1185 3670 eorum
1201 3596 1380 3670 mantellis
1396 3619 1479 3670 cum

144 3723 222 3798 suis
237 3725 419 3823 cappuciis
436 3723 533 3799 circa
548 3723 682 3802 collum
697 3721 960 3814 transversatis,
979 3745 1080 3795 more
1097 3722 1216 3796 solito.

195 3853 370 3926 Sermone
399 3849 514 3942 linito,
546 3872 614 3946 ego
639 3847 763 3946 accepi
788 3871 935 3922 crucem
959 3848 1125 3946 papalem
1150 3871 1233 3920 eum
1258 3871 1323 3920 suo
1348 3846 1478 3922 baculo

141 3979 318 4070 argenteo
337 3976 440 4072 juxta.
468 3974 578 4050 altare
607 3972 810 4072 predictum
838 3979 1078 4070 preparatam,
1105 3979 1140 4048 et
1165 3973 1327 4071 processi
1350 3997 1476 4048 versus

137 4103 286 4195 portam
313 4098 467 4174 ecclesie
495 4096 708 4196 predictam,
741 4101 776 4169 et
800 4098 969 4170 conclave
1002 4124 1009 4172 :
1041 4097 1287 4196 precedebant
1315 4098 1475 4173 scutiferi

181 4325 207 4377 1.
230 4341 244 4372 a
260 4319 354 4378 Sermo
374 4319 484 4378 habitus
504 4321 591 4377 Rome
611 4320 638 4376 in
656 4317 768 4376 basilica
787 4319 916 4394 principis
935 4321 1126 4396 Apostolorum
1147 4339 1195 4397 per
1213 4321 1404 4379 Reverendum
1423 4322 1476 4380 Pa·

141 4417 214 4469 trem
233 4411 267 4466 D.
284 4408 461 4466 Guillermum
483 4409 517 4466 de
536 4409 650 4466 Pereriis
671 4409 733 4481 (stc)
753 4409 913 4468 Auditorem
931 4412 1116 4486 Apostolicum
1139 4429 1223 4486 super
1241 4411 1372 4468 electione
1385 4410 1473 4491 ‚futuri

141 4497 288 4557 Pontifieis
306 4513 379 4556 anno
395 4497 463 4554 1484
483 4497 526 4554 die
540 4497 612 4571 jovis
627 4517 692 4556 xxvi
712 4498 834 4573 augusti.
852 4521 866 4551 n
886 4501 966 4558 Piece
985 4499 1053 4557 inl·
1066 4499 1101 4556 de
1120 4504 1136 4558 4
1153 4518 1181 4574 p.
1197 4500 1288 4574 goth„
1306 4517 1330 4556 a.
1346 4499 1366 4555 1.
1382 4517 1413 4556 a.
1430 4501 1473 4570 d„

141 4587 298 4662 reproduite
317 4605 366 4662 par
383 4587 506 4645 Murteae
526 4587 633 4662 d'upres
653 4606 690 4645 un
706 4605 773 4646 mss.
792 4589 862 4647 dans
878 4606 928 4646 son
946 4591 1112 4647 Thesaurus
1129 4589 1228 4646 ll'ovus
1246 4589 1472 4660 trecenorum,

143 4677 224 4747 1717,
242 4683 263 4733 1.
279 4675 313 4746 ll,
328 4676 379 4734 col.
398 4677 479 4733 1760.

177 4765 216 4822 Le
233 4765 347 4822 Journal
363 4767 398 4822 de
415 4766 557 4823 Burebard
577 4765 666 4826 relctif
681 4785 716 4825 au
730 4768 872 4843 pontificat
890 4768 1052 4827 d'lnnoeent
1069 4770 1132 4828 Vltl
1147 4775 1190 4828 est
1204 4771 1335 4828 consecra
1358 4787 1476 4845 presque

141 4853 359 4912 exclusivement
373 4871 409 4911 au
424 4855 603 4927 ceremonia13
620 4857 687 4916 e’est
700 4859 834 4934 pourquoi
845 4859 873 4934 je
888 4858 1008 4930 renvoie,
1018 4877 1087 4935 pour
1100 4859 1267 4934 f'historique
1282 4859 1331 4918 des
1345 4859 1409 4917 faits
1420 4877 1474 4934 que

140 4943 286 5000 Burebard
300 4959 317 5000 c
331 4943 442 5017 neglige
457 4943 489 5000 de
505 4951 593 5016 noter,
609 4963 642 5003 au
658 4947 771 5004 Journal
784 4947 966 5016 d'lnfessura3
979 4967 1014 5006 au
1032 4955 1051 5006 t.
1068 4949 1117 5008 Vll
1131 4949 1165 5006 de
1179 4949 1205 5005 lc
1218 4949 1317 5007 Stors'a
1330 4949 1362 5005 di
1378 4949 1472 5004 Roma

137 5033 188 5089 net
203 5035 279 5092 med.
291 5049 352 5102 eoo,
368 5033 403 5088 de
414 5031 597 5108 Gregorovius
612 5035 702 5111 (abap.
720 5035 766 5106 IV,
778 5053 806 5110 p.
817 5037 882 5110 317)
897 5043 925 5094 et
938 5053 992 5094 aux
1007 5037 1186 5096 nombreuses
1203 5037 1340 5111 depeches
1355 5035 1472 5094 inedites

138 5123 290 5198 publiceris
303 5123 480 5200 l'ttppeudice
494 5125 550 5200 (n⁰·
566 5127 615 5184 91
629 5128 685 5200 30).
