3600 6094
344 482 380 536 32
801 475 977 534 JOHANNlS
1001 478 1222 554 sstucunnur,
1510 486 1587 550 [bodl
1603 485 1671 549 itti]

346 634 455 722 dicta,
482 637 522 704 ut
544 627 642 717 heri;
669 625 798 701 deinde
821 627 916 702 circa
942 631 1069 706 horam
1091 634 1356 724 duodecimam,
1384 634 1534 711 sacrista
1553 643 1679 711 noster

349 754 543 832 celebravit
571 755 719 828 missam
747 754 962 850 publicam:
996 760 1163 833 omnibus
1199 761 1440 837 cardinalibus
1474 761 1677 859 presentari

349 884 514 958 similiter
541 881 819 956 instrumentum
847 881 963 978 pacis,
995 889 1034 957 ut
1062 885 1158 976 heri;
1190 885 1290 958 linita
1324 884 1450 978 missa,
1481 887 1677 960 locavimus

349 1033 456 1083 unam
484 1031 628 1106 parvam
653 1029 817 1079 mensam
838 1005 1072 1104 longitudinis
1097 1015 1180 1084 octo
1201 1011 1404 1107 palmorum
1426 1017 1462 1084 et
1481 1011 1679 1085 latitudinis

350 1141 521 1232 quatuor,
547 1133 604 1206 rel
633 1131 747 1220 circa,
780 1137 953 1205 consuete
982 1131 1196 1226 altitudinis,
1227 1135 1321 1209 inter
1347 1161 1497 1234 parvum
1526 1136 1676 1224 ostium,

349 1287 416 1360 per
436 1259 531 1357 quod
554 1259 625 1332 itur
647 1258 693 1330 ad
713 1256 909 1329 secundam
940 1255 1059 1330 aulam
1079 1259 1201 1356 palatii
1226 1259 1379 1357 predicti
1402 1265 1438 1334 et
1460 1283 1607 1334 murum
1631 1257 1681 1331 illi

349 1385 553 1484 oppositum
573 1383 609 1456 in
629 1381 937 1478 medio,·eamque
960 1385 1115 1479 quodam
1138 1409 1257 1483 panno
1284 1385 1439 1476 rosaico,
1469 1385 1572 1482 quasi
1591 1386 1680 1458 duas

348 1532 483 1584 cannas
506 1507 684 1596 habente,
711 1507 981 1604 cooperuirnus;
1007 1510 1165 1608 desuper
1187 1511 1372 1608 posuimus
1402 1535 1512 1586 unurn
1536 1511 1681 1585 horolo-
1793 1515 1794 1518 ’

347 1634 465 1732 gium,
492 1629 771 1730 campanellam,
798 1631 976 1706 calamare
1007 1657 1090 1707 cum
1120 1642 1306 1729 encausto,
1332 1638 1461 1736 pennis
1485 1637 1558 1710 sive
1584 1637 1680 1710 cala-

347 1759 430 1849 mis,
449 1765 485 1832 et
505 1782 615 1832 unum
636 1757 867 1853 quinternum
889 1765 1000 1832 carte.
1021 1760 1177 1834 Sacrista
1191 1760 1296 1860 perc,
1314 1763 1486 1860 depositis
1506 1763 1681 1843 restibus,

346 1883 466 1981 posuit
481 1883 518 1955 in
540 1883 658 1956 medio
682 1881 802 1956 altaris
825 1883 974 1957 calicem
1002 1893 1253 1960 consecratum
1274 1912 1424 1961 vacuum
1447 1913 1530 1962 curn
1549 1893 1683 1986 patena

345 2011 500 2107 desuper
528 2009 657 2106 posita.
689 2007 887 2082 Serritores
921 2011 1154 2085 cardinalium
1188 2013 1383 2110 ponebant,
1415 2013 1567 2109 quisque
1596 2019 1680 2085 ante

346 2159 448 2209 suum
471 2134 670 2225 dominum,
697 2155 807 2208 unum
838 2133 1035 2209 scabellum
1064 2143 1225 2211 erectum
1248 2138 1284 2211 in
1307 2139 1454 2212 modurn
1477 2138 1618 2236 pulpiti,
1646 2145 1683 2211 et

345 2262 500 2360 desuper
515 2261 693 2335 catamare
717 2283 798 2334 cum
821 2266 1007 2351 encausto,
1038 2285 1158 2359 penna
1186 2263 1259 2336 sire
1282 2263 1433 2354 calamo,
1458 2288 1567 2337 unam
1592 2287 1682 2336 cau-

344 2385 462 2460 delam
484 2409 644 2483 parram,
667 2391 702 2459 et
726 2410 838 2460 unum
866 2387 990 2459 lolium
1020 2393 1133 2480 carte,
1160 2389 1196 2460 in
1221 2413 1290 2485 quo
1315 2414 1381 2487 per
1404 2389 1522 2486 capita
1546 2387 1682 2484 scripta

345 2519 448 2587 erant
470 2513 617 2586 nomina
639 2511 799 2585 omnium
822 2512 1056 2585 cardinalium
1080 2513 1115 2584 in
1144 2515 1313 2588 conclave
1341 2514 1584 2603 existentium,
1607 2513 1681 2586 hoo

344 2638 452 2711 modo
469 2645 504 2711 et
519 2637 643 2710 ordine
660 2643 766 2734 prout
781 2636 953 2732 sequitur.

396 2763 460 2862 [lbi
475 2762 623 2838 dimissa
638 2765 780 2836 luemnt
795 2762 861 2835 tria
871 2762 955 2835 lolia
971 2761 1005 2834 in
1022 2763 1125 2854 albic,
1137 2770 1171 2837 et
1187 2765 1414 2838 consecutive
1429 2765 1592 2862 sequitur
1602 2762 1680 2862 (t):]

394 2894 517 2962 Rmus.
537 2892 580 2962 D.
598 2886 930 2976 vicecancellarius3
949 2889 1072 2959 Rmus.
1092 2892 1134 2961 Ι).
1153 2889 1426 2984 Neapolitanus;
1445 2894 1568 2962 Rmus.
1583 2892 1628 2961 D.
1648 2913 1678 2959 s.

344 3016 469 3106 Marci,
483 3021 518 3090 et
533 3014 585 3089 sic
601 3016 644 3088 de
656 3013 746 3087 aliis.
762 3012 949 3085 Posuimus
959 3012 1066 3085 etiam
1074 3013 1174 3111 juxta
1185 3037 1346 3087 mensam
1357 3014 1571 3112 predictam,
1586 3013 1683 3086 inter

344 3165 424 3216 eam
440 3146 476 3215 et
491 3142 617 3229 altare,
635 3137 703 3212 tria
718 3137 891 3226 scabella;
909 3161 1021 3210 unum
1037 3137 1073 3210 in
1088 3137 1221 3228 medio,
1240 3139 1308 3213 alia
1320 3139 1390 3213 duo
1405 3137 1490 3212 binc
1506 3139 1678 3233 indeque,

344 3268 392 3340 ita
417 3265 513 3362 quod
534 3263 689 3361 desuper
711 3260 879 3335 sedentes
907 3285 1012 3334 renes
1037 3262 1139 3336 altari
1162 3287 1285 3336 versos
1306 3261 1502 3350 habebant,
1526 3267 1562 3333 et
1585 3259 1682 3334 inter

344 3389 470 3462 eadem
499 3387 655 3461 scabella
681 3409 839 3483 pannum
864 3387 1027 3483 pulcrum
1054 3411 1136 3461 cum
1156 3389 1271 3486 pomis
1294 3389 1411 3462 aureis
1434 3411 1478 3460 ex
1498 3385 1680 3458 bruchato

344 3514 550 3605 cremisino,
570 3512 808 3608 compositum
823 3535 888 3608 pro
910 3512 1028 3585 tuturo
1050 3515 1221 3612 pontifice
1244 3514 1278 3586 in
1302 3537 1344 3587 eo
1359 3513 1527 3587 locando.
1546 3511 1609 3585 llis
1626 3510 1680 3582 sic

345 3641 530 3730 ordinatis,
549 3639 598 3712 illi
614 3663 657 3712 ex
678 3636 918 3726 conclaristis,
945 3639 1004 3734 qui
1028 3639 1182 3736 capitula
1202 3663 1268 3736 per
1288 3638 1488 3713 cardinales
1513 3635 1682 3710 ordinata

345 3768 578 3865 scripserant,
605 3765 770 3837 videlicet
787 3765 830 3838 D.
845 3761 1027 3835 lohannes
1044 3767 1175 3860 Lopez,
1194 3766 1236 3836 D.
1255 3767 1309 3835 to.
1329 3767 1455 3837 Petrus
1477 3762 1522 3834 de
1538 3760 1684 3834 Arriva·

345 3892 461 3982 benis,
482 3895 538 3964 to.
558 3889 768 3963 Laurentius
784 3889 828 3960 de
844 3887 1020 3978 Venetiis,
1045 3893 1079 3960 et
1100 3887 1244 3982 quidam
1266 3887 1338 3976 alii,
1364 3887 1423 3959 illa
1438 3887 1475 3960 in
1490 3910 1555 3960 sex
1570 3884 1681 3981 quin-

345 4017 456 4091 ternis
472 4015 605 4113 scripta
627 4012 722 4112 (nam
747 4013 782 4085 in
806 4013 943 4086 duobus
968 4012 1166 4108 quinternis
1188 4012 1342 4109 capitula
1363 4011 1483 4084 omnia
1507 4011 1680 4108 compre-

343 4145 471 4232 hensa,
489 4141 663 4238 triplicata
681 4140 824 4212 luerunt
837 4139 881 4210 de
898 4137 1008 4210 verbo
1026 4137 1243 4236 adverbum)
1265 4140 1368 4209 Rmo.
1390 4139 1432 4209 D.
1454 4135 1681 4210 vicecancel-

343 4267 433 4342 lario
449 4265 668 4354 obtulerunt,
690 4263 749 4358 qui
771 4285 826 4350 ea,
851 4261 896 4333 ad
918 4283 1080 4334 mensam
1100 4261 1299 4358 predictam
1321 4261 1513 4352 accedens
1543 4261 1682 4334 ibidem

343 4418 453 4470 manu
468 4391 614 4490 propria
629 4387 840 4483 subscripsit
855 4386 891 4458 in
907 4386 1054 4483 singulis
1076 4409 1138 4458 sex
1154 4385 1352 4482 quintemis
1373 4385 1556 4482 predictis
1578 4385 1682 4459 ldem
1796 4467 1797 4482 χ

343 4521 507 4592 lecerunt
521 4521 603 4614 post
619 4537 701 4588 eum
723 4511 781 4585 alii
802 4510 1001 4584 cardinales
1023 4535 1086 4583 suo
1107 4510 1245 4583 ordine.
1270 4515 1393 4583 Rmus.
1417 4514 1459 4584 D.
1486 4510 1682 4584 cardinalis
1796 4495 1797 4500 ¹

344 4643 387 4714 de
399 4645 569 4730 Foscaro,
587 4639 688 4713 linita
702 4637 826 4728 missa,
843 4636 904 4709 ivit
919 4636 962 4708 ad
979 4635 1143 4709 cellulam
1160 4659 1273 4725 suam,
1296 4641 1444 4724 etcum,
1468 4635 1529 4708 tali
1551 4636 1679 4722 modo,
1796 4625 1797 4632 '

345 4764 584 4836 subcribendo
601 4763 755 4860 capitrda
769 4761 975 4859 hujusmodi
992 4783 1064 4832 non
1079 4760 1282 4848 accederet,
1296 4763 1419 4832 Rmus.
1439 4764 1482 4833 D.
1500 4761 1681 4836 Vicecan-

347 4887 512 4962 cellarius
535 4887 623 4960 mibi
650 4888 750 4978 dixit,
773 4891 812 4959 ut
835 4887 973 4983 pretato
1001 4889 1104 4958 Rmo.
1132 4889 1175 4958 D.
1202 4885 1246 4958 de
1269 4889 1425 4959 Foscaro
1450 4886 1682 4962 notificarem

314 5193 323 5208 ·
383 5161 407 5217 Ι.
428 5155 621 5233 Interpolation
636 5154 673 5212 du
688 5153 801 5230 copiste.
