3424 6038
40 443 103 509 ,11111
118 443 179 508 11811
353 444 478 502 RERUM
503 445 729 505 denudantur
754 445 1015 506 CtlllllrlENTARll.
1284 438 1338 496 253

35 594 141 668 deinde
163 598 271 692 Papa,
294 597 436 674 detecto
456 601 586 699 capite,
609 601 669 676 ivit
691 603 738 676 ad
761 603 886 677 sedem
908 599 988 674 solii
1008 599 1053 671 ad
1073 618 1112 671 se
1137 591 1338 670 communi-

33 721 163 794 candum
179 722 240 819 qui
255 722 390 798 ibidem
411 725 520 799 etiam
537 728 817 803 communicavit
840 725 1062 801 cardinalem
1082 747 1111 796 s.
1131 717 1278 816 Georgii
1301 724 1337 790 et

34 851 64 918 11.
79 847 269 922 llattheum
291 849 378 923 Cibo
401 849 675 943 subdiaconum,
695 853 827 928 deinde
847 877 886 927 66
906 848 1105 950 purificavit
1125 846 1190 920 sed
1205 842 1336 940 digitos

33 991 88 1040 non
101 968 220 1059 abluit,
239 979 385 1071 sumpta
397 974 434 1048 in
454 975 556 1050 altari
573 999 638 1074 per
658 976 852 1050 diaconum
872 975 917 1047 de
935 973 1047 1048 calice
1068 973 1235 1048 sacrificii
1253 999 1336 1072 par-

33 1093 166 1168 ticulaet
181 1097 412 1196 sanguineae
427 1101 680 1197 purificatione
699 1126 764 1199 per
783 1125 847 1178 666
863 1101 997 1175 ibidem
1013 1100 1119 1174 16616.
1139 1099 1336 1174 Cardinalis

33 1245 54 1291 s.
65 1221 194 1318 Georgii
210 1223 378 1298 ascendit
391 1225 499 1323 supr'a
513 1227 660 1323 planum
676 1227 755 1302 solii
773 1231 887 1324 Pepe3
905 1227 1022 1324 666116
1036 1225 1208 1299 inclinato
1222 1224 1325 1298 dixit:

33 1345 199 1444 Confiteor,
221 1361 306 1441 etc,
330 1353 426 1448 Papa
445 1353 554 1426 etiam
575 1359 706 1428 stante.
727 1353 843 1426 Finita
862 1351 1106 1443 confessione,
1130 1354 1227 1447 Papa
1249 1349 1336 1424 dixit

31 1493 111 1545 nore
134 1470 237 1546 solito
259 1473 332 1548 alte
355 1497 363 1546 :
384 1475 569 1568 Precibus,
597 1489 677 1568 etc,
696 1484 731 1551 et
754 1478 1026 1576 indrrlpentiom,
1045 1485 1134 1566 etc,
1159 1485 1267 1574 prout
1290 1479 1333 1548 1).

31 1595 189 1670 Pientinus
204 1597 364 1674 dicebat.
384 1601 530 1676 lnterim
541 1601 731 1676 cardinalis
748 1629 777 1676 s.
797 1603 941 1700 Georgii
958 1600 1145 1677 descendit
1163 1599 1336 1674 adultere

31 1727 67 1809 et,
91 1721 166 1796 dete
188 1723 446 1802 benedictione
461 1751 528 1824 per
548 1731 694 1826 Papum,
728 1727 864 1828 gyravit
890 1753 974 1804 cum
1002 1727 1114 1804 661166
1139 1725 1335 1800 cristallino

31 1856 115 1942 prout
134 1849 218 1924 lecit
245 1851 347 1950 prius
381 1853 424 1926 de
457 1863 684 1932 sacramento
712 1863 748 1930 et
777 1856 902 1946 calice,
932 1854 1062 1929 deinde
1092 1851 1190 1926 dedit
1218 1851 1334 1949 ipsum

29 1970 152 2046 culicem
165 1973 390 2051 subdiacono
404 1977 463 2074 qui
478 1980 631 2075 portavit
647 1980 763 2077 ipsum
779 1979 825 2054 ad
840 1979 968 2052 solium
980 1979 1024 2052 ad
1040 1977 1221 2051 sinistram
1240 1980 1334 2073 Pape

29 2096 72 2168 ubi
92 2099 191 2172 stetit.
216 2104 306 2174 Post
331 2101 594 2178 subdiaconum
620 2105 690 2179 duo
715 2105 896 2180 auditores
920 2109 1108 2202 portarunt
1127 2101 1334 2200 mappulam

30 2220 188 2316 pulchram
201 2249 269 2322 pro
283 2227 420 2324 gremio
432 2230 540 2324 Pupe.
554 2231 651 2326 Papa
661 2229 752 2303 sedit
764 2235 844 2328 post
855 2231 1047 2304 adventum
1061 2225 1287 2317 subdiaconi,
1299 2233 1335 2300 61

30 2343 209 2442 inpositum
225 2350 295 2424 luit
310 2351 466 2426 biretum
485 2359 637 2444 tantum,
652 2377 725 2426 non
738 2355 863 2444 mitra3
882 2360 918 2428 et
930 2353 1098 2452 mappula
1114 2352 1252 2450 gremio
1269 2374 1333 2424 suo

30 2495 114 2569 super
127 2477 241 2572 posita
255 2503 366 2576 quam
381 2480 453 2553 duo
467 2481 650 2554 auditores
668 2481 819 2578 predicti
835 2480 968 2554 hincet
983 2475 1066 2553 16616
1082 2477 1263 2575 genullexi
1279 2484 1334 2552 16-

32 2609 171 2675 6666661.
186 2607 374 2702 Ρ666,666
385 2606 642 2681 cnmmoditate
659 2595 831 2696 66616611
846 2605 942 2678 enirn
955 2604 1201 2702 genuflectere
1217 2603 1336 2678 diaco·

31 2745 95 2796 nuru
107 2749 183 2800 curn
198 2729 316 2804 calice
328 2731 544 2805 sacramenti
557 2731 602 2806 ad
616 2733 695 2830 ejus
707 2732 887 2806 sinistram
907 2739 943 2806 et
960 2730 1151 2805 cardinalis
1163 2729 1334 2804 Senensis

31 2846 98 2922 dixit
109 2853 190 2926 mihi
205 2855 306 2952 quod
315 2862 500 2954 portarem
518 2882 626 2932 unam
641 2867 823 2956 patenam,
838 2866 877 2931 61
889 2862 985 2955 Papa
998 2855 1127 2954 majori
1139 2855 1336 2930 commodi-

33 2979 86 3048 tate
95 2987 208 3073 posset
224 2983 498 3057 communicare
514 2985 701 3083 populum,
719 3008 841 3082 quam,
855 2990 1047 3082 postquem
1068 2986 1331 3079 apportassem‚

32 3096 74 3172 116
93 3107 315 3202 superposuit
337 3109 459 3205 plures
483 3109 620 3185 hostias
646 3116 682 3186 61
696 3119 866 3210 patenam
892 3106 1084 3182 tenendam
1101 3106 1199 3214 dedit
1215 3107 1333 3181 cardi-

32 3225 85 3296 nali
99 3230 240 3306 Senensi
259 3234 306 3307 ad
321 3234 507 3310 dexteram
523 3236 590 3310 sibi
605 3237 747 3312 astanti.
767 3240 858 3310 Tum
874 3239 1049 3310 venerunt
1066 3231 1112 3306 ad
1128 3233 1333 3306 communi-

33 3353 158 3429 candum
188 3359 383 3434 cardinalis
413 3362 584 3436 Senensis
613 3361 744 3436 deinde
769 3359 961 3436 cardinalis
983 3357 1027 3432 de
1054 3355 1217 3432 Sabellis.
1239 3360 1332 3432 Ante

34 3483 300 3559 communionem
326 3490 420 3584 Papa
447 3487 545 3562 dedit
571 3488 623 3562 616
645 3511 773 3585 pacem
794 3493 828 3562 61
848 3487 991 3560 iverunt
1012 3481 1058 3556 661
1081 3482 1193 3558 611666
1215 3483 1275 3558 ubi
1296 3471 1332 3556 in

34 3621 121 3678 66666
135 3609 282 3706 epistole
298 3613 487 3688 cardinalis
504 3640 533 3688 6.
553 3615 696 3712 Georgii
712 3615 929 3714 presentavit
944 3614 976 3689 ei
985 3613 1136 3690 calicem
1151 3635 1235 3688 cnm
1250 3611 1332 3685 vinu

34 3746 82 3819 pto
99 3735 341 3827 purificatione
361 3748 397 3814 et
416 3741 625 3839 mappulum
651 3766 716 3838 pro
744 3742 964 3840 extergendo
981 3763 1042 3815 ore
1067 3767 1074 3812 :
1097 3739 1146 3812 illi
1166 3738 1237 3812 duo
1257 3761 1334 3812 666-

34 3849 144 3932 6166166
166 3865 421 3940 communicati
454 3867 637 3942 redierunt
666 3868 711 3942 ad
740 3872 874 3964 Papam
909 3868 955 3942 ad
981 3865 1222 3940 assistendum
1249 3863 1329 3956 sibi,

34 3981 59 4044 61
70 3981 241 4059 cardinalis
264 4011 293 4059 s.
312 3988 454 4085 Georgii
472 3989 570 4063 dedit
590 3991 741 4066 calicem
766 3995 808 4065 D.
831 3991 987 4066 Johanni
1011 3989 1055 4064 de
1080 3989 1241 4066 Venetiis
1271 3989 1330 4086 qui

33 4109 225 4204 evangelium
243 4112 280 4187 in
295 4137 404 4211 greco
425 4117 563 4191 dixerat
578 4123 614 4190 61
628 4118 833 4217 mappulum
856 4122 899 4192 1).
917 4116 1101 4192 Demetrio
1118 4117 1178 4212 qui
1194 4115 1329 4213 episto-

32 4223 86 4303 lam
102 4233 133 4307 in
148 4261 254 4336 greco
272 4241 423 4339 legerat.
448 4241 474 4315 li
493 4243 565 4318 dno
582 4249 757 4319 steterunt
777 4242 933 4342 apodiati
957 4243 1003 4317 ed
1018 4242 1225 4316 columnam
1244 4247 1327 4314 6616

33 4375 122 4432 66666
141 4365 287 4461 epistole
312 4367 432 4442 6116616
455 4393 521 4466 666
545 4370 798 4469 purificatione
824 4369 1028 4444 oratoribus
1053 4366 1327 4443 communicatis

33 4477 136 4578 landa,
160 4497 194 4565 61
213 4494 365 4568 66661616
385 4497 532 4571 tenebat
552 4520 661 4594 66666
683 4495 783 4571 611661
806 4496 976 4570 carellam
996 4494 1068 4568 vini
1082 4493 1276 4568 infundens
1292 4491 1328 4564 in

35 4604 154 4686 calicem
169 4639 231 4714 pro
243 4619 496 4717 purificatione
516 4622 659 4718 quando
686 4643 777 4718 opus
795 4627 884 4694 6661.
908 4619 1103 4695 Cardinalis
1119 4641 1147 4692 s.
1167 4616 1326 4715 Georgii,

34 4743 153 4830 accepto
173 4743 341 4837 scabella,
364 4745 456 4818 sedit
476 4745 512 4818 iu
533 4769 646 4821 cornu
663 4747 814 4844 epistole
837 4745 1015 4844 usquead
1034 4745 1145 4819 finem
1167 4743 1331 4817 commu·

35 4851 124 4932 rionis
147 4889 243 4944 more
270 4879 457 4946 consueto.
495 4875 684 4950 Venerunt
715 4880 836 4949 autem
863 4873 909 4948 ad
934 4871 1231 4947 communionem
1258 4872 1328 4946 hoc

36 4981 133 5062 ordine
160 5017 166 5064 :
191 5002 271 5092 post
289 4998 471 5095 6666116166
502 4998 717 5091 cardinales,
743 5000 841 5074 venit
861 4999 1060 5098 imperator
1081 4999 1330 5113 constantinof

35 5103 180 5194 16116666
198 5121 257 5218 661
275 5145 422 5198 manum
443 5127 539 5224 Papa
562 5131 700 5200 tentum
723 5133 806 5201 ante
829 5125 1125 5201 cummunionem
1146 5125 1330 5200 osculatus
