3424 6038
83 490 162 560 tulare
176 495 243 558 1181]
408 493 534 551 RERUM
559 493 787 551 URBANAHUM
814 492 1076 550 COMMENTARII.
1356 498 1408 554 ‘243

78 646 171 722 Rmi.
187 651 231 722 D.
251 646 491 724 cardinalias.
510 645 606 722 Petri
627 646 673 720 ad
691 645 857 724 Vincula.
882 646 959 719 Alia
981 646 1103 722 omnia
1122 646 1312 720 observata
1326 655 1409 722 sunt
1536 664 1541 673 ·

76 797 178 848 more
194 773 314 848 solito.

127 898 230 972 Feria
249 904 363 986 sexta,
393 897 569 974 tmensis
591 897 724 988 martii,
750 897 786 970 in
807 905 949 974 secreto
976 897 1191 973 consistorio
1220 901 1344 1002 Rmus.
1372 899 1408 972 iu

75 1024 220 1098 Christo
241 1027 281 1098 P.
308 1029 343 1098 et
363 1027 406 1098 Ι).
426 1023 588 1098 Julianus
608 1023 799 1121 episcopus
820 1023 1009 1115 Ostiensis,
1034 1024 1225 1098 cardinalis
1249 1028 1285 1098 S.
1312 1025 1406 1099 Petri

76 1152 123 1224 ad
151 1149 305 1226 Vincula
331 1148 526 1247 vulgariter
551 1155 793 1246 nuncupatus,
824 1149 1074 1246 pronuntiatus
1105 1155 1158 1224 est
1187 1150 1327 1246 legatus
1361 1151 1406 1222 de

75 1277 189 1352 latere
202 1275 249 1349 ad
266 1273 465 1348 Marchiam
486 1273 752 1348 Anconitanum
773 1279 808 1348 et
830 1274 1020 1366 Venetias;
1045 1275 1110 1350 sed
1130 1299 1201 1348 noo
1221 1275 1285 1349 luit
1305 1283 1406 1351 more

75 1401 183 1475 solito
201 1401 248 1474 ad
268 1398 438 1498 palatium
460 1422 565 1472 suum
590 1423 611 1472 a
633 1381 786 1497 collegio
810 1401 1044 1476 cardinalium
1065 1401 1285 1486 associatus;
1304 1401 1408 1498 cujus

75 1550 225 1602 causam
240 1525 382 1622 ignoro.

127 1650 318 1728 Dominica
343 1650 461 1750 prima
496 1651 793 1746 Quadragesime,
824 1653 1006 1728 Arnensis
1043 1654 1173 1745 martii,
1205 1653 1242 1726 in
1271 1653 1410 1751 capella

76 1779 217 1876 majore
227 1776 349 1876 palatii
364 1775 531 1874 predicti,
554 1780 596 1848 R.
614 1776 650 1848 in
671 1776 812 1850 Christo
834 1783 873 1852 Ρ.
902 1783 945 1852 Ι).
971 1781 1187 1854 Eustachius
1209 1779 1409 1878 archiepis-

76 1927 191 2000 copus
206 1903 441 1993 Arelatensis,
463 1905 525 1978 SS.
549 1907 595 1978 1).
619 1906 661 1976 N.
686 1904 858 1978 assistens
881 1905 1074 1981 celebravit
1101 1907 1249 1982 missam
1277 1907 1410 1982 solem-

77 2051 178 2119 nem,
191 2033 361 2126 preseute
375 2030 485 2126 Papa.
502 2028 597 2104 Dixit
612 2029 771 2125 quinque
787 2030 983 2105 orationes:
1001 2032 1170 2130 primam,
1189 2031 1410 2106 ordinariam

12 2183 14 2190 ⁴
77 2153 123 2228 de
150 2153 333 2229 dominica
361 2153 540 2228 hodierna
567 2153 634 2229 sub
661 2177 724 2227 sua
752 2153 1004 2246 conclusione,
1034 2155 1246 2239 secundam,
1254 2209 1327 2228 .....
1345 2152 1409 2252 (1);

79 2276 239 2367 tertiam,
261 2276 488 2374 Omnipotens
502 2277 820 2376 sempiterneDeus
839 2278 902 2376 qui
923 2279 1080 2354 tricorum
1100 2279 1292 2354 dominaris
1307 2279 1416 2352 sirrzul

79 2414 349 2476 remoraturum
380 2413 471 2491 etc.;
488 2411 666 2500 quartam,
688 2410 815 2478 contra
835 2426 1014 2502 paganos3
1036 2403 1210 2500 quintam,
1233 2425 1299 2503 pro
1321 2427 1414 2502 pon-

80 2528 192 2602 tilice.
226 2531 440 2602 Sermonem
469 2528 554 2604 lecit
584 2527 730 2625 quidam
760 2528 871 2623 irater
901 2527 1037 2602 ordinis
1071 2553 1103 2602 s.
1135 2528 1313 2602 Dominici
1347 2553 1413 2626 pro

80 2661 319 2752 procuratore
336 2653 499 2751 ejusdem
515 2653 662 2728 ordinis.
682 2651 761 2728 Alia
775 2677 876 2728 more
892 2654 998 2728 solito
1015 2660 1099 2728 sunt
1113 2655 1316 2729 observata.

130 2786 212 2858 Hoc
231 2804 352 2871 mane,
380 2785 574 2874 antequam
594 2781 658 2854 SS.
678 2781 721 2852 D.
740 2781 785 2852 N.
810 2781 923 2856 exiret
944 2781 989 2856 de
1012 2803 1170 2870 camera,
1193 2783 1235 2853 1).
1260 2783 1416 2855 Bernar-

81 2907 189 2980 dinus
215 2906 406 2995 Gamhara‚
435 2903 499 2977 SS.
525 2905 568 2976 1).
598 2906 641 2976 N.
666 2925 759 3000 pape
786 2902 1027 2978 cubicularius
1054 2910 1230 2992 secretus,
1254 2902 1351 2977 dedit
1371 2905 1413 2975 R.

82 3033 118 3106 in
140 3031 285 3108 Christo
305 3033 344 3104 P.
361 3033 405 3102 Ι).
426 3027 598 3126 episcopo
620 3027 843 3102 Plentinensi
864 3035 901 3102 et
924 3027 1012 3100 mihi
1032 3033 1115 3102 octo
1129 3027 1240 3100 libros
1256 3049 1417 3102 ceremo-

82 3156 199 3232 niales
219 3153 387 3250 antiquos
414 3175 480 3251 pro
501 3152 739 3227 instructione
769 3159 894 3226 nostra
918 3160 953 3227 et
983 3151 1133 3227 faciliori
1154 3152 1416 3248 compositione

84 3282 166 3358 novi
181 3258 264 3354 libri
278 3277 569 3354 ceremoniarum
587 3276 647 3376 (2).

133 3404 240 3480 Faria
262 3410 404 3499 quarta,
434 3409 453 3476 7
483 3401 620 3476 mensis
647 3401 779 3493 martii,
809 3403 939 3478 testum
962 3427 992 3476 s.
1022 3405 1161 3480 Thome
1191 3404 1235 3479 de
1260 3400 1415 3499 Aquino,
1450 3475 1453 3482 .

85 3527 288 3603 cardinales
312 3528 349 3601 in
372 3527 533 3602 Minerva
554 3532 747 3602 tenuerunt
773 3529 1027 3602 consistorium
1052 3530 1214 3604 solemne
1234 3527 1296 3602 uhi
1319 3532 1363 3602 R.
1381 3527 1419 3598 iu

86 3653 233 3730 Christo
251 3656 291 3726 P.
310 3655 353 3726 D.
377 3653 580 3751 Stephanus
604 3652 898 3751 archiepiscopus
923 3655 1149 3742 patracensis
1171 3662 1207 3730 et
1228 3653 1419 3752 episcopus

86 3779 320 3854 Torcellanus
354 3777 550 3852 celebravit
574 3777 723 3852 missam
759 3779 974 3855 solemnem.
1014 3779 1111 3854 Dixit
1144 3787 1283 3854 tantum
1310 3801 1420 3853 unam

88 3904 291 3980 orationem
311 3925 355 3978 ac
377 3902 499 3976 Gloria
525 3903 561 3978 iu
589 3904 753 3977 eccelesia
778 3911 815 3978 et
842 3904 968 3980 Credo.
997 3909 1211 3981 Sermonem
1235 3904 1319 3979 lecit
1340 3911 1423 4002 post
1450 3924 1452 3930 ’

92 4029 326 4128 evangelium
341 4028 517 4104 Martinus
538 4027 582 4103 de
600 4026 736 4102 Nimira
754 4027 909 4102 clericus
930 4029 1068 4104 Albane
1089 4027 1257 4118 diecesis,
1275 4027 1424 4100 scutifer

91 4157 186 4230 Rmi.
205 4159 248 4230 1).
266 4153 458 4230 cardinalis
474 4153 657 4229 Senensis.
679 4153 920 4228 luterluerunt
936 4154 1061 4230 uani.
1077 4158 1154 4228 Ι)Ι).
1170 4151 1424 4226 vicecancella-
1537 4177 1539 4182 ¹

93 4282 179 4373 rius,
205 4279 477 4378 Neapolitanus,
499 4305 529 4353 s.
553 4278 679 4370 Marci,
701 4303 730 4352 s.
754 4279 866 4354 llarie
891 4279 927 4352 in
950 4279 1111 4366 Portica,
1137 4275 1421 4374 Andegavensis,

95 4405 275 4506 episeopi3
294 4404 338 4480 de
360 4405 527 4497 sabellis,
542 4405 751 4503 presbyten
773 4430 803 4478 s.
825 4404 968 4502 Georgii
985 4404 1080 4478 etde
1096 4401 1263 4492 Sabellis,
1281 4399 1424 4475 diaconi

96 4530 312 4608 cardinales.

145 4653 340 4732 Dominica
355 4654 514 4730 secunda
535 4654 831 4752 Quadragesime,
857 4659 896 4726 11
918 4655 1050 4746 martii,
1073 4653 1110 4727 in
1130 4652 1268 4750 capella
1287 4653 1425 4749 majore

98 4781 234 4882 palatii,
256 4781 452 4856 celebravit
468 4781 618 4855 missam
643 4785 685 4854 R.
707 4779 743 4852 in
761 4779 902 4853 Christo
925 4784 964 4852 P.
988 4783 1031 4852 1).
1060 4780 1216 4853 Thomas
1237 4777 1427 4876 episcopus

99 4907 265 4984 Dolensis
281 4906 467 5000 assistens,
483 4909 580 5004 Papa
595 4913 776 5003 presente,
790 4905 937 4980 missam
954 4905 1154 4980 solemnem
1169 4929 1252 4982 cum
1268 4901 1428 5002 quinque

139 5103 161 5156 Ι.
183 5099 303 5172 Marsque
315 5097 386 5154 dans
398 5102 462 5154 tous
471 5095 511 5153 les
525 5112 593 5152 mss.

134 5193 165 5246 2.
184 5187 257 5262 Voy.
272 5187 300 5246 la
312 5187 403 5246 notice
416 5186 615 5270 biographique
629 5187 663 5243 de
678 5183 829 5250 Burchaul,
847 5189 870 5240 t.
884 5175 921 5238 111
935 5181 969 5238 de
984 5189 1056 5239 cette
1067 5181 1181 5240 edition.
