<?xml version="1.0" encoding="UTF-8"?>
<!DOCTYPE html PUBLIC "-//W3C//DTD XHTML 1.0 Transitional//EN"
    "http://www.w3.org/TR/xhtml1/DTD/xhtml1-transitional.dtd">
<html xmlns="http://www.w3.org/1999/xhtml" xml:lang="en" lang="en">
 <head>
  <title>
</title>
<meta http-equiv="Content-Type" content="text/html;charset=utf-8" />
  <meta name='ocr-system' content='tesseract 3.04.00' />
  <meta name='ocr-capabilities' content='ocr_page ocr_carea ocr_par ocr_line ocrx_word'/>
</head>
<body>
  <div class='ocr_page' id='page_1' title='image "./johannisburchar02burcgoog/johannisburchar02burcgoog_0493.png"; bbox 0 0 3508 6034; ppageno 0'>
   <div class='ocr_carea' id='block_1_1' title="bbox 291 433 1626 506">
    <p class='ocr_par' dir='ltr' id='par_1_1' title="bbox 291 433 1626 506">
     <span class='ocr_line' id='line_1_1' title="bbox 291 433 1626 506; baseline -0.001 -14"><span class='ocrx_word' id='word_1_1' title='bbox 291 437 343 492; x_wconf 73' lang='lat'>478</span> <span class='ocrx_word' id='word_1_2' title='bbox 748 435 923 493; x_wconf 70' lang='grc' dir='ltr'>ιΙΟΗΑΝΝΙΒ</span> <span class='ocrx_word' id='word_1_3' title='bbox 946 435 1168 506; x_wconf 79' lang='lat' dir='ltr'>BURCHARDI,</span> <span class='ocrx_word' id='word_1_4' title='bbox 1476 433 1539 506; x_wconf 77' lang='lat' dir='ltr'>luat</span> <span class='ocrx_word' id='word_1_5' title='bbox 1556 437 1626 502; x_wconf 75' lang='lat' dir='ltr'>nee]</span> 
     </span>
    </p>
   </div>
   <div class='ocr_carea' id='block_1_2' title="bbox 199 586 1628 5204">
    <p class='ocr_par' dir='ltr' id='par_1_2' title="bbox 199 586 1628 5204">
     <span class='ocr_line' id='line_1_2' title="bbox 292 586 1624 687; baseline -0.002 -26"><span class='ocrx_word' id='word_1_6' title='bbox 292 589 405 662; x_wconf 88' lang='lat' dir='ltr'>tilium</span> <span class='ocrx_word' id='word_1_7' title='bbox 422 595 531 686; x_wconf 87' lang='lat' dir='ltr'>Pape,</span> <span class='ocrx_word' id='word_1_8' title='bbox 549 588 643 664; x_wconf 91' lang='lat' dir='ltr'>inter</span> <span class='ocrx_word' id='word_1_9' title='bbox 658 612 748 686; x_wconf 90' lang='lat' dir='ltr'>quos</span> <span class='ocrx_word' id='word_1_10' title='bbox 764 591 933 686; x_wconf 75' lang='lat' dir='ltr'>equitavit</span> <span class='ocrx_word' id='word_1_11' title='bbox 948 615 1061 687; x_wconf 89' lang='lat' dir='ltr'>usque</span> <span class='ocrx_word' id='word_1_12' title='bbox 1078 591 1123 664; x_wconf 93' lang='lat' dir='ltr'>ad</span> <span class='ocrx_word' id='word_1_13' title='bbox 1142 590 1336 664; x_wconf 90' lang='lat' dir='ltr'>adventum</span> <span class='ocrx_word' id='word_1_14' title='bbox 1356 586 1598 661; x_wconf 76' lang='lat' dir='ltr'>cardinalium</span> <span class='ocrx_word' id='word_1_15' title='bbox 1617 615 1624 658; x_wconf 92' lang='lat'>:</span> 
     </span>
     <span class='ocr_line' id='line_1_3' title="bbox 290 712 1625 815; baseline -0.002 -29"><span class='ocrx_word' id='word_1_16' title='bbox 290 721 373 808; x_wconf 94' lang='lat' dir='ltr'>post</span> <span class='ocrx_word' id='word_1_17' title='bbox 387 713 570 810; x_wconf 90' lang='lat' dir='ltr'>predictos</span> <span class='ocrx_word' id='word_1_18' title='bbox 590 721 764 788; x_wconf 90' lang='lat' dir='ltr'>venerunt</span> <span class='ocrx_word' id='word_1_19' title='bbox 789 716 929 790; x_wconf 90' lang='lat' dir='ltr'>obviam</span> <span class='ocrx_word' id='word_1_20' title='bbox 959 716 1077 790; x_wconf 91' lang='lat' dir='ltr'>eidem</span> <span class='ocrx_word' id='word_1_21' title='bbox 1098 715 1251 815; x_wconf 84' lang='lat' dir='ltr'>principi</span> <span class='ocrx_word' id='word_1_22' title='bbox 1273 719 1343 787; x_wconf 88' lang='lat' dir='ltr'>BR.</span> <span class='ocrx_word' id='word_1_23' title='bbox 1369 717 1447 788; x_wconf 86' lang='lat' dir='ltr'>bo.</span> <span class='ocrx_word' id='word_1_24' title='bbox 1463 712 1625 810; x_wconf 84' lang='lat' dir='ltr'>episcopi</span> 
     </span>
     <span class='ocr_line' id='line_1_4' title="bbox 294 835 1625 938; baseline -0.002 -28"><span class='ocrx_word' id='word_1_25' title='bbox 294 838 463 912; x_wconf 80' lang='lat' dir='ltr'>Pacensis</span> <span class='ocrx_word' id='word_1_26' title='bbox 480 845 515 911; x_wconf 96' lang='lat' dir='ltr'>et</span> <span class='ocrx_word' id='word_1_27' title='bbox 527 840 780 928; x_wconf 66' lang='lat' dir='ltr'>astoricensis,</span> <span class='ocrx_word' id='word_1_28' title='bbox 800 849 962 914; x_wconf 86' lang='lat' dir='ltr'>oratores</span> <span class='ocrx_word' id='word_1_29' title='bbox 980 841 1073 938; x_wconf 88' lang='lat' dir='ltr'>regis</span> <span class='ocrx_word' id='word_1_30' title='bbox 1093 847 1126 914; x_wconf 87' lang='lat' dir='ltr'>et</span> <span class='ocrx_word' id='word_1_31' title='bbox 1143 841 1265 936; x_wconf 78' lang='lat' dir='ltr'>regine</span> <span class='ocrx_word' id='word_1_32' title='bbox 1283 839 1552 936; x_wconf 79' lang='lat' dir='ltr'>Hispaniarum,</span> <span class='ocrx_word' id='word_1_33' title='bbox 1567 835 1625 932; x_wconf 94' lang='lat' dir='ltr'>qui</span> 
     </span>
     <span class='ocr_line' id='line_1_5' title="bbox 293 963 1624 1063; baseline -0.002 -27"><span class='ocrx_word' id='word_1_34' title='bbox 293 963 402 1037; x_wconf 92' lang='lat' dir='ltr'>etiam</span> <span class='ocrx_word' id='word_1_35' title='bbox 419 987 491 1036; x_wconf 91' lang='lat' dir='ltr'>nou</span> <span class='ocrx_word' id='word_1_36' title='bbox 512 965 791 1054; x_wconf 87' lang='lat' dir='ltr'>descenderunt,</span> <span class='ocrx_word' id='word_1_37' title='bbox 815 973 850 1040; x_wconf 91' lang='lat' dir='ltr'>et</span> <span class='ocrx_word' id='word_1_38' title='bbox 875 967 1026 1063; x_wconf 89' lang='lat' dir='ltr'>optime;</span> <span class='ocrx_word' id='word_1_39' title='bbox 1054 965 1243 1062; x_wconf 88' lang='lat' dir='ltr'>episcopus</span> <span class='ocrx_word' id='word_1_40' title='bbox 1267 988 1352 1038; x_wconf 91' lang='lat' dir='ltr'>vero</span> <span class='ocrx_word' id='word_1_41' title='bbox 1375 963 1624 1051; x_wconf 88' lang='lat' dir='ltr'>Cortonensis,</span> 
     </span>
     <span class='ocr_line' id='line_1_6' title="bbox 292 1087 1628 1189; baseline -0.001 -27"><span class='ocrx_word' id='word_1_42' title='bbox 292 1089 352 1184; x_wconf 93' lang='lat' dir='ltr'>qui</span> <span class='ocrx_word' id='word_1_43' title='bbox 368 1111 494 1185; x_wconf 90' lang='lat' dir='ltr'>parum</span> <span class='ocrx_word' id='word_1_44' title='bbox 513 1095 594 1185; x_wconf 92' lang='lat' dir='ltr'>post</span> <span class='ocrx_word' id='word_1_45' title='bbox 611 1096 771 1164; x_wconf 89' lang='lat' dir='ltr'>oratores</span> <span class='ocrx_word' id='word_1_46' title='bbox 787 1092 970 1189; x_wconf 89' lang='lat' dir='ltr'>predictos</span> <span class='ocrx_word' id='word_1_47' title='bbox 994 1091 1103 1180; x_wconf 92' lang='lat' dir='ltr'>venit,</span> <span class='ocrx_word' id='word_1_48' title='bbox 1126 1090 1314 1164; x_wconf 89' lang='lat' dir='ltr'>descendit</span> <span class='ocrx_word' id='word_1_49' title='bbox 1330 1114 1374 1163; x_wconf 84' lang='lat' dir='ltr'>ex</span> <span class='ocrx_word' id='word_1_50' title='bbox 1394 1113 1505 1185; x_wconf 85' lang='lat' dir='ltr'>eque,</span> <span class='ocrx_word' id='word_1_51' title='bbox 1532 1087 1628 1184; x_wconf 89' lang='lat' dir='ltr'>quod</span> 
     </span>
     <span class='ocr_line' id='line_1_7' title="bbox 291 1214 1627 1313; baseline -0.003 -25"><span class='ocrx_word' id='word_1_52' title='bbox 291 1216 448 1290; x_wconf 81' lang='lat' dir='ltr'>indebite</span> <span class='ocrx_word' id='word_1_53' title='bbox 476 1216 559 1289; x_wconf 90' lang='lat' dir='ltr'>lecit</span> <span class='ocrx_word' id='word_1_54' title='bbox 584 1221 619 1288; x_wconf 91' lang='lat' dir='ltr'>et</span> <span class='ocrx_word' id='word_1_55' title='bbox 641 1216 938 1291; x_wconf 86' lang='lat' dir='ltr'>inconvenienter</span> <span class='ocrx_word' id='word_1_56' title='bbox 966 1217 1002 1288; x_wconf 94' lang='lat' dir='ltr'>in</span> <span class='ocrx_word' id='word_1_57' title='bbox 1023 1216 1238 1312; x_wconf 86' lang='lat' dir='ltr'>episcopalis</span> <span class='ocrx_word' id='word_1_58' title='bbox 1260 1215 1443 1313; x_wconf 84' lang='lat' dir='ltr'>dignitatis</span> <span class='ocrx_word' id='word_1_59' title='bbox 1465 1214 1627 1288; x_wconf 89' lang='lat' dir='ltr'>dedecus</span> 
     </span>
     <span class='ocr_line' id='line_1_8' title="bbox 293 1339 1627 1439; baseline -0.004 -23"><span class='ocrx_word' id='word_1_60' title='bbox 293 1348 328 1416; x_wconf 89' lang='lat' dir='ltr'>et</span> <span class='ocrx_word' id='word_1_61' title='bbox 343 1343 586 1439; x_wconf 86' lang='lat' dir='ltr'>vilipendium.</span> <span class='ocrx_word' id='word_1_62' title='bbox 615 1347 683 1416; x_wconf 88' lang='lat' dir='ltr'>Per</span> <span class='ocrx_word' id='word_1_63' title='bbox 700 1347 853 1438; x_wconf 92' lang='lat' dir='ltr'>quatuor</span> <span class='ocrx_word' id='word_1_64' title='bbox 874 1339 1040 1413; x_wconf 88' lang='lat' dir='ltr'>milliaria</span> <span class='ocrx_word' id='word_1_65' title='bbox 1059 1341 1114 1414; x_wconf 92' lang='lat' dir='ltr'>vel</span> <span class='ocrx_word' id='word_1_66' title='bbox 1134 1340 1231 1414; x_wconf 89' lang='lat' dir='ltr'>circa</span> <span class='ocrx_word' id='word_1_67' title='bbox 1246 1346 1348 1414; x_wconf 85' lang='lat' dir='ltr'>extra</span> <span class='ocrx_word' id='word_1_68' title='bbox 1363 1339 1499 1413; x_wconf 88' lang='lat' dir='ltr'>Urbem</span> <span class='ocrx_word' id='word_1_69' title='bbox 1518 1361 1627 1412; x_wconf 88' lang='lat' dir='ltr'>venc-</span> 
     </span>
     <span class='ocr_line' id='line_1_9' title="bbox 292 1465 1625 1565; baseline -0.004 -25"><span class='ocrx_word' id='word_1_70' title='bbox 292 1475 375 1540; x_wconf 92' lang='lat' dir='ltr'>runt</span> <span class='ocrx_word' id='word_1_71' title='bbox 390 1468 540 1565; x_wconf 88' lang='lat' dir='ltr'>principi</span> <span class='ocrx_word' id='word_1_72' title='bbox 556 1468 717 1565; x_wconf 91' lang='lat' dir='ltr'>predicto</span> <span class='ocrx_word' id='word_1_73' title='bbox 734 1467 875 1540; x_wconf 91' lang='lat' dir='ltr'>obviam</span> <span class='ocrx_word' id='word_1_74' title='bbox 900 1467 1024 1539; x_wconf 85' lang='lat' dir='ltr'>BBmi.</span> <span class='ocrx_word' id='word_1_75' title='bbox 1050 1470 1124 1539; x_wconf 91' lang='lat' dir='ltr'>DB.</span> <span class='ocrx_word' id='word_1_76' title='bbox 1149 1466 1350 1540; x_wconf 87' lang='lat' dir='ltr'>cardinales</span> <span class='ocrx_word' id='word_1_77' title='bbox 1365 1465 1625 1562; x_wconf 90' lang='lat' dir='ltr'>Neapolitanus</span> 
     </span>
     <span class='ocr_line' id='line_1_10' title="bbox 292 1587 1624 1688; baseline -0.008 -20"><span class='ocrx_word' id='word_1_78' title='bbox 292 1601 327 1668; x_wconf 87' lang='lat' dir='ltr'>et</span> <span class='ocrx_word' id='word_1_79' title='bbox 341 1593 513 1666; x_wconf 86' lang='lat' dir='ltr'>Ascanius</span> <span class='ocrx_word' id='word_1_80' title='bbox 529 1616 600 1666; x_wconf 91' lang='lat' dir='ltr'>non</span> <span class='ocrx_word' id='word_1_81' title='bbox 622 1591 759 1665; x_wconf 90' lang='lat' dir='ltr'>adhoc</span> <span class='ocrx_word' id='word_1_82' title='bbox 780 1591 938 1688; x_wconf 90' lang='lat' dir='ltr'>deputati</span> <span class='ocrx_word' id='word_1_83' title='bbox 964 1591 1029 1664; x_wconf 88' lang='lat' dir='ltr'>sed</span> <span class='ocrx_word' id='word_1_84' title='bbox 1049 1615 1092 1664; x_wconf 85' lang='lat' dir='ltr'>ex</span> <span class='ocrx_word' id='word_1_85' title='bbox 1114 1617 1166 1680; x_wconf 87' lang='lat' dir='ltr'>se,</span> <span class='ocrx_word' id='word_1_86' title='bbox 1191 1599 1229 1664; x_wconf 89' lang='lat' dir='ltr'>ut</span> <span class='ocrx_word' id='word_1_87' title='bbox 1248 1588 1402 1687; x_wconf 88' lang='lat' dir='ltr'>principi</span> <span class='ocrx_word' id='word_1_88' title='bbox 1421 1587 1624 1684; x_wconf 91' lang='lat' dir='ltr'>conjuncti,</span> 
     </span>
     <span class='ocr_line' id='line_1_11' title="bbox 292 1714 1624 1816; baseline -0.006 -23"><span class='ocrx_word' id='word_1_89' title='bbox 292 1727 398 1816; x_wconf 89' lang='lat' dir='ltr'>capnt</span> <span class='ocrx_word' id='word_1_90' title='bbox 418 1719 582 1816; x_wconf 91' lang='lat' dir='ltr'>principi,</span> <span class='ocrx_word' id='word_1_91' title='bbox 601 1725 635 1792; x_wconf 89' lang='lat' dir='ltr'>et</span> <span class='ocrx_word' id='word_1_92' title='bbox 653 1718 729 1814; x_wconf 89' lang='lat' dir='ltr'>ipse</span> <span class='ocrx_word' id='word_1_93' title='bbox 750 1717 816 1806; x_wconf 91' lang='lat' dir='ltr'>eis,</span> <span class='ocrx_word' id='word_1_94' title='bbox 834 1717 1045 1813; x_wconf 88' lang='lat' dir='ltr'>detegentes</span> <span class='ocrx_word' id='word_1_95' title='bbox 1062 1744 1069 1804; x_wconf 79' lang='lat'>3</span> <span class='ocrx_word' id='word_1_96' title='bbox 1088 1716 1148 1812; x_wconf 92' lang='lat' dir='ltr'>qui</span> <span class='ocrx_word' id='word_1_97' title='bbox 1163 1715 1257 1789; x_wconf 92' lang='lat' dir='ltr'>inter</span> <span class='ocrx_word' id='word_1_98' title='bbox 1277 1738 1315 1788; x_wconf 93' lang='lat' dir='ltr'>se</span> <span class='ocrx_word' id='word_1_99' title='bbox 1329 1714 1533 1812; x_wconf 85' lang='lat' dir='ltr'>principem</span> <span class='ocrx_word' id='word_1_100' title='bbox 1548 1737 1624 1786; x_wconf 91' lang='lat' dir='ltr'>me-</span> 
     </span>
     <span class='ocr_line' id='line_1_12' title="bbox 292 1838 1623 1939; baseline -0.005 -23"><span class='ocrx_word' id='word_1_101' title='bbox 292 1845 390 1916; x_wconf 92' lang='lat' dir='ltr'>dinm</span> <span class='ocrx_word' id='word_1_102' title='bbox 407 1845 596 1933; x_wconf 84' lang='lat' dir='ltr'>duxerunt,</span> <span class='ocrx_word' id='word_1_103' title='bbox 614 1843 716 1939; x_wconf 91' lang='lat' dir='ltr'>quasi</span> <span class='ocrx_word' id='word_1_104' title='bbox 732 1844 776 1914; x_wconf 93' lang='lat' dir='ltr'>ad</span> <span class='ocrx_word' id='word_1_105' title='bbox 794 1865 904 1915; x_wconf 93' lang='lat' dir='ltr'>unum</span> <span class='ocrx_word' id='word_1_106' title='bbox 924 1842 1089 1930; x_wconf 89' lang='lat' dir='ltr'>milliare,</span> <span class='ocrx_word' id='word_1_107' title='bbox 1112 1841 1275 1915; x_wconf 90' lang='lat' dir='ltr'>videlicet</span> <span class='ocrx_word' id='word_1_108' title='bbox 1290 1841 1336 1914; x_wconf 91' lang='lat' dir='ltr'>ad</span> <span class='ocrx_word' id='word_1_109' title='bbox 1350 1839 1471 1912; x_wconf 92' lang='lat' dir='ltr'>locum</span> <span class='ocrx_word' id='word_1_110' title='bbox 1492 1838 1555 1910; x_wconf 85' lang='lat' dir='ltr'>uhi</span> <span class='ocrx_word' id='word_1_111' title='bbox 1572 1838 1623 1910; x_wconf 93' lang='lat' dir='ltr'>vie</span> 
     </span>
     <span class='ocr_line' id='line_1_13' title="bbox 292 1963 1623 2064; baseline -0.003 -24"><span class='ocrx_word' id='word_1_112' title='bbox 292 1975 516 2064; x_wconf 85' lang='lat' dir='ltr'>separantur,</span> <span class='ocrx_word' id='word_1_113' title='bbox 532 1991 602 2040; x_wconf 92' lang='lat' dir='ltr'>una</span> <span class='ocrx_word' id='word_1_114' title='bbox 616 1991 740 2040; x_wconf 89' lang='lat' dir='ltr'>versus</span> <span class='ocrx_word' id='word_1_115' title='bbox 758 1975 899 2063; x_wconf 93' lang='lat' dir='ltr'>portam</span> <span class='ocrx_word' id='word_1_116' title='bbox 916 1966 1093 2055; x_wconf 89' lang='lat' dir='ltr'>Latinam,</span> <span class='ocrx_word' id='word_1_117' title='bbox 1118 1973 1153 2040; x_wconf 88' lang='lat' dir='ltr'>et</span> <span class='ocrx_word' id='word_1_118' title='bbox 1178 1966 1247 2039; x_wconf 89' lang='lat' dir='ltr'>alia</span> <span class='ocrx_word' id='word_1_119' title='bbox 1271 1990 1393 2040; x_wconf 88' lang='lat' dir='ltr'>versus</span> <span class='ocrx_word' id='word_1_120' title='bbox 1417 1963 1623 2038; x_wconf 79' lang='lat' dir='ltr'>Asinariam</span> 
     </span>
     <span class='ocr_line' id='line_1_14' title="bbox 290 2088 1622 2192; baseline -0.006 -24"><span class='ocrx_word' id='word_1_121' title='bbox 290 2101 433 2191; x_wconf 92' lang='lat' dir='ltr'>portam</span> <span class='ocrx_word' id='word_1_122' title='bbox 448 2094 515 2168; x_wconf 90' lang='lat' dir='ltr'>iter</span> <span class='ocrx_word' id='word_1_123' title='bbox 536 2094 729 2192; x_wconf 86' lang='lat' dir='ltr'>prebentes</span> <span class='ocrx_word' id='word_1_124' title='bbox 748 2119 755 2166; x_wconf 93' lang='lat'>:</span> <span class='ocrx_word' id='word_1_125' title='bbox 776 2093 909 2166; x_wconf 91' lang='lat' dir='ltr'>ibidem</span> <span class='ocrx_word' id='word_1_126' title='bbox 934 2093 1135 2190; x_wconf 88' lang='lat' dir='ltr'>principem</span> <span class='ocrx_word' id='word_1_127' title='bbox 1157 2090 1384 2180; x_wconf 90' lang='lat' dir='ltr'>dimiserunt,</span> <span class='ocrx_word' id='word_1_128' title='bbox 1411 2088 1472 2184; x_wconf 92' lang='lat' dir='ltr'>qui</span> <span class='ocrx_word' id='word_1_129' title='bbox 1499 2113 1622 2160; x_wconf 88' lang='lat' dir='ltr'>versus</span> 
     </span>
     <span class='ocr_line' id='line_1_15' title="bbox 291 2215 1619 2316; baseline -0.001 -24"><span class='ocrx_word' id='word_1_130' title='bbox 291 2220 491 2294; x_wconf 80' lang='lat' dir='ltr'>Asinariam</span> <span class='ocrx_word' id='word_1_131' title='bbox 521 2227 663 2316; x_wconf 92' lang='lat' dir='ltr'>portam</span> <span class='ocrx_word' id='word_1_132' title='bbox 695 2225 730 2292; x_wconf 89' lang='lat' dir='ltr'>et</span> <span class='ocrx_word' id='word_1_133' title='bbox 764 2223 1045 2292; x_wconf 89' lang='lat' dir='ltr'>Lateranensem</span> <span class='ocrx_word' id='word_1_134' title='bbox 1075 2242 1144 2314; x_wconf 91' lang='lat' dir='ltr'>que</span> <span class='ocrx_word' id='word_1_135' title='bbox 1180 2217 1309 2290; x_wconf 90' lang='lat' dir='ltr'>dieitur</span> <span class='ocrx_word' id='word_1_136' title='bbox 1338 2215 1431 2287; x_wconf 89' lang='lat' dir='ltr'>viam</span> <span class='ocrx_word' id='word_1_137' title='bbox 1466 2215 1619 2312; x_wconf 79' lang='lat' dir='ltr'>accepit.</span> 
     </span>
     <span class='ocr_line' id='line_1_16' title="bbox 292 2340 1621 2441; baseline -0.003 -25"><span class='ocrx_word' id='word_1_138' title='bbox 292 2345 358 2441; x_wconf 92' lang='lat' dir='ltr'>ipsi</span> <span class='ocrx_word' id='word_1_139' title='bbox 384 2369 469 2419; x_wconf 90' lang='lat' dir='ltr'>vero</span> <span class='ocrx_word' id='word_1_140' title='bbox 485 2369 607 2418; x_wconf 91' lang='lat' dir='ltr'>versus</span> <span class='ocrx_word' id='word_1_141' title='bbox 629 2345 804 2418; x_wconf 93' lang='lat' dir='ltr'>Latinam.</span> <span class='ocrx_word' id='word_1_142' title='bbox 832 2344 979 2416; x_wconf 89' lang='lat' dir='ltr'>Interim</span> <span class='ocrx_word' id='word_1_143' title='bbox 1002 2343 1175 2416; x_wconf 88' lang='lat' dir='ltr'>associavi</span> <span class='ocrx_word' id='word_1_144' title='bbox 1200 2347 1344 2416; x_wconf 88' lang='lat' dir='ltr'>nostros</span> <span class='ocrx_word' id='word_1_145' title='bbox 1371 2340 1514 2414; x_wconf 89' lang='lat' dir='ltr'>nobiles</span> <span class='ocrx_word' id='word_1_146' title='bbox 1539 2363 1621 2412; x_wconf 92' lang='lat' dir='ltr'>cum</span> 
     </span>
     <span class='ocr_line' id='line_1_17' title="bbox 291 2465 1621 2567; baseline -0.003 -26"><span class='ocrx_word' id='word_1_147' title='bbox 291 2470 372 2558; x_wconf 88' lang='lat' dir='ltr'>illis,</span> <span class='ocrx_word' id='word_1_148' title='bbox 395 2495 477 2550; x_wconf 86' lang='lat' dir='ltr'>nam</span> <span class='ocrx_word' id='word_1_149' title='bbox 494 2471 681 2567; x_wconf 90' lang='lat' dir='ltr'>capitaneo</span> <span class='ocrx_word' id='word_1_150' title='bbox 698 2469 857 2544; x_wconf 84' lang='lat' dir='ltr'>Ecclesie</span> <span class='ocrx_word' id='word_1_151' title='bbox 877 2469 999 2543; x_wconf 91' lang='lat' dir='ltr'>locum</span> <span class='ocrx_word' id='word_1_152' title='bbox 1015 2469 1096 2542; x_wconf 91' lang='lat' dir='ltr'>dedi</span> <span class='ocrx_word' id='word_1_153' title='bbox 1113 2467 1298 2541; x_wconf 91' lang='lat' dir='ltr'>asinistris</span> <span class='ocrx_word' id='word_1_154' title='bbox 1317 2466 1542 2540; x_wconf 87' lang='lat' dir='ltr'>marchionis</span> <span class='ocrx_word' id='word_1_155' title='bbox 1563 2465 1621 2538; x_wconf 89' lang='lat' dir='ltr'>Gi-</span> 
     </span>
     <span class='ocr_line' id='line_1_18' title="bbox 291 2592 1620 2704; baseline -0.004 -36"><span class='ocrx_word' id='word_1_156' title='bbox 291 2596 466 2704; x_wconf 79' lang='lat' dir='ltr'>raccnsis,</span> <span class='ocrx_word' id='word_1_157' title='bbox 485 2596 559 2668; x_wconf 88' lang='lat' dir='ltr'>filio</span> <span class='ocrx_word' id='word_1_158' title='bbox 576 2601 670 2691; x_wconf 87' lang='lat' dir='ltr'>Papo</span> <span class='ocrx_word' id='word_1_159' title='bbox 686 2619 707 2668; x_wconf 92' lang='lat' dir='ltr'>a</span> <span class='ocrx_word' id='word_1_160' title='bbox 723 2595 875 2667; x_wconf 89' lang='lat' dir='ltr'>sinistris</span> <span class='ocrx_word' id='word_1_161' title='bbox 891 2595 990 2668; x_wconf 94' lang='lat' dir='ltr'>ducis</span> <span class='ocrx_word' id='word_1_162' title='bbox 1006 2594 1226 2680; x_wconf 70' lang='lat' dir='ltr'>amalfitani,</span> <span class='ocrx_word' id='word_1_163' title='bbox 1245 2601 1281 2668; x_wconf 90' lang='lat' dir='ltr'>et</span> <span class='ocrx_word' id='word_1_164' title='bbox 1296 2593 1500 2666; x_wconf 91' lang='lat' dir='ltr'>marchioni</span> <span class='ocrx_word' id='word_1_165' title='bbox 1518 2592 1620 2665; x_wconf 90' lang='lat' dir='ltr'>Fina-</span> 
     </span>
     <span class='ocr_line' id='line_1_19' title="bbox 292 2717 1616 2816; baseline -0.002 -24"><span class='ocrx_word' id='word_1_166' title='bbox 292 2721 331 2794; x_wconf 93' lang='lat' dir='ltr'>rii</span> <span class='ocrx_word' id='word_1_167' title='bbox 346 2746 367 2794; x_wconf 90' lang='lat' dir='ltr'>a</span> <span class='ocrx_word' id='word_1_168' title='bbox 382 2721 533 2794; x_wconf 89' lang='lat' dir='ltr'>sinistris</span> <span class='ocrx_word' id='word_1_169' title='bbox 549 2719 769 2794; x_wconf 89' lang='lat' dir='ltr'>marchionis</span> <span class='ocrx_word' id='word_1_170' title='bbox 791 2720 960 2808; x_wconf 89' lang='lat' dir='ltr'>Piscarie,</span> <span class='ocrx_word' id='word_1_171' title='bbox 986 2719 1117 2794; x_wconf 91' lang='lat' dir='ltr'>deiude</span> <span class='ocrx_word' id='word_1_172' title='bbox 1138 2719 1215 2792; x_wconf 91' lang='lat' dir='ltr'>aliis</span> <span class='ocrx_word' id='word_1_173' title='bbox 1234 2719 1363 2792; x_wconf 89' lang='lat' dir='ltr'>melius</span> <span class='ocrx_word' id='word_1_174' title='bbox 1378 2719 1476 2814; x_wconf 92' lang='lat' dir='ltr'>quod</span> <span class='ocrx_word' id='word_1_175' title='bbox 1491 2717 1589 2816; x_wconf 91' lang='lat' dir='ltr'>potui</span> <span class='ocrx_word' id='word_1_176' title='bbox 1608 2744 1616 2790; x_wconf 96' lang='lat'><strong>:</strong></span> 
     </span>
     <span class='ocr_line' id='line_1_20' title="bbox 292 2841 1619 2943; baseline -0.005 -22"><span class='ocrx_word' id='word_1_177' title='bbox 292 2847 540 2943; x_wconf 85' lang='lat' dir='ltr'>equitaverunt</span> <span class='ocrx_word' id='word_1_178' title='bbox 555 2853 675 2920; x_wconf 91' lang='lat' dir='ltr'>autem</span> <span class='ocrx_word' id='word_1_179' title='bbox 697 2847 796 2943; x_wconf 86' lang='lat' dir='ltr'>prius</span> <span class='ocrx_word' id='word_1_180' title='bbox 812 2846 926 2920; x_wconf 89' lang='lat' dir='ltr'>nostri</span> <span class='ocrx_word' id='word_1_181' title='bbox 946 2847 1030 2919; x_wconf 91' lang='lat' dir='ltr'>satis</span> <span class='ocrx_word' id='word_1_182' title='bbox 1049 2846 1212 2934; x_wconf 83' lang='lat' dir='ltr'>contuse,</span> <span class='ocrx_word' id='word_1_183' title='bbox 1235 2869 1319 2918; x_wconf 92' lang='lat' dir='ltr'>nam</span> <span class='ocrx_word' id='word_1_184' title='bbox 1341 2843 1436 2916; x_wconf 90' lang='lat' dir='ltr'>tilius</span> <span class='ocrx_word' id='word_1_185' title='bbox 1457 2846 1555 2937; x_wconf 85' lang='lat' dir='ltr'>Pape</span> <span class='ocrx_word' id='word_1_186' title='bbox 1569 2841 1619 2914; x_wconf 77' lang='lat' dir='ltr'>lo</span> 
     </span>
     <span class='ocr_line' id='line_1_21' title="bbox 291 2967 1617 3069; baseline -0.005 -25"><span class='ocrx_word' id='word_1_187' title='bbox 291 2996 374 3044; x_wconf 91' lang='lat' dir='ltr'>cnm</span> <span class='ocrx_word' id='word_1_188' title='bbox 392 2977 581 3069; x_wconf 88' lang='lat' dir='ltr'>acceperat</span> <span class='ocrx_word' id='word_1_189' title='bbox 597 2995 705 3068; x_wconf 86' lang='lat' dir='ltr'>supra</span> <span class='ocrx_word' id='word_1_190' title='bbox 720 2971 947 3067; x_wconf 89' lang='lat' dir='ltr'>capitaneum</span> <span class='ocrx_word' id='word_1_191' title='bbox 967 2971 1126 3044; x_wconf 87' lang='lat' dir='ltr'>Ecclesie</span> <span class='ocrx_word' id='word_1_192' title='bbox 1140 2995 1161 3044; x_wconf 91' lang='lat' dir='ltr'>a</span> <span class='ocrx_word' id='word_1_193' title='bbox 1174 2970 1308 3044; x_wconf 85' lang='lat' dir='ltr'>dextris</span> <span class='ocrx_word' id='word_1_194' title='bbox 1324 2967 1546 3041; x_wconf 89' lang='lat' dir='ltr'>marchionis</span> <span class='ocrx_word' id='word_1_195' title='bbox 1560 2967 1617 3039; x_wconf 88' lang='lat' dir='ltr'>Gi-</span> 
     </span>
     <span class='ocr_line' id='line_1_22' title="bbox 292 3093 1615 3196; baseline -0.005 -26"><span class='ocrx_word' id='word_1_196' title='bbox 292 3099 462 3190; x_wconf 87' lang='lat' dir='ltr'>racensis,</span> <span class='ocrx_word' id='word_1_197' title='bbox 482 3107 517 3172; x_wconf 91' lang='lat' dir='ltr'>et</span> <span class='ocrx_word' id='word_1_198' title='bbox 530 3099 574 3170; x_wconf 91' lang='lat' dir='ltr'>ad</span> <span class='ocrx_word' id='word_1_199' title='bbox 589 3098 666 3196; x_wconf 85' lang='lat' dir='ltr'>ejus</span> <span class='ocrx_word' id='word_1_200' title='bbox 682 3097 866 3170; x_wconf 86' lang='lat' dir='ltr'>dexteram</span> <span class='ocrx_word' id='word_1_201' title='bbox 878 3097 1061 3192; x_wconf 89' lang='lat' dir='ltr'>equitabat</span> <span class='ocrx_word' id='word_1_202' title='bbox 1071 3097 1233 3168; x_wconf 90' lang='lat' dir='ltr'>marchio</span> <span class='ocrx_word' id='word_1_203' title='bbox 1245 3095 1390 3184; x_wconf 83' lang='lat' dir='ltr'>Binarii,</span> <span class='ocrx_word' id='word_1_204' title='bbox 1406 3093 1615 3192; x_wconf 90' lang='lat' dir='ltr'>capitaneus</span> 
     </span>
     <span class='ocr_line' id='line_1_23' title="bbox 291 3218 1615 3315; baseline -0.005 -17"><span class='ocrx_word' id='word_1_205' title='bbox 291 3247 373 3298; x_wconf 90' lang='lat' dir='ltr'>vero</span> <span class='ocrx_word' id='word_1_206' title='bbox 388 3224 431 3298; x_wconf 94' lang='lat' dir='ltr'>ad</span> <span class='ocrx_word' id='word_1_207' title='bbox 441 3224 621 3297; x_wconf 89' lang='lat' dir='ltr'>sinistram</span> <span class='ocrx_word' id='word_1_208' title='bbox 634 3222 852 3296; x_wconf 91' lang='lat' dir='ltr'>marchionis</span> <span class='ocrx_word' id='word_1_209' title='bbox 866 3222 1080 3295; x_wconf 86' lang='lat' dir='ltr'>Giracensis.</span> <span class='ocrx_word' id='word_1_210' title='bbox 1098 3222 1271 3298; x_wconf 89' lang='lat' dir='ltr'>Venimus</span> <span class='ocrx_word' id='word_1_211' title='bbox 1282 3222 1352 3294; x_wconf 91' lang='lat' dir='ltr'>boc</span> <span class='ocrx_word' id='word_1_212' title='bbox 1364 3218 1491 3293; x_wconf 88' lang='lat' dir='ltr'>ordine</span> <span class='ocrx_word' id='word_1_213' title='bbox 1505 3243 1615 3315; x_wconf 89' lang='lat' dir='ltr'>usqne</span> 
     </span>
     <span class='ocr_line' id='line_1_24' title="bbox 199 3343 1618 3445; baseline -0.004 -24"><span class='ocrx_word' id='word_1_214' title='bbox 199 3431 203 3436; x_wconf 51' lang='grc'><strong>,</strong></span> <span class='ocrx_word' id='word_1_215' title='bbox 290 3349 335 3421; x_wconf 88' lang='lat' dir='ltr'>ad</span> <span class='ocrx_word' id='word_1_216' title='bbox 350 3360 488 3445; x_wconf 90' lang='lat' dir='ltr'>portam</span> <span class='ocrx_word' id='word_1_217' title='bbox 503 3349 720 3436; x_wconf 80' lang='lat' dir='ltr'>Asinariam,</span> <span class='ocrx_word' id='word_1_218' title='bbox 739 3356 840 3421; x_wconf 86' lang='lat' dir='ltr'>extra</span> <span class='ocrx_word' id='word_1_219' title='bbox 854 3373 961 3445; x_wconf 92' lang='lat' dir='ltr'>quam</span> <span class='ocrx_word' id='word_1_220' title='bbox 974 3351 1250 3422; x_wconf 89' lang='lat' dir='ltr'>Beneventanus</span> <span class='ocrx_word' id='word_1_221' title='bbox 1265 3357 1301 3421; x_wconf 91' lang='lat' dir='ltr'>et</span> <span class='ocrx_word' id='word_1_222' title='bbox 1317 3344 1489 3421; x_wconf 88' lang='lat' dir='ltr'>Senensis</span> <span class='ocrx_word' id='word_1_223' title='bbox 1506 3343 1618 3419; x_wconf 86' lang='lat' dir='ltr'>cardi-</span> 
     </span>
     <span class='ocr_line' id='line_1_25' title="bbox 289 3471 1616 3572; baseline -0.002 -28"><span class='ocrx_word' id='word_1_224' title='bbox 289 3474 389 3546; x_wconf 89' lang='lat' dir='ltr'>nales</span> <span class='ocrx_word' id='word_1_225' title='bbox 405 3475 643 3572; x_wconf 88' lang='lat' dir='ltr'>expectabant</span> <span class='ocrx_word' id='word_1_226' title='bbox 653 3476 757 3570; x_wconf 86' lang='lat' dir='ltr'>juxta</span> <span class='ocrx_word' id='word_1_227' title='bbox 771 3473 912 3546; x_wconf 91' lang='lat' dir='ltr'>Turrim</span> <span class='ocrx_word' id='word_1_228' title='bbox 922 3474 1124 3546; x_wconf 88' lang='lat' dir='ltr'>Rotundam</span> <span class='ocrx_word' id='word_1_229' title='bbox 1137 3473 1264 3546; x_wconf 92' lang='lat' dir='ltr'>inloco</span> <span class='ocrx_word' id='word_1_230' title='bbox 1274 3472 1397 3560; x_wconf 91' lang='lat' dir='ltr'>solito;</span> <span class='ocrx_word' id='word_1_231' title='bbox 1415 3471 1550 3544; x_wconf 88' lang='lat' dir='ltr'>iamilic</span> <span class='ocrx_word' id='word_1_232' title='bbox 1560 3495 1616 3542; x_wconf 91' lang='lat' dir='ltr'>au-</span> 
     </span>
     <span class='ocr_line' id='line_1_26' title="bbox 290 3595 1613 3696; baseline -0.003 -24"><span class='ocrx_word' id='word_1_233' title='bbox 290 3606 362 3673; x_wconf 91' lang='lat' dir='ltr'>tem</span> <span class='ocrx_word' id='word_1_234' title='bbox 381 3601 628 3688; x_wconf 79' lang='lat' dir='ltr'>cardinalium,</span> <span class='ocrx_word' id='word_1_235' title='bbox 647 3601 731 3696; x_wconf 88' lang='lat' dir='ltr'>quia</span> <span class='ocrx_word' id='word_1_236' title='bbox 746 3599 923 3672; x_wconf 90' lang='lat' dir='ltr'>intimatio</span> <span class='ocrx_word' id='word_1_237' title='bbox 935 3598 1002 3671; x_wconf 90' lang='lat' dir='ltr'>luit</span> <span class='ocrx_word' id='word_1_238' title='bbox 1017 3599 1069 3672; x_wconf 90' lang='lat' dir='ltr'>eis</span> <span class='ocrx_word' id='word_1_239' title='bbox 1084 3623 1149 3696; x_wconf 90' lang='lat' dir='ltr'>per</span> <span class='ocrx_word' id='word_1_240' title='bbox 1163 3621 1329 3672; x_wconf 88' lang='lat' dir='ltr'>cursores</span> <span class='ocrx_word' id='word_1_241' title='bbox 1344 3597 1439 3670; x_wconf 89' lang='lat' dir='ltr'>male</span> <span class='ocrx_word' id='word_1_242' title='bbox 1454 3598 1548 3670; x_wconf 88' lang='lat' dir='ltr'>lacta</span> <span class='ocrx_word' id='word_1_243' title='bbox 1561 3595 1613 3669; x_wconf 84' lang='lat' dir='ltr'>vel</span> 
     </span>
     <span class='ocr_line' id='line_1_27' title="bbox 287 3721 1612 3822; baseline -0.002 -26"><span class='ocrx_word' id='word_1_244' title='bbox 287 3723 355 3820; x_wconf 90' lang='lat' dir='ltr'>ipsi</span> <span class='ocrx_word' id='word_1_245' title='bbox 380 3724 466 3798; x_wconf 88' lang='lat' dir='ltr'>alias</span> <span class='ocrx_word' id='word_1_246' title='bbox 491 3725 709 3822; x_wconf 82' lang='lat' dir='ltr'>negligentia</span> <span class='ocrx_word' id='word_1_247' title='bbox 730 3725 784 3798; x_wconf 93' lang='lat' dir='ltr'>usi</span> <span class='ocrx_word' id='word_1_248' title='bbox 811 3732 905 3814; x_wconf 83' lang='lat' dir='ltr'>svrnt,</span> <span class='ocrx_word' id='word_1_249' title='bbox 935 3749 1007 3800; x_wconf 91' lang='lat' dir='ltr'>uon</span> <span class='ocrx_word' id='word_1_250' title='bbox 1032 3732 1208 3799; x_wconf 89' lang='lat' dir='ltr'>venerunt</span> <span class='ocrx_word' id='word_1_251' title='bbox 1235 3731 1337 3800; x_wconf 83' lang='lat' dir='ltr'>extra</span> <span class='ocrx_word' id='word_1_252' title='bbox 1356 3730 1512 3821; x_wconf 90' lang='lat' dir='ltr'>portam,</span> <span class='ocrx_word' id='word_1_253' title='bbox 1540 3721 1612 3795; x_wconf 88' lang='lat' dir='ltr'>sola</span> 
     </span>
     <span class='ocr_line' id='line_1_28' title="bbox 288 3847 1612 3948; baseline -0.006 -22"><span class='ocrx_word' id='word_1_254' title='bbox 288 3850 479 3926; x_wconf 90' lang='lat' dir='ltr'>cardinalis</span> <span class='ocrx_word' id='word_1_255' title='bbox 503 3851 546 3923; x_wconf 95' lang='lat' dir='ltr'>de</span> <span class='ocrx_word' id='word_1_256' title='bbox 575 3850 871 3925; x_wconf 85' lang='lat' dir='ltr'>Vico-comitibus</span> <span class='ocrx_word' id='word_1_257' title='bbox 902 3850 1036 3923; x_wconf 89' lang='lat' dir='ltr'>lamilia</span> <span class='ocrx_word' id='word_1_258' title='bbox 1063 3857 1227 3948; x_wconf 84' lang='lat' dir='ltr'>excepta,</span> <span class='ocrx_word' id='word_1_259' title='bbox 1257 3873 1326 3946; x_wconf 90' lang='lat' dir='ltr'>que</span> <span class='ocrx_word' id='word_1_260' title='bbox 1353 3848 1452 3923; x_wconf 92' lang='lat' dir='ltr'>venit</span> <span class='ocrx_word' id='word_1_261' title='bbox 1471 3847 1612 3922; x_wconf 92' lang='lat' dir='ltr'>circiter</span> 
     </span>
     <span class='ocr_line' id='line_1_29' title="bbox 289 3974 1608 4073; baseline -0.002 -21"><span class='ocrx_word' id='word_1_262' title='bbox 289 4000 399 4052; x_wconf 90' lang='lat' dir='ltr'>unum</span> <span class='ocrx_word' id='word_1_263' title='bbox 413 3977 550 4050; x_wconf 90' lang='lat' dir='ltr'>miliare</span> <span class='ocrx_word' id='word_1_264' title='bbox 567 3985 667 4050; x_wconf 82' lang='lat' dir='ltr'>extra</span> <span class='ocrx_word' id='word_1_265' title='bbox 682 3985 823 4072; x_wconf 92' lang='lat' dir='ltr'>portam</span> <span class='ocrx_word' id='word_1_266' title='bbox 843 3982 878 4048; x_wconf 92' lang='lat' dir='ltr'>et</span> <span class='ocrx_word' id='word_1_267' title='bbox 894 3977 1094 4073; x_wconf 91' lang='lat' dir='ltr'>principem</span> <span class='ocrx_word' id='word_1_268' title='bbox 1115 3977 1232 4050; x_wconf 92' lang='lat' dir='ltr'>verbis</span> <span class='ocrx_word' id='word_1_269' title='bbox 1247 3975 1430 4050; x_wconf 90' lang='lat' dir='ltr'>consuetis</span> <span class='ocrx_word' id='word_1_270' title='bbox 1450 3974 1608 4073; x_wconf 90' lang='lat' dir='ltr'>accepit:</span> 
     </span>
     <span class='ocr_line' id='line_1_30' title="bbox 288 4099 1612 4201; baseline -0.003 -25"><span class='ocrx_word' id='word_1_271' title='bbox 288 4127 395 4199; x_wconf 91' lang='lat' dir='ltr'>quem</span> <span class='ocrx_word' id='word_1_272' title='bbox 412 4101 541 4176; x_wconf 88' lang='lat' dir='ltr'>deinde</span> <span class='ocrx_word' id='word_1_273' title='bbox 559 4101 643 4174; x_wconf 89' lang='lat' dir='ltr'>dicti</span> <span class='ocrx_word' id='word_1_274' title='bbox 660 4101 730 4174; x_wconf 90' lang='lat' dir='ltr'>duo</span> <span class='ocrx_word' id='word_1_275' title='bbox 746 4101 860 4173; x_wconf 91' lang='lat' dir='ltr'>ultimi</span> <span class='ocrx_word' id='word_1_276' title='bbox 879 4099 1054 4174; x_wconf 92' lang='lat' dir='ltr'>nominati</span> <span class='ocrx_word' id='word_1_277' title='bbox 1072 4101 1273 4176; x_wconf 88' lang='lat' dir='ltr'>cardinales</span> <span class='ocrx_word' id='word_1_278' title='bbox 1296 4109 1332 4175; x_wconf 91' lang='lat' dir='ltr'>et</span> <span class='ocrx_word' id='word_1_279' title='bbox 1352 4111 1455 4174; x_wconf 86' lang='lat' dir='ltr'>extra</span> <span class='ocrx_word' id='word_1_280' title='bbox 1473 4108 1612 4201; x_wconf 90' lang='lat' dir='ltr'>portam</span> 
     </span>
     <span class='ocr_line' id='line_1_31' title="bbox 288 4227 1612 4322; baseline 0 -22"><span class='ocrx_word' id='word_1_281' title='bbox 288 4228 401 4302; x_wconf 88' lang='lat' dir='ltr'>solitis</span> <span class='ocrx_word' id='word_1_282' title='bbox 416 4229 533 4302; x_wconf 90' lang='lat' dir='ltr'>verbis</span> <span class='ocrx_word' id='word_1_283' title='bbox 550 4235 585 4302; x_wconf 91' lang='lat' dir='ltr'>et</span> <span class='ocrx_word' id='word_1_284' title='bbox 601 4227 816 4301; x_wconf 89' lang='lat' dir='ltr'>ceremoniis</span> <span class='ocrx_word' id='word_1_285' title='bbox 833 4233 1060 4322; x_wconf 89' lang='lat' dir='ltr'>receperunt,</span> <span class='ocrx_word' id='word_1_286' title='bbox 1084 4233 1119 4300; x_wconf 91' lang='lat' dir='ltr'>et</span> <span class='ocrx_word' id='word_1_287' title='bbox 1139 4227 1299 4302; x_wconf 91' lang='lat' dir='ltr'>medium</span> <span class='ocrx_word' id='word_1_288' title='bbox 1316 4228 1410 4301; x_wconf 88' lang='lat' dir='ltr'>iuter</span> <span class='ocrx_word' id='word_1_289' title='bbox 1425 4251 1464 4302; x_wconf 91' lang='lat' dir='ltr'>se</span> <span class='ocrx_word' id='word_1_290' title='bbox 1481 4228 1612 4301; x_wconf 88' lang='lat' dir='ltr'>duceu-</span> 
     </span>
     <span class='ocr_line' id='line_1_32' title="bbox 290 4351 1614 4450; baseline -0.001 -23"><span class='ocrx_word' id='word_1_291' title='bbox 290 4359 342 4427; x_wconf 85' lang='lat' dir='ltr'>tes</span> <span class='ocrx_word' id='word_1_292' title='bbox 368 4354 544 4427; x_wconf 85' lang='lat' dir='ltr'>duxerunt</span> <span class='ocrx_word' id='word_1_293' title='bbox 569 4352 613 4424; x_wconf 93' lang='lat' dir='ltr'>ad</span> <span class='ocrx_word' id='word_1_294' title='bbox 637 4351 808 4448; x_wconf 87' lang='lat' dir='ltr'>palatium</span> <span class='ocrx_word' id='word_1_295' title='bbox 835 4351 1072 4448; x_wconf 89' lang='lat' dir='ltr'>apostolicum</span> <span class='ocrx_word' id='word_1_296' title='bbox 1095 4353 1193 4450; x_wconf 69' lang='lat' dir='ltr'>=apud</span> <span class='ocrx_word' id='word_1_297' title='bbox 1221 4361 1384 4428; x_wconf 90' lang='lat' dir='ltr'>sanctum</span> <span class='ocrx_word' id='word_1_298' title='bbox 1408 4358 1557 4429; x_wconf 89' lang='lat' dir='ltr'>Petrum</span> <span class='ocrx_word' id='word_1_299' title='bbox 1581 4363 1614 4429; x_wconf 90' lang='lat' dir='ltr'>et</span> 
     </span>
     <span class='ocr_line' id='line_1_33' title="bbox 288 4477 1612 4573; baseline 0.001 -22"><span class='ocrx_word' id='word_1_300' title='bbox 288 4479 512 4552; x_wconf 90' lang='lat' dir='ltr'>associarunt</span> <span class='ocrx_word' id='word_1_301' title='bbox 528 4477 695 4550; x_wconf 90' lang='lat' dir='ltr'>intrando</span> <span class='ocrx_word' id='word_1_302' title='bbox 719 4485 859 4573; x_wconf 86' lang='lat' dir='ltr'>portam</span> <span class='ocrx_word' id='word_1_303' title='bbox 884 4478 1096 4573; x_wconf 88' lang='lat' dir='ltr'>predictam.</span> <span class='ocrx_word' id='word_1_304' title='bbox 1124 4480 1321 4554; x_wconf 88' lang='lat' dir='ltr'>Cardinalis</span> <span class='ocrx_word' id='word_1_305' title='bbox 1337 4481 1612 4556; x_wconf 86' lang='lat' dir='ltr'>Beneventanus</span> 
     </span>
     <span class='ocr_line' id='line_1_34' title="bbox 287 4600 1613 4700; baseline 0.005 -27"><span class='ocrx_word' id='word_1_306' title='bbox 287 4602 475 4698; x_wconf 88' lang='lat' dir='ltr'>precessit,</span> <span class='ocrx_word' id='word_1_307' title='bbox 494 4600 554 4698; x_wconf 94' lang='lat' dir='ltr'>qui</span> <span class='ocrx_word' id='word_1_308' title='bbox 571 4624 653 4674; x_wconf 91' lang='lat' dir='ltr'>enm</span> <span class='ocrx_word' id='word_1_309' title='bbox 673 4609 817 4673; x_wconf 88' lang='lat' dir='ltr'>secutus</span> <span class='ocrx_word' id='word_1_310' title='bbox 834 4611 888 4674; x_wconf 90' lang='lat' dir='ltr'>cst</span> <span class='ocrx_word' id='word_1_311' title='bbox 903 4602 1070 4700; x_wconf 88' lang='lat' dir='ltr'>princeps</span> <span class='ocrx_word' id='word_1_312' title='bbox 1085 4612 1120 4677; x_wconf 91' lang='lat' dir='ltr'>et</span> <span class='ocrx_word' id='word_1_313' title='bbox 1134 4603 1234 4678; x_wconf 93' lang='lat' dir='ltr'>illum</span> <span class='ocrx_word' id='word_1_314' title='bbox 1251 4605 1441 4696; x_wconf 82' lang='lat' dir='ltr'>Senensis3</span> <span class='ocrx_word' id='word_1_315' title='bbox 1459 4608 1537 4696; x_wconf 90' lang='lat' dir='ltr'>sed,</span> <span class='ocrx_word' id='word_1_316' title='bbox 1556 4606 1613 4680; x_wconf 91' lang='lat' dir='ltr'>ha·</span> 
     </span>
     <span class='ocr_line' id='line_1_35' title="bbox 287 4721 1611 4818; baseline 0.005 -24"><span class='ocrx_word' id='word_1_317' title='bbox 287 4721 362 4798; x_wconf 90' lang='lat' dir='ltr'>bita</span> <span class='ocrx_word' id='word_1_318' title='bbox 377 4726 505 4801; x_wconf 90' lang='lat' dir='ltr'>deiude</span> <span class='ocrx_word' id='word_1_319' title='bbox 522 4723 713 4798; x_wconf 87' lang='lat' dir='ltr'>cardinalis</span> <span class='ocrx_word' id='word_1_320' title='bbox 730 4728 900 4801; x_wconf 89' lang='lat' dir='ltr'>Senensis</span> <span class='ocrx_word' id='word_1_321' title='bbox 913 4731 1103 4818; x_wconf 87' lang='lat' dir='ltr'>sententia,</span> <span class='ocrx_word' id='word_1_322' title='bbox 1117 4732 1287 4806; x_wconf 88' lang='lat' dir='ltr'>continuo</span> <span class='ocrx_word' id='word_1_323' title='bbox 1302 4732 1468 4805; x_wconf 87' lang='lat' dir='ltr'>iecerunt</span> <span class='ocrx_word' id='word_1_324' title='bbox 1480 4729 1611 4804; x_wconf 88' lang='lat' dir='ltr'>inlocis</span> 
     </span>
     <span class='ocr_line' id='line_1_36' title="bbox 266 4849 1611 4951; baseline 0.004 -29"><span class='ocrx_word' id='word_1_325' title='bbox 266 4867 268 4870; x_wconf 82' lang='grc'><strong><em>·</em></strong></span> <span class='ocrx_word' id='word_1_326' title='bbox 288 4849 420 4923; x_wconf 89' lang='lat' dir='ltr'>strictis</span> <span class='ocrx_word' id='word_1_327' title='bbox 436 4852 634 4948; x_wconf 89' lang='lat' dir='ltr'>principem</span> <span class='ocrx_word' id='word_1_328' title='bbox 647 4851 842 4948; x_wconf 86' lang='lat' dir='ltr'>precedere.</span> <span class='ocrx_word' id='word_1_329' title='bbox 854 4881 862 4940; x_wconf 88' lang='lat'>;</span> <span class='ocrx_word' id='word_1_330' title='bbox 873 4859 908 4926; x_wconf 90' lang='lat' dir='ltr'>et</span> <span class='ocrx_word' id='word_1_331' title='bbox 920 4853 1037 4950; x_wconf 90' lang='lat' dir='ltr'>ipsum</span> <span class='ocrx_word' id='word_1_332' title='bbox 1048 4857 1324 4929; x_wconf 87' lang='lat' dir='ltr'>Beneventanus</span> <span class='ocrx_word' id='word_1_333' title='bbox 1337 4856 1470 4951; x_wconf 92' lang='lat' dir='ltr'>primo,</span> <span class='ocrx_word' id='word_1_334' title='bbox 1485 4855 1611 4932; x_wconf 89' lang='lat' dir='ltr'>deinde</span> 
     </span>
     <span class='ocr_line' id='line_1_37' title="bbox 289 4977 1609 5068; baseline 0.007 -22"><span class='ocrx_word' id='word_1_335' title='bbox 289 4977 458 5048; x_wconf 89' lang='lat' dir='ltr'>Senensis</span> <span class='ocrx_word' id='word_1_336' title='bbox 475 4984 557 5050; x_wconf 91' lang='lat' dir='ltr'>sunt</span> <span class='ocrx_word' id='word_1_337' title='bbox 573 4977 705 5068; x_wconf 79' lang='lat' dir='ltr'>secuti3</span> <span class='ocrx_word' id='word_1_338' title='bbox 728 5001 811 5051; x_wconf 93' lang='lat' dir='ltr'>cum</span> <span class='ocrx_word' id='word_1_339' title='bbox 834 5002 997 5053; x_wconf 90' lang='lat' dir='ltr'>essemus</span> <span class='ocrx_word' id='word_1_340' title='bbox 1018 4989 1100 5056; x_wconf 91' lang='lat' dir='ltr'>ante</span> <span class='ocrx_word' id='word_1_341' title='bbox 1120 4981 1308 5057; x_wconf 91' lang='lat' dir='ltr'>basilicam</span> <span class='ocrx_word' id='word_1_342' title='bbox 1333 4987 1609 5058; x_wconf 87' lang='lat' dir='ltr'>Lateraneusem</span> 
     </span>
     <span class='ocr_line' id='line_1_38' title="bbox 286 5096 1609 5204; baseline 0.008 -35"><span class='ocrx_word' id='word_1_343' title='bbox 286 5096 321 5169; x_wconf 94' lang='lat' dir='ltr'>in</span> <span class='ocrx_word' id='word_1_344' title='bbox 337 5099 456 5194; x_wconf 89' lang='lat' dir='ltr'>platea</span> <span class='ocrx_word' id='word_1_345' title='bbox 470 5101 567 5196; x_wconf 88' lang='lat' dir='ltr'>equi,</span> <span class='ocrx_word' id='word_1_346' title='bbox 585 5102 797 5200; x_wconf 88' lang='lat' dir='ltr'>inceperunt</span> <span class='ocrx_word' id='word_1_347' title='bbox 812 5104 932 5178; x_wconf 88' lang='lat' dir='ltr'>venire</span> <span class='ocrx_word' id='word_1_348' title='bbox 949 5104 1083 5182; x_wconf 77' lang='lat' dir='ltr'>familie</span> <span class='ocrx_word' id='word_1_349' title='bbox 1095 5108 1351 5198; x_wconf 88' lang='lat' dir='ltr'>cardinalium;</span> <span class='ocrx_word' id='word_1_350' title='bbox 1367 5109 1502 5182; x_wconf 82' lang='lat' dir='ltr'>familia</span> <span class='ocrx_word' id='word_1_351' title='bbox 1520 5113 1609 5204; x_wconf 88' lang='lat' dir='ltr'>Pape</span> 
     </span>
    </p>
   </div>
   <div class='ocr_carea' id='block_1_3' title="bbox 0 0 1758 6034">
    <p class='ocr_par' dir='ltr' id='par_1_3' title="bbox 0 0 1758 6034">
     <span class='ocr_line' id='line_1_39' title="bbox 0 0 1758 6034; baseline 0 1"><span class='ocrx_word' id='word_1_352' title='bbox 0 0 1758 6034; x_wconf 95' lang='lat' dir='ltr'> </span> 
     </span>
    </p>
   </div>
  </div>
 </body>
</html>
