3424 6038
331 437 386 498 soe
656 498 660 505 ,
788 439 964 502 ronanus
987 438 1208 512 enecatam,
1500 439 1644 508 [amru]

383 593 582 686 Dominica,
604 598 627 668 6
647 593 783 672 mensis
802 594 937 692 aprilis,
955 595 1089 672 lestum
1112 594 1387 676 resurrectionis
1407 597 1454 672 D.
1476 597 1509 672 J.
1532 595 1643 670 Christi
1699 568 1700 626 ³

331 721 523 798 Salvatoris
537 719 665 810 nostri,
684 722 748 796 SS.
767 723 811 796 D.
828 725 872 797 N.
890 722 987 796 circa
1002 721 1131 799 horam
1151 721 1381 798 undecimam
1397 728 1548 820 paratus
1560 743 1644 798 mora

331 853 506 924 consueto
519 851 556 922 et
566 869 716 944 regnum
731 846 768 921 iu
783 847 900 946 capite
910 847 1063 939 babens,
1080 846 1177 922 venit
1191 847 1238 922 ad
1248 847 1445 924 ecclesiam
1461 847 1644 945 processio

330 974 474 1064 naliter,
489 971 658 1048 omnibus
679 973 825 1071 prelatis
847 981 883 1050 et
904 973 1145 1050 cardinalibus
1162 972 1296 1069 paratis
1319 972 1443 1070 ipsum
1464 973 1644 1069 preceden-

330 1098 426 1174 tibus
443 1125 452 1174 :
470 1097 507 1172 iu
522 1096 678 1174 ecclesie
691 1097 787 1174 lacta
800 1104 856 1174 est
868 1097 935 1174 sibi
950 1096 1153 1174 reverentia
1171 1121 1193 1172 a
1208 1097 1455 1174 cardinalibus
1470 1101 1508 1170 et
1520 1097 1644 1195 prelatis

329 1243 431 1298 more
449 1227 641 1310 consuet03
659 1220 790 1298 deinde
805 1221 901 1298 dicte
916 1227 971 1298 est
989 1221 1095 1298 tertia
1110 1229 1147 1296 et
1167 1225 1264 1320 Papa
1289 1222 1434 1320 accepit
1453 1229 1647 1320 paramenta

330 1370 432 1424 more
451 1353 640 1424 consueto.
664 1352 789 1422 Rmus.
814 1351 862 1422 D.
878 1347 1069 1424 cardinalis
1096 1372 1127 1422 s.
1154 1347 1298 1445 Georgii
1325 1348 1553 1424 camerarius
1577 1348 1647 1422 dixit

331 1472 555 1571 evangelium
581 1472 747 1564 latinum,
773 1476 817 1546 D.
851 1473 1032 1552 Mattheus
1069 1472 1156 1549 Cibo
1194 1473 1444 1552 subdiaconus
1478 1473 1648 1571 epistolam

330 1597 492 1674 latinam.
523 1598 751 1695 Evangelium
776 1599 814 1672 in
838 1619 948 1696 greco
977 1597 1066 1673 dixit
1090 1600 1133 1671 D.
1161 1597 1349 1674 lohannes
1377 1597 1595 1674 Laurentius
1614 1598 1649 1670 de

331 1722 507 1814 Venetiis,
534 1723 751 1800 secretarius
777 1727 872 1822 Papo
903 1729 938 1798 at
969 1722 1160 1822 epistolam
1192 1748 1339 1822 grecam
1377 1729 1422 1800 D.
1463 1724 1650 1802 Demetrius
1701 1741 1702 1804 l

331 1845 568 1926 beneficiatus
583 1847 695 1946 ipsios
710 1849 857 1924 basilice
875 1848 1049 1948 principis
1064 1849 1312 1948 apostolorum
1327 1851 1372 1924 de
1390 1850 1491 1926 Urbe
1511 1875 1520 1925 :
1537 1873 1649 1946 apuam

332 1997 398 2074 pro
417 1973 553 2050 lotione
574 1995 748 2052 manuum
774 1973 957 2072 pontilicis
979 1981 1193 2073 portarunt:
1210 1959 1343 2074 primo,
1367 1981 1498 2050 orator
1518 1975 1649 2050 Floren-

332 2099 447 2189 tinus;
466 2099 640 2189 seeundo,
656 2098 793 2197 primus
809 2105 932 2176 orator
945 2099 1095 2174 dominii
1107 2104 1349 2191 Venetorum3
1372 2101 1502 2190 tertio,
1520 2103 1562 2174 D.
1576 2102 1649 2172 Der·

332 2223 466 2302 nardus
485 2223 530 2298 de
552 2223 727 2316 Polbaim,
754 2232 876 2300 orator
895 2224 1116 2302 serenissimi
1136 2225 1232 2323 regis
1246 2225 1504 2312 llarimiliani;
1522 2231 1646 2322 quarto.

332 2349 530 2448 imperator
544 2347 966 2446 constantinopolitanus.
985 2350 1049 2424 SS.
1071 2351 1115 2422 D.
1135 2351 1177 2424 N.
1193 2348 1479 2424 communicarit
1493 2349 1649 2422 diaconos
1702 2351 1703 2372 ³

333 2474 535 2552 cardinales
568 2483 640 2551 tres
673 2473 840 2550 videlieet
872 2475 1073 2550 Senensem
1101 2480 1138 2550 et
1169 2473 1347 2572 quosdam
1387 2475 1498 2564 alios,
1535 2473 1647 2548 deiude

333 2605 509 2689 oratores,
534 2605 626 2688 etc,
650 2605 791 2674 etcum
812 2603 1093 2676 vocassem'DD.
1120 2599 1345 2676 Bernardum
1370 2601 1415 2674 de
1444 2598 1605 2674 Polbaim
1621 2603 1648 2672 et

333 2719 528 2818 Georgium
547 2719 592 2794 de
607 2723 719 2796 Turre
738 2725 901 2798 oratores
920 2721 1141 2798 serenissimi
1161 2721 1394 2798 Maximiliani
1414 2727 1648 2798 Romanorum

321 2845 442 2943 regis,
468 2843 506 2920 in
529 2868 596 2922 suo
625 2845 751 2922 ordine
780 2837 1115 2939 communicandos,
1146 2849 1417 2947 protonotarius
1449 2849 1496 2924 de
1524 2849 1649 2924 Medica
1703 2891 1704 2894 κ

332 2969 560 3070 oratorregis
576 2970 745 3069 Hispania
762 2972 822 3068 qui
836 2995 876 3048 se
891 2972 1056 3048 etiamad
1071 2972 1366 3050 communionem
1381 2997 1420 3050 sa
1438 2975 1647 3074 disposuerat

330 3118 390 3174 me
404 3095 562 3194 primum
577 3094 821 3193 reprehendit,
839 3095 964 3186 dicens
986 3121 1044 3172 me
1065 3097 1184 3196 ipsum
1207 3098 1306 3196 prius
1324 3097 1497 3174 debuisse
1518 3119 1646 3174 vocasse

330 3222 527 3298 cumidem
540 3219 804 3297 Maximilianus
824 3221 986 3298 nondum
1005 3221 1051 3297 ab
1073 3223 1236 3300 Ecclesia
1255 3247 1406 3300 romana
1424 3221 1646 3300 confirmatus

330 3353 427 3429 esset
451 3356 488 3424 et
505 3355 700 3448 propterea
721 3349 840 3447 ipsum
859 3372 924 3447 pro
950 3371 1036 3447 rege
1059 3372 1131 3424 non
1155 3350 1305 3426 babere.
1336 3349 1523 3447 Respondi
1546 3346 1645 3422 eidem

331 3480 491 3553 oratores
506 3475 688 3572 predictos
703 3479 874 3571 tanquam
890 3479 1136 3550 Romanorum
1156 3475 1252 3573 regis
1272 3498 1338 3573 per
1357 3479 1495 3572 Papam
1510 3478 1544 3549 ct
1558 3469 1647 3546 colle
1704 3457 1705 3462 ‘

331 3599 607 3698 giumreoeptos
628 3606 665 3676 et
683 3599 861 3674 admissos
885 3605 922 3674 et
941 3605 1134 3699 propterea
1154 3623 1221 3699 pro
1246 3601 1376 3676 talibus
1400 3599 1530 3675 haberi
1544 3603 1578 3674 ct
1591 3594 1645 3668 aliu

330 3746 401 3821 que
417 3724 670 3822 respondenda
684 3730 787 3800 erant
802 3749 811 3798 :
827 3747 872 3800 ex
886 3748 958 3823 quo
982 3725 1117 3800 lactum
1130 3732 1186 3802 est
1199 3749 1244 3802 nc
1261 3727 1377 3803 dictus
1392 3721 1644 3825 protonotarius

330 3847 478 3946 prelatis
497 3849 700 3926 oratoribus
720 3849 853 3925 cedere
873 3849 1067 3944 rideretur,
1089 3851 1200 3927 voluit
1223 3852 1345 3950 potius
1366 3850 1644 3928 communionem

331 3973 536 4066 obmittere,
551 3979 588 4050 et
604 3998 678 4050 non
697 3974 764 4050 luit
783 3975 1083 4052 communicatus.
1106 3980 1278 4054 Preterea
1299 3981 1343 4053 D.
1365 3978 1499 4052 Paulus
1520 3977 1644 4050 senator

324 4098 438 4177 ‘Urbis
461 4100 522 4198 qui
545 4105 628 4198 post
650 4099 835 4198 predictos
857 4106 1017 4178 oratores
1040 4105 1285 4178 Romanorum
1305 4103 1401 4201 regis
1425 4102 1475 4178 ad
1499 4119 1643 4178 commu·

331 4225 479 4304 aionem
502 4225 613 4317 venit,
638 4249 721 4302 cum
746 4225 996 4302 descendisset
1015 4226 1161 4302 deloco
1182 4251 1248 4304 suo
1277 4251 1344 4326 per
1367 4228 1501 4326 gradus
1522 4223 1593 4300 solii
1613 4225 1641 4294 ut

332 4350 569 4427 reverentiam
585 4351 744 4426 debitam
767 4351 903 4428 laceret
921 4351 1098 4450 pontifici,
1121 4353 1183 4428 ivit
1202 4377 1315 4451 usque
1335 4353 1381 4430 sd
1396 4353 1508 4428 altare
1523 4349 1578 4426 ubi
1591 4367 1641 4443 per

331 4475 544 4578 episcopum
577 4475 785 4552 Plautinum
816 4483 853 4553 et
885 4477 1080 4554 diaconum
1117 4498 1268 4577 grecum
1298 4476 1359 4574 qui
1389 4466 1640 4552 communicatis

330 4600 452 4676 vinum
465 4622 532 4699 pro
546 4600 796 4699 purificatione
810 4600 1050 4693 ministrabat,
1072 4601 1306 4678 credentibus
1322 4602 1443 4700 ipsum
1457 4603 1637 4674 senatorem

333 4725 639 4802 communicatum
663 4749 759 4816 esse,
784 4726 817 4802 ei
844 4727 964 4802 vinum
989 4751 1034 4802 cx
1048 4727 1161 4802 calice
1177 4726 1401 4825 prebuerunt
1421 4749 1488 4824 pro
1502 4719 1638 4824 parido

334 4847 431 4923 tione
456 4855 492 4924 et
515 4847 575 4923 ille
591 4848 693 4940 bibit,
720 4848 850 4925 deiude
877 4850 923 4923 ad
943 4850 1239 4926 communionem
1262 4850 1472 4928 immediate
1492 4841 1639 4945 adpontl·

336 4969 628 5050 ficemasoendit.
648 4977 692 5047 D.
711 4973 903 5072 episcopus
919 4975 1115 5052 lileriensis
1126 4975 1187 5073 qui
1203 4977 1323 5075 ipsum
1334 4977 1468 5054 bibisse
1481 4966 1636 5050 riditdixit

336 5121 421 5172 eum
445 5099 742 5176 communionem
769 5123 912 5175 sumere
939 5125 1013 5176 non
1034 5103 1169 5178 debere
1184 5125 1274 5204 cum
1302 5101 1468 5192 bibisset;
1495 5098 1552 5175 sed
1571 5089 1633 5190 quia
