3578 6032
281 505 335 560 532
703 470 707 478 '
840 495 1052 551 arrunnrcu.

280 655 384 734 piunt.
402 650 514 730 Legati
530 648 637 711 Cilicie
651 649 817 712 littoribus
829 648 980 712 rhodiam
994 649 1163 710 birrenum
1177 663 1254 710 casa
1269 652 1435 726 repertam
1450 663 1606 710 conscen-

279 753 372 826 dunt,
389 748 596 827 rhodumque
610 748 781 827 nauigant.
803 749 929 809 Interea
950 747 1133 826 nauigium,
1149 746 1238 824 apud
1252 764 1290 809 ea
1305 747 1415 808 littora
1431 745 1608 808 stationem

280 851 419 924 habens,
442 851 587 927 Zyzymy
610 845 761 908 conducit
782 851 830 922 ut,
858 846 885 907 si
909 861 1007 907 casus
1021 846 1177 926 exegerit,
1202 849 1338 923 repente
1358 861 1398 906 eo
1413 859 1609 918 conscenso,

188 961 193 972 '
282 947 380 1012 saluti
406 961 539 1024 quoquo
571 945 668 1007 modo
695 944 856 1006 consulat.
883 943 995 1024 Legati
1018 943 1077 1005 ubi
1098 943 1238 1006 rhodum
1265 943 1485 1023 appulerunt,
1512 943 1612 1004 iussu

285 1045 431 1126 equiturn
455 1042 605 1122 magistri
631 1039 715 1104 Petri
739 1043 940 1105 Daubusson
965 1046 1082 1103 senatu
1109 1045 1236 1117 coacto,
1262 1039 1297 1102 in
1319 1041 1404 1103 hanc
1429 1039 1612 1120 loquuntur

286 1142 495 1207 sententiam.

574 1299 586 1330 ι
606 1280 709 1336 Oratio
724 1253 901 1355 laqueorum
912 1281 946 1335 in
960 1276 1082 1338 Senatu
1096 1273 1286 1338 Rhodiorum
1302 1293 1312 1336 :

328 1428 646 1495 ‹Precellentissime
674 1429 826 1507 princeps
856 1433 889 1492 et
916 1429 1091 1509 magister;
1120 1428 1443 1506 Prestantissimique
1466 1429 1613 1508 equites.

285 1531 517 1594 Nobilissimus
538 1527 732 1590 adolescens
754 1544 791 1589 ac
815 1527 949 1589 sublimi
970 1527 1041 1588 loco
1063 1526 1163 1590 natus
1185 1530 1331 1606 Zyzymy
1351 1543 1421 1602 rex,
1440 1526 1618 1588 othuman·

286 1629 381 1691 nides
396 1627 526 1690 Maximi
540 1626 629 1706 regis
645 1642 761 1705 nepoS,
786 1625 1045 1704 splendidissimi
1064 1625 1273 1704 imperatoris
1297 1622 1385 1686 filius
1402 1641 1440 1687 ac
1454 1625 1617 1703 potentis-

288 1727 363 1788 simi
384 1725 517 1806 tyranni
540 1740 731 1804 germanuS,
756 1723 904 1786 adversis
926 1724 1028 1786 rebus
1045 1723 1087 1786 ad
1105 1727 1237 1804 tempus
1266 1722 1397 1798 cedens,
1414 1724 1504 1802 cupit
1524 1723 1571 1785 ad
1584 1726 1618 1783 te

289 1823 569 1903 sapientissimum
580 1823 759 1901 principem
773 1827 806 1885 et
815 1821 1122 1885 victoriosissimum
1147 1823 1346 1902 magistrum
1361 1837 1487 1900 vosque
1502 1821 1619 1883 fortis·¹

288 1923 390 1984 simos
405 1921 545 1984 athletas
571 1918 759 2000 confugere.
787 1937 931 1999 quorum
945 1920 1131 1998 prudentia,
1147 1919 1283 1982 consilio
1298 1923 1398 1998 atque
1418 1937 1493 1998 ope,
1514 1920 1618 1981 rebus

288 2019 416 2083 afflictis
427 2018 551 2081 mederi
567 2020 683 2096 possit.
703 2021 807 2095 Quam
823 2036 963 2098 propere
977 2019 1174 2081 mittendam
1184 2019 1337 2092 classem,
1349 2013 1424 2080 'esse
1439 2018 1538 2097 petit;
1553 2034 1620 2098 que

288 2119 398 2198 ipsum
424 2117 601 2196 excipiens,
631 2117 782 2180 ilbodum
811 2117 960 2190 diuehat;
989 2115 1157 2197 fidemque
1189 2117 1353 2196 publicam
1380 2117 1537 2196 implorat
1552 2133 1620 2196 qua

289 2223 381 2280 tutus
396 2217 430 2278 in
442 2221 585 2279 vestram
602 2215 760 2278 ditionem
786 2219 898 2295 pateat
912 2215 1034 2278 aditus,
1059 2217 1124 2278 Hoc
1149 2215 1220 2278 loco
1236 2213 1358 2278 referre
1372 2230 1441 2277 non
1455 2215 1537 2277 libet
1553 2231 1621 2294 que

288 2321 417 2379 vestros
430 2313 563 2394 quidem
589 2315 874 2393 prestantissimos
895 2315 1024 2376 animos
1048 2313 1274 2393 persuadeant
1287 2318 1324 2376 ut
1338 2313 1468 2394 regium
1490 2313 1622 2376 adoles·

292 2418 421 2476 centem
436 2429 503 2476 non
518 2413 682 2474 reliciatis.
699 2413 824 2475 Nobilis
835 2411 899 2496 {viri
914 2413 1007 2488 estis,
1022 2417 1054 2475 et
1069 2413 1171 2476 multa
1181 2411 1301 2492 prediti
1314 2405 1490 2491 prudentia
1508 2431 1517 2474 ε
1533 2413 1619 2475 satis

292 2528 457 2591 superque
480 2511 662 2590 intelligitis
689 2512 804 2590 quanti
827 2510 984 2589 ponderis
1017 2512 1160 2574 existant
1190 2511 1368 2590 postulata,
1397 2514 1430 2572 et
1454 2514 1538 2588 quot
1567 2511 1621 2572 vel

290 2608 541 2690 qualesfructus
557 2608 634 2671 inde
654 2609 783 2686 excerpi
807 2609 977 2687 posterint.
1005 2609 1133 2672 Scimus
1157 2610 1245 2672 enim
1271 2625 1330 2672 vos
1354 2609 1620 2687 preclarissimos

292 2709 379 2772 viros
391 2707 492 2769 armis
507 2711 653 2783 asuetoS,
668 2723 722 2768 res
739 2708 847 2787 magis
868 2724 969 2787 quam
987 2708 1087 2770 verba
1111 2709 1299 2786 impellere3
1320 2723 1423 2786 quare
1447 2706 1620 2786 prolixiori

290 2821 443 2870 sermone
481 2805 696 2868 suavissimas
730 2821 828 2866 aures
861 2821 929 2867 non
958 2805 1500 2869 obtundemus..Potentissimum
1528 2805 1620 2885 regis

289 2910 404 2970 natum
422 2905 537 2968 advos
559 2902 768 2965 accedentem
783 2903 870 2982 (licet
885 2901 1073 2983 profugum)
1088 2919 1130 2965 ne
1148 2902 1404 2982 floccipendatis.
1423 2902 1620 2986 indecorum

291 3005 378 3066 enim
391 3008 491 3078 esset,
506 3001 638 3064 asillum
659 3001 728 3080 regi
744 3001 907 3075 claudere,
930 3002 1019 3080 quod
1035 3001 1085 3063 vel
1099 3001 1282 3064 homonciis
1298 3006 1330 3063 et
1342 3001 1460 3079 pusilis
1482 3019 1619 3082 semper

290 3103 407 3180 patuit.
429 3101 564 3164 Celebre
586 3099 721 3178 quidam
749 3103 800 3161 est
824 3103 970 3162 vestrum
995 3097 1095 3180 (apud
1122 3105 1252 3162 exteras
1278 3099 1442 3177 nationes)
1469 3103 1615 3174 no'meir;

288 3201 378 3280 quod
392 3204 424 3262 et
439 3213 596 3262 caucasus
614 3203 744 3260 montes
767 3198 971 3260 transcendit
998 3202 1031 3260 et
1055 3197 1152 3260 indos
1167 3199 1372 3278 penetravit3
1400 3198 1491 3277 quod
1512 3200 1617 3262 armis

288 3299 353 3362 vim
374 3298 534 3376 repellere
556 3313 623 3360 non
638 3298 779 3378 ignorat,
805 3301 838 3360 et
859 3296 1018 3377 profugos
1040 3296 1154 3360 fouere
1178 3298 1262 3360 asilo
1273 3297 1447 3360 tutissimo
1465 3301 1533 3360 non
1549 3297 1619 3360 fas·

288 3396 361 3458 tidit
379 3411 564 3474 generosus
585 3400 696 3460 vester
719 3395 863 3458 animus.
893 3396 1013 3458 Littere
1026 3396 1061 3458 in
1085 3399 1202 3459 senatu
1228 3397 1372 3471 recitate,
1394 3395 1482 3459 idem
1502 3401 1621 3476 postu·

289 3495 369 3557 lant.
1316 3499 1321 3508 '
1371 3515 1381 3524 ·’

770 3614 785 3650 u
800 3591 939 3655 Senatus
955 3597 1135 3655 consultum.

331 3743 489 3823 ‹Legatis
503 3725 767 3819 curia‘exclusis3
793 3744 952 3825 magister
973 3750 1083 3824 patres
1098 3761 1230 3825 quoque
1257 3743 1298 3808 de
1321 3762 1356 3807 re
1378 3747 1570 3810 consultant
1588 3750 1620 3810 et

289 3841 391 3904 multa
403 3845 513 3902 mente
523 3841 660 3920 agitant,
671 3858 736 3920 que
748 3842 846 3904 modo
857 3843 999 3906 suadent
1011 3849 1048 3906 ut
1062 3861 1176 3924 regem
1187 3848 1332 3924 Zyzymy
1345 3844 1503 3923 eripiant,
1520 3847 1619 3910 modo

289 3942 326 4000 ut
341 3936 488 4000 reiioiant
500 3937 685 4015 impellunt.
699 3939 845 4001 Tandem
861 3957 901 4002 ex
916 3941 1081 4002 rationum
1095 3941 1329 4003 controversiis
1340 3938 1412 4021 (seu
1425 3958 1466 4003 ex
1480 3943 1619 4005 calculo-

289 4053 362 4098 rum
372 4035 541 4098 collisione
551 4036 647 4108 ignea
661 4035 812 4118 scintilla)
824 4055 890 4100 una
903 4039 1043 4101 resultat
1053 4039 1232 4115 sententia;
1246 4039 1493 4120 decernuntque
1505 4059 1619 4122 regem

189 4213 191 4218 ι
290 4132 530 4213 excipiendum,
555 4134 712 4198 alendum
740 4139 838 4214 atque
863 4135 1044 4199 fouendum
1062 4137 1173 4218 :quod
1193 4137 1303 4200 eiusce
1324 4143 1466 4201 euentus
1489 4143 1618 4202 occasio

287 4233 463 4296 christiane
476 4231 628 4312 religioni
644 4233 815 4311 profutura
832 4235 885 4296 sit.
904 4235 1107 4297 intromissis
1123 4235 1254 4316 legatis
1273 4241 1410 4298 senatus
1428 4239 1618 4301 consultum

290 4329 398 4392 editur
414 4349 421 4392 :
436 4329 517 4392 actis
530 4331 658 4411 gratiis,
675 4337 792 4412 petunt
809 4337 847 4394 ut
864 4349 918 4395 res
941 4334 1135 4412 quantotius
1157 4338 1318 4413 parentur
1331 4350 1373 4396 ne
1387 4352 1480 4399 rnora
1504 4337 1620 4400 discri-

290 4444 367 4491 men
384 4427 509 4490 alterat.

411 4646 425 4677 ι
448 4622 570 4684 Classis
583 4626 723 4700 paratur
737 4628 765 4684 et
781 4624 928 4686 Ciliciam
941 4625 1073 4703 nauigat
1082 4625 1124 4686 ad
1138 4629 1279 4706 Zyzymy
1293 4626 1518 4692 deuehendum.

333 4796 346 4826 ι
365 4773 520 4836 Oneraria
533 4773 634 4854 igitur
648 4775 746 4838 nauis
761 4775 913 4838 triremes
931 4777 1131 4857 nauigiaque
1144 4783 1302 4856 parantur
1321 4797 1328 4838 :
1343 4777 1522 4857 prefectus,
1538 4779 1617 4840 insi·

290 4871 365 4947 gnis
380 4886 495 4950 eques,
517 4871 721 4953 designatur,
749 4875 817 4954 qui,
841 4873 947 4937 classo
964 4891 1157 4952 conscensa,
1182 4877 1268 4940 clara
1284 4877 1427 4938 militum
1450 4875 1618 4939 hierosoli-

291 4971 421 5029 morum
448 4971 622 5033 comitatus
651 4977 783 5035 caterua
807 4972 841 5033 in
864 4973 1006 5034 Ciciliam
1035 4975 1191 5054 nauigata
1214 4975 1272 5036 ubi
1295 4975 1361 5035 illic
1384 4975 1523 5053 appulit.
1556 4976 1621 5035 lies

292 5067 436 5146 Zyzymy
457 5069 627 5148 nauigium
655 5070 695 5132 de
717 5087 783 5150 quo
810 5088 910 5150 supra
935 5072 1136 5134 mentionem
1159 5071 1309 5144 fecimus,
1336 5072 1434 5134 citato
1462 5085 1620 5151 equorum

290 5179 397 5242 cursa,
411 5166 607 5245 urgentibus
623 5169 774 5248 germani
789 5169 959 5244 militibus,
979 5170 1046 5232 iam
1060 5171 1307 5234 conscenderat.
1330 5172 1430 5234 Fama
1445 5175 1497 5233 est
1512 5185 1586 5233 cum
1601 5183 1620 5228 a
