<?xml version="1.0" encoding="UTF-8"?>
<!DOCTYPE html PUBLIC "-//W3C//DTD XHTML 1.0 Transitional//EN"
    "http://www.w3.org/TR/xhtml1/DTD/xhtml1-transitional.dtd">
<html xmlns="http://www.w3.org/1999/xhtml" xml:lang="en" lang="en">
 <head>
  <title>
</title>
<meta http-equiv="Content-Type" content="text/html;charset=utf-8" />
  <meta name='ocr-system' content='tesseract 3.04.00' />
  <meta name='ocr-capabilities' content='ocr_page ocr_carea ocr_par ocr_line ocrx_word'/>
</head>
<body>
  <div class='ocr_page' id='page_1' title='image "./johannisburchar02burcgoog/johannisburchar02burcgoog_0388.png"; bbox 0 0 3422 6034; ppageno 0'>
   <div class='ocr_carea' id='block_1_1' title="bbox 87 429 1420 506">
    <p class='ocr_par' dir='ltr' id='par_1_1' title="bbox 87 429 1420 506">
     <span class='ocr_line' id='line_1_1' title="bbox 87 429 1420 506; baseline 0.005 -18"><span class='ocrx_word' id='word_1_1' title='bbox 87 435 247 506; x_wconf 78' lang='lat' dir='ltr'>[Novembre</span> <span class='ocrx_word' id='word_1_2' title='bbox 263 431 332 501; x_wconf 74' lang='lat' dir='ltr'>rim]</span> <span class='ocrx_word' id='word_1_3' title='bbox 421 430 548 489; x_wconf 80' lang='lat' dir='ltr'>RERUM</span> <span class='ocrx_word' id='word_1_4' title='bbox 571 429 800 490; x_wconf 78' lang='lat' dir='ltr'>URBANARUM</span> <span class='ocrx_word' id='word_1_5' title='bbox 824 431 1087 490; x_wconf 81' lang='lat' dir='ltr'><strong>COMMENTARII.</strong></span> <span class='ocrx_word' id='word_1_6' title='bbox 1366 437 1420 496; x_wconf 82' lang='lat'>373</span> 
     </span>
    </p>
   </div>
   <div class='ocr_carea' id='block_1_2' title="bbox 82 575 1420 4702">
    <p class='ocr_par' dir='ltr' id='par_1_2' title="bbox 82 575 1420 2568">
     <span class='ocr_line' id='line_1_2' title="bbox 85 575 1417 685; baseline -0.002 -19"><span class='ocrx_word' id='word_1_7' title='bbox 85 592 200 667; x_wconf 88' lang='lat' dir='ltr'>elesic</span> <span class='ocrx_word' id='word_1_8' title='bbox 223 575 504 666; x_wconf 55' lang='lat' dir='ltr'>vicecancellarii</span> <span class='ocrx_word' id='word_1_9' title='bbox 530 585 678 662; x_wconf 92' lang='lat' dir='ltr'>nomine</span> <span class='ocrx_word' id='word_1_10' title='bbox 706 587 871 685; x_wconf 78' lang='lat' dir='ltr'>aJusdem</span> <span class='ocrx_word' id='word_1_11' title='bbox 900 585 993 662; x_wconf 80' lang='lat' dir='ltr'>llmi.</span> <span class='ocrx_word' id='word_1_12' title='bbox 1026 591 1070 662; x_wconf 87' lang='lat' dir='ltr'>D.</span> <span class='ocrx_word' id='word_1_13' title='bbox 1098 588 1291 662; x_wconf 88' lang='lat' dir='ltr'>cardinalis</span> <span class='ocrx_word' id='word_1_14' title='bbox 1311 591 1417 664; x_wconf 90' lang='lat' dir='ltr'>castri</span> 
     </span>
     <span class='ocr_line' id='line_1_3' title="bbox 85 711 1419 812; baseline -0.001 -21"><span class='ocrx_word' id='word_1_15' title='bbox 85 716 230 792; x_wconf 89' lang='lat' dir='ltr'>Suriaui</span> <span class='ocrx_word' id='word_1_16' title='bbox 246 713 427 812; x_wconf 79' lang='lat' dir='ltr'>prefectus</span> <span class='ocrx_word' id='word_1_17' title='bbox 449 717 485 786; x_wconf 88' lang='lat' dir='ltr'>ct</span> <span class='ocrx_word' id='word_1_18' title='bbox 511 711 743 804; x_wconf 75' lang='lat' dir='ltr'>castellanus,</span> <span class='ocrx_word' id='word_1_19' title='bbox 761 716 909 788; x_wconf 90' lang='lat' dir='ltr'>Petrum</span> <span class='ocrx_word' id='word_1_20' title='bbox 925 712 1077 786; x_wconf 88' lang='lat' dir='ltr'>Paulum</span> <span class='ocrx_word' id='word_1_21' title='bbox 1098 714 1142 786; x_wconf 90' lang='lat' dir='ltr'>de</span> <span class='ocrx_word' id='word_1_22' title='bbox 1158 713 1338 804; x_wconf 74' lang='lat' dir='ltr'>NardiniS,</span> <span class='ocrx_word' id='word_1_23' title='bbox 1355 737 1419 789; x_wconf 89' lang='lat' dir='ltr'>eo-</span> 
     </span>
     <span class='ocr_line' id='line_1_4' title="bbox 82 835 1418 939; baseline -0.002 -23"><span class='ocrx_word' id='word_1_24' title='bbox 82 843 211 917; x_wconf 80' lang='lat' dir='ltr'>mitem</span> <span class='ocrx_word' id='word_1_25' title='bbox 222 835 401 914; x_wconf 82' lang='lat' dir='ltr'>Julianelli</span> <span class='ocrx_word' id='word_1_26' title='bbox 417 843 504 928; x_wconf 84' lang='lat' dir='ltr'>etc,</span> <span class='ocrx_word' id='word_1_27' title='bbox 518 836 612 912; x_wconf 93' lang='lat' dir='ltr'>boue</span> <span class='ocrx_word' id='word_1_28' title='bbox 624 837 798 912; x_wconf 90' lang='lat' dir='ltr'>memorie</span> <span class='ocrx_word' id='word_1_29' title='bbox 809 837 902 912; x_wconf 93' lang='lat' dir='ltr'>tituli</span> <span class='ocrx_word' id='word_1_30' title='bbox 918 862 948 910; x_wconf 91' lang='lat' dir='ltr'>s.</span> <span class='ocrx_word' id='word_1_31' title='bbox 967 837 1078 913; x_wconf 86' lang='lat' dir='ltr'>llarie</span> <span class='ocrx_word' id='word_1_32' title='bbox 1094 837 1131 910; x_wconf 92' lang='lat' dir='ltr'>iu</span> <span class='ocrx_word' id='word_1_33' title='bbox 1150 840 1418 939; x_wconf 85' lang='lat' dir='ltr'>Transtyberim</span> 
     </span>
     <span class='ocr_line' id='line_1_5' title="bbox 82 959 1413 1065; baseline -0.002 -25"><span class='ocrx_word' id='word_1_34' title='bbox 82 965 287 1065; x_wconf 82' lang='lat' dir='ltr'>presbyteri</span> <span class='ocrx_word' id='word_1_35' title='bbox 304 959 496 1036; x_wconf 87' lang='lat' dir='ltr'>cardinalis</span> <span class='ocrx_word' id='word_1_36' title='bbox 512 959 791 1033; x_wconf 90' lang='lat' dir='ltr'>Mediolanensis</span> <span class='ocrx_word' id='word_1_37' title='bbox 805 959 1000 1057; x_wconf 80' lang='lat' dir='ltr'>vulgariter</span> <span class='ocrx_word' id='word_1_38' title='bbox 1014 961 1211 1056; x_wconf 87' lang='lat' dir='ltr'>nuncupati</span> <span class='ocrx_word' id='word_1_39' title='bbox 1228 969 1413 1060; x_wconf 80' lang='lat' dir='ltr'>nepotem,</span> 
     </span>
     <span class='ocr_line' id='line_1_6' title="bbox 84 1083 1419 1185; baseline -0.004 -18"><span class='ocrx_word' id='word_1_40' title='bbox 84 1114 198 1168; x_wconf 89' lang='lat' dir='ltr'>causa</span> <span class='ocrx_word' id='word_1_41' title='bbox 212 1087 331 1164; x_wconf 87' lang='lat' dir='ltr'>salarii</span> <span class='ocrx_word' id='word_1_42' title='bbox 347 1092 544 1185; x_wconf 87' lang='lat' dir='ltr'>petentem,</span> <span class='ocrx_word' id='word_1_43' title='bbox 558 1083 595 1158; x_wconf 93' lang='lat' dir='ltr'>iu</span> <span class='ocrx_word' id='word_1_44' title='bbox 614 1107 737 1158; x_wconf 89' lang='lat' dir='ltr'>arcem</span> <span class='ocrx_word' id='word_1_45' title='bbox 754 1085 896 1160; x_wconf 79' lang='lat' dir='ltr'>Suriaci</span> <span class='ocrx_word' id='word_1_46' title='bbox 907 1084 1162 1162; x_wconf 87' lang='lat' dir='ltr'>intromisisset</span> <span class='ocrx_word' id='word_1_47' title='bbox 1176 1093 1211 1162; x_wconf 91' lang='lat' dir='ltr'>et</span> <span class='ocrx_word' id='word_1_48' title='bbox 1224 1086 1341 1160; x_wconf 89' lang='lat' dir='ltr'>dictus</span> <span class='ocrx_word' id='word_1_49' title='bbox 1354 1091 1419 1162; x_wconf 89' lang='lat' dir='ltr'>Pe-</span> 
     </span>
     <span class='ocr_line' id='line_1_7' title="bbox 84 1209 1418 1289; baseline -0.001 -1"><span class='ocrx_word' id='word_1_50' title='bbox 84 1225 161 1289; x_wconf 90' lang='lat' dir='ltr'>trus</span> <span class='ocrx_word' id='word_1_51' title='bbox 177 1213 314 1289; x_wconf 90' lang='lat' dir='ltr'>Paulus</span> <span class='ocrx_word' id='word_1_52' title='bbox 330 1211 440 1286; x_wconf 88' lang='lat' dir='ltr'>certis</span> <span class='ocrx_word' id='word_1_53' title='bbox 454 1209 617 1284; x_wconf 90' lang='lat' dir='ltr'>honestis</span> <span class='ocrx_word' id='word_1_54' title='bbox 637 1209 766 1284; x_wconf 90' lang='lat' dir='ltr'>mediis</span> <span class='ocrx_word' id='word_1_55' title='bbox 786 1215 860 1283; x_wconf 90' lang='lat' dir='ltr'>tres</span> <span class='ocrx_word' id='word_1_56' title='bbox 876 1231 920 1284; x_wconf 87' lang='lat' dir='ltr'>cx</span> <span class='ocrx_word' id='word_1_57' title='bbox 944 1209 1019 1284; x_wconf 91' lang='lat' dir='ltr'>suis</span> <span class='ocrx_word' id='word_1_58' title='bbox 1040 1210 1275 1286; x_wconf 82' lang='lat' dir='ltr'>familiaribus</span> <span class='ocrx_word' id='word_1_59' title='bbox 1291 1213 1418 1288; x_wconf 88' lang='lat' dir='ltr'>adhoc</span> 
     </span>
     <span class='ocr_line' id='line_1_8' title="bbox 83 1333 1417 1425; baseline -0.002 -10"><span class='ocrx_word' id='word_1_60' title='bbox 83 1339 262 1416; x_wconf 89' lang='lat' dir='ltr'>ordinatis</span> <span class='ocrx_word' id='word_1_61' title='bbox 277 1338 375 1412; x_wconf 91' lang='lat' dir='ltr'>adse</span> <span class='ocrx_word' id='word_1_62' title='bbox 390 1342 537 1410; x_wconf 91' lang='lat' dir='ltr'>vocatos</span> <span class='ocrx_word' id='word_1_63' title='bbox 556 1335 700 1408; x_wconf 86' lang='lat' dir='ltr'>immitti</span> <span class='ocrx_word' id='word_1_64' title='bbox 717 1333 945 1425; x_wconf 81' lang='lat' dir='ltr'>obtinuisset,</span> <span class='ocrx_word' id='word_1_65' title='bbox 963 1335 1083 1410; x_wconf 88' lang='lat' dir='ltr'>missis</span> <span class='ocrx_word' id='word_1_66' title='bbox 1100 1338 1285 1414; x_wconf 88' lang='lat' dir='ltr'>castellani</span> <span class='ocrx_word' id='word_1_67' title='bbox 1306 1341 1417 1413; x_wconf 88' lang='lat' dir='ltr'>servi-</span> 
     </span>
     <span class='ocr_line' id='line_1_9' title="bbox 86 1460 1418 1562; baseline -0.001 -22"><span class='ocrx_word' id='word_1_68' title='bbox 86 1463 225 1540; x_wconf 89' lang='lat' dir='ltr'>toribus</span> <span class='ocrx_word' id='word_1_69' title='bbox 240 1486 307 1562; x_wconf 95' lang='lat' dir='ltr'>pro</span> <span class='ocrx_word' id='word_1_70' title='bbox 319 1463 416 1554; x_wconf 93' lang='lat' dir='ltr'>vino,</span> <span class='ocrx_word' id='word_1_71' title='bbox 426 1484 491 1559; x_wconf 93' lang='lat' dir='ltr'>pro</span> <span class='ocrx_word' id='word_1_72' title='bbox 501 1460 694 1535; x_wconf 86' lang='lat' dir='ltr'>collatione</span> <span class='ocrx_word' id='word_1_73' title='bbox 705 1467 741 1534; x_wconf 89' lang='lat' dir='ltr'>et</span> <span class='ocrx_word' id='word_1_74' title='bbox 753 1483 844 1536; x_wconf 91' lang='lat' dir='ltr'>cena</span> <span class='ocrx_word' id='word_1_75' title='bbox 858 1461 1032 1559; x_wconf 90' lang='lat' dir='ltr'>paranda,</span> <span class='ocrx_word' id='word_1_76' title='bbox 1043 1462 1138 1536; x_wconf 91' lang='lat' dir='ltr'>idem</span> <span class='ocrx_word' id='word_1_77' title='bbox 1150 1467 1277 1538; x_wconf 89' lang='lat' dir='ltr'>Petrus</span> <span class='ocrx_word' id='word_1_78' title='bbox 1287 1465 1418 1539; x_wconf 87' lang='lat' dir='ltr'>Paulus</span> 
     </span>
     <span class='ocr_line' id='line_1_10' title="bbox 84 1586 1420 1686; baseline -0.003 -20"><span class='ocrx_word' id='word_1_79' title='bbox 84 1601 119 1666; x_wconf 88' lang='lat' dir='ltr'>et</span> <span class='ocrx_word' id='word_1_80' title='bbox 134 1592 192 1666; x_wconf 87' lang='lat' dir='ltr'>sui</span> <span class='ocrx_word' id='word_1_81' title='bbox 208 1590 403 1664; x_wconf 83' lang='lat' dir='ltr'>familiares</span> <span class='ocrx_word' id='word_1_82' title='bbox 421 1588 458 1660; x_wconf 91' lang='lat' dir='ltr'>in</span> <span class='ocrx_word' id='word_1_83' title='bbox 477 1587 712 1662; x_wconf 89' lang='lat' dir='ltr'>castellanum</span> <span class='ocrx_word' id='word_1_84' title='bbox 728 1586 931 1685; x_wconf 89' lang='lat' dir='ltr'>predictum</span> <span class='ocrx_word' id='word_1_85' title='bbox 946 1588 1124 1663; x_wconf 87' lang='lat' dir='ltr'>irruentes</span> <span class='ocrx_word' id='word_1_86' title='bbox 1147 1613 1231 1663; x_wconf 87' lang='lat' dir='ltr'>eum</span> <span class='ocrx_word' id='word_1_87' title='bbox 1254 1589 1420 1686; x_wconf 90' lang='lat' dir='ltr'>nequiter</span> 
     </span>
     <span class='ocr_line' id='line_1_11' title="bbox 84 1709 1420 1812; baseline -0.003 -20"><span class='ocrx_word' id='word_1_88' title='bbox 84 1717 319 1804; x_wconf 89' lang='lat' dir='ltr'>occiderunt;</span> <span class='ocrx_word' id='word_1_89' title='bbox 337 1713 435 1812; x_wconf 90' lang='lat' dir='ltr'>quod</span> <span class='ocrx_word' id='word_1_90' title='bbox 457 1712 626 1787; x_wconf 91' lang='lat' dir='ltr'>homines</span> <span class='ocrx_word' id='word_1_91' title='bbox 641 1709 749 1788; x_wconf 86' lang='lat' dir='ltr'>castri</span> <span class='ocrx_word' id='word_1_92' title='bbox 774 1711 926 1810; x_wconf 89' lang='lat' dir='ltr'>predicti</span> <span class='ocrx_word' id='word_1_93' title='bbox 950 1713 1192 1811; x_wconf 81' lang='lat' dir='ltr'>intelligentes</span> <span class='ocrx_word' id='word_1_94' title='bbox 1215 1715 1293 1790; x_wconf 91' lang='lat' dir='ltr'>sine</span> <span class='ocrx_word' id='word_1_95' title='bbox 1316 1738 1420 1789; x_wconf 92' lang='lat' dir='ltr'>mora</span> 
     </span>
     <span class='ocr_line' id='line_1_12' title="bbox 82 1837 1419 1942; baseline -0.003 -23"><span class='ocrx_word' id='word_1_96' title='bbox 82 1847 331 1942; x_wconf 86' lang='lat' dir='ltr'>pervenerunt</span> <span class='ocrx_word' id='word_1_97' title='bbox 345 1839 392 1914; x_wconf 91' lang='lat' dir='ltr'>ad</span> <span class='ocrx_word' id='word_1_98' title='bbox 406 1839 539 1914; x_wconf 88' lang='lat' dir='ltr'>dictam</span> <span class='ocrx_word' id='word_1_99' title='bbox 554 1861 676 1912; x_wconf 88' lang='lat' dir='ltr'>arcem</span> <span class='ocrx_word' id='word_1_100' title='bbox 696 1843 733 1912; x_wconf 88' lang='lat' dir='ltr'>et</span> <span class='ocrx_word' id='word_1_101' title='bbox 753 1841 899 1912; x_wconf 86' lang='lat' dir='ltr'>Petrum</span> <span class='ocrx_word' id='word_1_102' title='bbox 928 1837 1078 1912; x_wconf 91' lang='lat' dir='ltr'>Paulum</span> <span class='ocrx_word' id='word_1_103' title='bbox 1103 1864 1187 1914; x_wconf 91' lang='lat' dir='ltr'>cum</span> <span class='ocrx_word' id='word_1_104' title='bbox 1204 1840 1318 1914; x_wconf 87' lang='lat' dir='ltr'>tribus</span> <span class='ocrx_word' id='word_1_105' title='bbox 1344 1842 1419 1915; x_wconf 89' lang='lat' dir='ltr'>suis</span> 
     </span>
     <span class='ocr_line' id='line_1_13' title="bbox 83 1961 1419 2062; baseline -0.001 -20"><span class='ocrx_word' id='word_1_106' title='bbox 83 1967 324 2043; x_wconf 89' lang='lat' dir='ltr'>familiaribus</span> <span class='ocrx_word' id='word_1_107' title='bbox 339 1989 405 2062; x_wconf 89' lang='lat' dir='ltr'>per</span> <span class='ocrx_word' id='word_1_108' title='bbox 424 1987 547 2038; x_wconf 89' lang='lat' dir='ltr'>muros</span> <span class='ocrx_word' id='word_1_109' title='bbox 567 1963 731 2060; x_wconf 90' lang='lat' dir='ltr'>ejusdem</span> <span class='ocrx_word' id='word_1_110' title='bbox 756 1961 848 2036; x_wconf 89' lang='lat' dir='ltr'>arcis</span> <span class='ocrx_word' id='word_1_111' title='bbox 867 1965 1120 2060; x_wconf 88' lang='lat' dir='ltr'>projecerunt;</span> <span class='ocrx_word' id='word_1_112' title='bbox 1143 1973 1309 2062; x_wconf 90' lang='lat' dir='ltr'>quartum</span> <span class='ocrx_word' id='word_1_113' title='bbox 1333 1991 1419 2042; x_wconf 89' lang='lat' dir='ltr'>vero</span> 
     </span>
     <span class='ocr_line' id='line_1_14' title="bbox 83 2089 1418 2192; baseline 0 -26"><span class='ocrx_word' id='word_1_114' title='bbox 83 2094 253 2192; x_wconf 86' lang='lat' dir='ltr'>ejusdem</span> <span class='ocrx_word' id='word_1_115' title='bbox 269 2089 483 2165; x_wconf 86' lang='lat' dir='ltr'>familiarem</span> <span class='ocrx_word' id='word_1_116' title='bbox 497 2089 558 2186; x_wconf 93' lang='lat' dir='ltr'>qui</span> <span class='ocrx_word' id='word_1_117' title='bbox 574 2111 696 2164; x_wconf 89' lang='lat' dir='ltr'>arcem</span> <span class='ocrx_word' id='word_1_118' title='bbox 712 2089 827 2186; x_wconf 88' lang='lat' dir='ltr'>ipsam</span> <span class='ocrx_word' id='word_1_119' title='bbox 844 2089 1006 2164; x_wconf 91' lang='lat' dir='ltr'>nondum</span> <span class='ocrx_word' id='word_1_120' title='bbox 1021 2090 1214 2165; x_wconf 88' lang='lat' dir='ltr'>intraverat</span> <span class='ocrx_word' id='word_1_121' title='bbox 1225 2097 1418 2166; x_wconf 84' lang='lat' dir='ltr'>exeuntem</span> 
     </span>
     <span class='ocr_line' id='line_1_15' title="bbox 83 2214 1420 2317; baseline -0.003 -22"><span class='ocrx_word' id='word_1_122' title='bbox 83 2217 446 2317; x_wconf 87' lang='lat' dir='ltr'>comprehenderunt</span> <span class='ocrx_word' id='word_1_123' title='bbox 469 2221 506 2290; x_wconf 90' lang='lat' dir='ltr'>et</span> <span class='ocrx_word' id='word_1_124' title='bbox 528 2214 736 2289; x_wconf 88' lang='lat' dir='ltr'>carceribus</span> <span class='ocrx_word' id='word_1_125' title='bbox 751 2215 1006 2310; x_wconf 89' lang='lat' dir='ltr'>manciparunt</span> <span class='ocrx_word' id='word_1_126' title='bbox 1023 2222 1061 2289; x_wconf 92' lang='lat' dir='ltr'>ut</span> <span class='ocrx_word' id='word_1_127' title='bbox 1076 2215 1121 2287; x_wconf 90' lang='lat' dir='ltr'>ab</span> <span class='ocrx_word' id='word_1_128' title='bbox 1146 2237 1190 2289; x_wconf 90' lang='lat' dir='ltr'>co</span> <span class='ocrx_word' id='word_1_129' title='bbox 1205 2215 1298 2289; x_wconf 90' lang='lat' dir='ltr'>forte</span> <span class='ocrx_word' id='word_1_130' title='bbox 1317 2216 1420 2291; x_wconf 90' lang='lat' dir='ltr'>intel-</span> 
     </span>
     <span class='ocr_line' id='line_1_16' title="bbox 82 2341 1418 2444; baseline -0.002 -25"><span class='ocrx_word' id='word_1_131' title='bbox 82 2346 243 2444; x_wconf 85' lang='lat' dir='ltr'>ligerent</span> <span class='ocrx_word' id='word_1_132' title='bbox 270 2343 379 2441; x_wconf 89' lang='lat' dir='ltr'>hujus</span> <span class='ocrx_word' id='word_1_133' title='bbox 404 2341 457 2414; x_wconf 92' lang='lat' dir='ltr'>rei</span> <span class='ocrx_word' id='word_1_134' title='bbox 480 2363 707 2439; x_wconf 89' lang='lat' dir='ltr'>processum.</span> <span class='ocrx_word' id='word_1_135' title='bbox 732 2345 864 2416; x_wconf 84' lang='lat' dir='ltr'>Arcem</span> <span class='ocrx_word' id='word_1_136' title='bbox 890 2341 1059 2415; x_wconf 88' lang='lat' dir='ltr'>rehabuit</span> <span class='ocrx_word' id='word_1_137' title='bbox 1088 2345 1214 2416; x_wconf 88' lang='lat' dir='ltr'>Rmus.</span> <span class='ocrx_word' id='word_1_138' title='bbox 1234 2345 1278 2416; x_wconf 88' lang='lat' dir='ltr'>D.</span> <span class='ocrx_word' id='word_1_139' title='bbox 1300 2341 1418 2416; x_wconf 87' lang='lat' dir='ltr'>cardi-</span> 
     </span>
     <span class='ocr_line' id='line_1_17' title="bbox 84 2469 302 2568; baseline -0.014 -24"><span class='ocrx_word' id='word_1_140' title='bbox 84 2471 225 2546; x_wconf 89' lang='lat' dir='ltr'>nalis...</span> <span class='ocrx_word' id='word_1_141' title='bbox 242 2469 302 2568; x_wconf 87' lang='lat' dir='ltr'>(l).</span> 
     </span>
    </p>

    <p class='ocr_par' dir='ltr' id='par_1_3' title="bbox 83 2591 1420 2944">
     <span class='ocr_line' id='line_1_18' title="bbox 130 2591 1419 2690; baseline -0.002 -22"><span class='ocrx_word' id='word_1_142' title='bbox 130 2595 241 2669; x_wconf 83' lang='lat' dir='ltr'>Faria</span> <span class='ocrx_word' id='word_1_143' title='bbox 258 2599 398 2690; x_wconf 91' lang='lat' dir='ltr'>quarta,</span> <span class='ocrx_word' id='word_1_144' title='bbox 421 2597 459 2666; x_wconf 87' lang='lat' dir='ltr'>ll</span> <span class='ocrx_word' id='word_1_145' title='bbox 481 2591 566 2666; x_wconf 86' lang='lat' dir='ltr'>dicti</span> <span class='ocrx_word' id='word_1_146' title='bbox 582 2592 718 2668; x_wconf 88' lang='lat' dir='ltr'>mensis</span> <span class='ocrx_word' id='word_1_147' title='bbox 738 2591 944 2667; x_wconf 85' lang='lat' dir='ltr'>novembris</span> <span class='ocrx_word' id='word_1_148' title='bbox 962 2591 1018 2666; x_wconf 91' lang='lat' dir='ltr'>vel</span> <span class='ocrx_word' id='word_1_149' title='bbox 1038 2591 1146 2684; x_wconf 90' lang='lat' dir='ltr'>circa,</span> <span class='ocrx_word' id='word_1_150' title='bbox 1165 2591 1332 2666; x_wconf 88' lang='lat' dir='ltr'>rediitad</span> <span class='ocrx_word' id='word_1_151' title='bbox 1351 2595 1419 2666; x_wconf 90' lang='lat' dir='ltr'>Ur·</span> 
     </span>
     <span class='ocr_line' id='line_1_19' title="bbox 87 2715 1420 2814; baseline -0.002 -20"><span class='ocrx_word' id='word_1_152' title='bbox 87 2723 173 2794; x_wconf 91' lang='lat' dir='ltr'>bem</span> <span class='ocrx_word' id='word_1_153' title='bbox 192 2722 317 2792; x_wconf 89' lang='lat' dir='ltr'>Rmus.</span> <span class='ocrx_word' id='word_1_154' title='bbox 345 2721 387 2792; x_wconf 88' lang='lat' dir='ltr'>D.</span> <span class='ocrx_word' id='word_1_155' title='bbox 411 2717 603 2792; x_wconf 86' lang='lat' dir='ltr'>cardinalis</span> <span class='ocrx_word' id='word_1_156' title='bbox 628 2741 659 2791; x_wconf 89' lang='lat' dir='ltr'>s.</span> <span class='ocrx_word' id='word_1_157' title='bbox 683 2717 794 2791; x_wconf 89' lang='lat' dir='ltr'>Marci</span> <span class='ocrx_word' id='word_1_158' title='bbox 808 2741 852 2790; x_wconf 84' lang='lat' dir='ltr'>ex</span> <span class='ocrx_word' id='word_1_159' title='bbox 878 2717 1091 2792; x_wconf 90' lang='lat' dir='ltr'>Preuestina</span> <span class='ocrx_word' id='word_1_160' title='bbox 1119 2717 1260 2792; x_wconf 90' lang='lat' dir='ltr'>civitate</span> <span class='ocrx_word' id='word_1_161' title='bbox 1287 2715 1324 2790; x_wconf 91' lang='lat' dir='ltr'>io</span> <span class='ocrx_word' id='word_1_162' title='bbox 1348 2741 1420 2814; x_wconf 91' lang='lat' dir='ltr'>qua</span> 
     </span>
     <span class='ocr_line' id='line_1_20' title="bbox 83 2843 1190 2944; baseline -0.005 -24"><span class='ocrx_word' id='word_1_163' title='bbox 83 2853 168 2944; x_wconf 85' lang='lat' dir='ltr'>post</span> <span class='ocrx_word' id='word_1_164' title='bbox 185 2866 370 2920; x_wconf 89' lang='lat' dir='ltr'>recessum</span> <span class='ocrx_word' id='word_1_165' title='bbox 386 2867 504 2932; x_wconf 87' lang='lat' dir='ltr'>suum,</span> <span class='ocrx_word' id='word_1_166' title='bbox 521 2848 635 2918; x_wconf 88' lang='lat' dir='ltr'>estate</span> <span class='ocrx_word' id='word_1_167' title='bbox 645 2843 830 2940; x_wconf 87' lang='lat' dir='ltr'>preterita,</span> <span class='ocrx_word' id='word_1_168' title='bbox 856 2865 901 2917; x_wconf 87' lang='lat' dir='ltr'>ex</span> <span class='ocrx_word' id='word_1_169' title='bbox 916 2843 1012 2917; x_wconf 89' lang='lat' dir='ltr'>Urbe</span> <span class='ocrx_word' id='word_1_170' title='bbox 1028 2844 1190 2917; x_wconf 87' lang='lat' dir='ltr'>recessit.</span> 
     </span>
    </p>

    <p class='ocr_par' dir='ltr' id='par_1_4' title="bbox 84 2968 1419 4328">
     <span class='ocr_line' id='line_1_21' title="bbox 133 2968 1418 3059; baseline 0 -15"><span class='ocrx_word' id='word_1_171' title='bbox 133 2969 309 3059; x_wconf 84' lang='lat' dir='ltr'>Sabbata,</span> <span class='ocrx_word' id='word_1_172' title='bbox 331 2975 374 3041; x_wconf 77' lang='lat' dir='ltr'>ll</span> <span class='ocrx_word' id='word_1_173' title='bbox 394 2968 479 3043; x_wconf 91' lang='lat' dir='ltr'>dicti</span> <span class='ocrx_word' id='word_1_174' title='bbox 494 2968 629 3042; x_wconf 90' lang='lat' dir='ltr'>mensis</span> <span class='ocrx_word' id='word_1_175' title='bbox 644 2968 847 3044; x_wconf 91' lang='lat' dir='ltr'>novembris</span> <span class='ocrx_word' id='word_1_176' title='bbox 869 2973 941 3042; x_wconf 88' lang='lat' dir='ltr'>RR.</span> <span class='ocrx_word' id='word_1_177' title='bbox 957 2972 1026 3043; x_wconf 88' lang='lat' dir='ltr'>PP.</span> <span class='ocrx_word' id='word_1_178' title='bbox 1045 2972 1121 3043; x_wconf 84' lang='lat' dir='ltr'>bu.</span> <span class='ocrx_word' id='word_1_179' title='bbox 1141 2969 1418 3044; x_wconf 88' lang='lat' dir='ltr'>Bartholomeus</span> 
     </span>
     <span class='ocr_line' id='line_1_22' title="bbox 84 3093 1418 3194; baseline -0.001 -24"><span class='ocrx_word' id='word_1_180' title='bbox 84 3097 265 3172; x_wconf 81' lang='lat' dir='ltr'>blerensis</span> <span class='ocrx_word' id='word_1_181' title='bbox 299 3095 395 3169; x_wconf 90' lang='lat' dir='ltr'>sedis</span> <span class='ocrx_word' id='word_1_182' title='bbox 428 3095 624 3194; x_wconf 88' lang='lat' dir='ltr'>apostolice</span> <span class='ocrx_word' id='word_1_183' title='bbox 665 3095 954 3193; x_wconf 88' lang='lat' dir='ltr'>protonotarius,</span> <span class='ocrx_word' id='word_1_184' title='bbox 994 3093 1099 3167; x_wconf 89' lang='lat' dir='ltr'>Urbis</span> <span class='ocrx_word' id='word_1_185' title='bbox 1135 3095 1355 3190; x_wconf 86' lang='lat' dir='ltr'>guberuator</span> <span class='ocrx_word' id='word_1_186' title='bbox 1383 3104 1418 3170; x_wconf 93' lang='lat' dir='ltr'>et</span> 
     </span>
     <span class='ocr_line' id='line_1_23' title="bbox 86 3220 1416 3320; baseline 0.002 -24"><span class='ocrx_word' id='word_1_187' title='bbox 86 3226 230 3297; x_wconf 86' lang='lat' dir='ltr'>Leones</span> <span class='ocrx_word' id='word_1_188' title='bbox 244 3222 289 3296; x_wconf 90' lang='lat' dir='ltr'>dc</span> <span class='ocrx_word' id='word_1_189' title='bbox 304 3223 496 3298; x_wconf 88' lang='lat' dir='ltr'>Vincentia</span> <span class='ocrx_word' id='word_1_190' title='bbox 512 3222 673 3320; x_wconf 90' lang='lat' dir='ltr'>episcopi</span> <span class='ocrx_word' id='word_1_191' title='bbox 689 3221 941 3296; x_wconf 76' lang='lat' dir='ltr'>cesenatensis</span> <span class='ocrx_word' id='word_1_192' title='bbox 957 3220 1054 3294; x_wconf 93' lang='lat' dir='ltr'>curie</span> <span class='ocrx_word' id='word_1_193' title='bbox 1069 3243 1259 3294; x_wconf 89' lang='lat' dir='ltr'>causarum</span> <span class='ocrx_word' id='word_1_194' title='bbox 1272 3245 1416 3298; x_wconf 85' lang='lat' dir='ltr'>camera</span> 
     </span>
     <span class='ocr_line' id='line_1_24' title="bbox 85 3343 1418 3445; baseline -0.004 -23"><span class='ocrx_word' id='word_1_195' title='bbox 85 3347 266 3445; x_wconf 83' lang='lat' dir='ltr'>generalis</span> <span class='ocrx_word' id='word_1_196' title='bbox 288 3347 430 3422; x_wconf 90' lang='lat' dir='ltr'>auditor</span> <span class='ocrx_word' id='word_1_197' title='bbox 451 3349 489 3420; x_wconf 92' lang='lat' dir='ltr'>in</span> <span class='ocrx_word' id='word_1_198' title='bbox 510 3354 629 3422; x_wconf 88' lang='lat' dir='ltr'>castro</span> <span class='ocrx_word' id='word_1_199' title='bbox 646 3371 680 3420; x_wconf 91' lang='lat' dir='ltr'>s.</span> <span class='ocrx_word' id='word_1_200' title='bbox 693 3347 821 3444; x_wconf 79' lang='lat' dir='ltr'>Augeli</span> <span class='ocrx_word' id='word_1_201' title='bbox 844 3346 1002 3418; x_wconf 87' lang='lat' dir='ltr'>tulerunt</span> <span class='ocrx_word' id='word_1_202' title='bbox 1022 3343 1245 3419; x_wconf 89' lang='lat' dir='ltr'>diffinitivam</span> <span class='ocrx_word' id='word_1_203' title='bbox 1270 3353 1418 3420; x_wconf 90' lang='lat' dir='ltr'>seuten-</span> 
     </span>
     <span class='ocr_line' id='line_1_25' title="bbox 86 3469 1419 3569; baseline -0.002 -23"><span class='ocrx_word' id='word_1_204' title='bbox 86 3471 551 3562; x_wconf 86' lang='lat' dir='ltr'>tiam,condemnatoriam,</span> <span class='ocrx_word' id='word_1_205' title='bbox 570 3471 800 3569; x_wconf 86' lang='lat' dir='ltr'>privatoriam</span> <span class='ocrx_word' id='word_1_206' title='bbox 816 3469 1034 3559; x_wconf 88' lang='lat' dir='ltr'>officiorum,</span> <span class='ocrx_word' id='word_1_207' title='bbox 1064 3475 1152 3561; x_wconf 76' lang='lat' dir='ltr'>etc,</span> <span class='ocrx_word' id='word_1_208' title='bbox 1177 3475 1303 3544; x_wconf 88' lang='lat' dir='ltr'>contra</span> <span class='ocrx_word' id='word_1_209' title='bbox 1327 3473 1419 3568; x_wconf 91' lang='lat' dir='ltr'>Bap-</span> 
     </span>
     <span class='ocr_line' id='line_1_26' title="bbox 87 3595 1416 3696; baseline -0.002 -24"><span class='ocrx_word' id='word_1_210' title='bbox 87 3599 209 3672; x_wconf 87' lang='lat' dir='ltr'>tistam</span> <span class='ocrx_word' id='word_1_211' title='bbox 236 3597 280 3670; x_wconf 91' lang='lat' dir='ltr'>de</span> <span class='ocrx_word' id='word_1_212' title='bbox 305 3597 424 3696; x_wconf 91' lang='lat' dir='ltr'>Spello</span> <span class='ocrx_word' id='word_1_213' title='bbox 452 3619 595 3671; x_wconf 88' lang='lat' dir='ltr'>camere</span> <span class='ocrx_word' id='word_1_214' title='bbox 618 3595 816 3695; x_wconf 89' lang='lat' dir='ltr'>apostolice</span> <span class='ocrx_word' id='word_1_215' title='bbox 837 3595 1026 3687; x_wconf 47' lang='lat' dir='ltr'>,notarium</span> <span class='ocrx_word' id='word_1_216' title='bbox 1051 3603 1087 3670; x_wconf 92' lang='lat' dir='ltr'>et</span> <span class='ocrx_word' id='word_1_217' title='bbox 1111 3595 1342 3670; x_wconf 88' lang='lat' dir='ltr'>Laurentium</span> <span class='ocrx_word' id='word_1_218' title='bbox 1372 3597 1416 3670; x_wconf 90' lang='lat' dir='ltr'>de</span> 
     </span>
     <span class='ocr_line' id='line_1_27' title="bbox 87 3719 1418 3820; baseline 0.002 -24"><span class='ocrx_word' id='word_1_219' title='bbox 87 3723 303 3820; x_wconf 81' lang='lat' dir='ltr'>signorettis</span> <span class='ocrx_word' id='word_1_220' title='bbox 329 3745 517 3797; x_wconf 91' lang='lat' dir='ltr'>romanum</span> <span class='ocrx_word' id='word_1_221' title='bbox 546 3723 583 3796; x_wconf 90' lang='lat' dir='ltr'>iu</span> <span class='ocrx_word' id='word_1_222' title='bbox 610 3722 765 3820; x_wconf 82' lang='lat' dir='ltr'>registro</span> <span class='ocrx_word' id='word_1_223' title='bbox 790 3719 969 3795; x_wconf 93' lang='lat' dir='ltr'>bullarum</span> <span class='ocrx_word' id='word_1_224' title='bbox 996 3721 1211 3820; x_wconf 90' lang='lat' dir='ltr'>scriptorem</span> <span class='ocrx_word' id='word_1_225' title='bbox 1239 3746 1358 3819; x_wconf 87' lang='lat' dir='ltr'>nuper</span> <span class='ocrx_word' id='word_1_226' title='bbox 1372 3723 1418 3798; x_wconf 87' lang='lat' dir='ltr'>de</span> 
     </span>
     <span class='ocr_line' id='line_1_28' title="bbox 87 3845 1414 3948; baseline -0.002 -24"><span class='ocrx_word' id='word_1_227' title='bbox 87 3873 217 3926; x_wconf 88' lang='lat' dir='ltr'>mense</span> <span class='ocrx_word' id='word_1_228' title='bbox 233 3850 448 3948; x_wconf 88' lang='lat' dir='ltr'>septembris</span> <span class='ocrx_word' id='word_1_229' title='bbox 463 3847 627 3947; x_wconf 89' lang='lat' dir='ltr'>proxime</span> <span class='ocrx_word' id='word_1_230' title='bbox 641 3846 814 3944; x_wconf 90' lang='lat' dir='ltr'>preterito</span> <span class='ocrx_word' id='word_1_231' title='bbox 835 3845 872 3919; x_wconf 94' lang='lat' dir='ltr'>in</span> <span class='ocrx_word' id='word_1_232' title='bbox 895 3845 990 3920; x_wconf 89' lang='lat' dir='ltr'>dioto</span> <span class='ocrx_word' id='word_1_233' title='bbox 1004 3853 1136 3922; x_wconf 85' lang='lat' dir='ltr'>¹castro</span> <span class='ocrx_word' id='word_1_234' title='bbox 1150 3846 1414 3938; x_wconf 79' lang='lat' dir='ltr'>incarceratos3</span> 
     </span>
     <span class='ocr_line' id='line_1_29' title="bbox 87 3956 1417 4078; baseline -0.004 -25"><span class='ocrx_word' id='word_1_235' title='bbox 87 3981 193 4078; x_wconf 79' lang='lat' dir='ltr'>quus</span> <span class='ocrx_word' id='word_1_236' title='bbox 210 3956 389 4052; x_wconf 85' lang='lat' dir='ltr'>sententie</span> <span class='ocrx_word' id='word_1_237' title='bbox 405 3976 547 4074; x_wconf 90' lang='lat' dir='ltr'>copiam</span> <span class='ocrx_word' id='word_1_238' title='bbox 575 3973 710 4046; x_wconf 91' lang='lat' dir='ltr'>babere</span> <span class='ocrx_word' id='word_1_239' title='bbox 726 3996 800 4046; x_wconf 90' lang='lat' dir='ltr'>non</span> <span class='ocrx_word' id='word_1_240' title='bbox 822 3973 920 4070; x_wconf 92' lang='lat' dir='ltr'>potui</span> <span class='ocrx_word' id='word_1_241' title='bbox 942 3995 1007 4070; x_wconf 93' lang='lat' dir='ltr'>pro</span> <span class='ocrx_word' id='word_1_242' title='bbox 1032 3995 1076 4046; x_wconf 90' lang='lat' dir='ltr'>eo</span> <span class='ocrx_word' id='word_1_243' title='bbox 1101 3972 1198 4070; x_wconf 89' lang='lat' dir='ltr'>quod</span> <span class='ocrx_word' id='word_1_244' title='bbox 1225 3973 1365 4048; x_wconf 91' lang='lat' dir='ltr'>notario</span> <span class='ocrx_word' id='word_1_245' title='bbox 1381 3981 1417 4050; x_wconf 90' lang='lat' dir='ltr'>et</span> 
     </span>
     <span class='ocr_line' id='line_1_30' title="bbox 89 4097 1416 4194; baseline -0.003 -16"><span class='ocrx_word' id='word_1_246' title='bbox 89 4105 240 4178; x_wconf 90' lang='lat' dir='ltr'>testibus</span> <span class='ocrx_word' id='word_1_247' title='bbox 253 4102 318 4177; x_wconf 89' lang='lat' dir='ltr'>fuit</span> <span class='ocrx_word' id='word_1_248' title='bbox 334 4103 401 4176; x_wconf 89' lang='lat' dir='ltr'>sub</span> <span class='ocrx_word' id='word_1_249' title='bbox 416 4097 801 4176; x_wconf 87' lang='lat' dir='ltr'>excommunicationis</span> <span class='ocrx_word' id='word_1_250' title='bbox 813 4099 886 4172; x_wconf 89' lang='lat' dir='ltr'>lato</span> <span class='ocrx_word' id='word_1_251' title='bbox 902 4097 1080 4172; x_wconf 90' lang='lat' dir='ltr'>sententie</span> <span class='ocrx_word' id='word_1_252' title='bbox 1095 4119 1191 4194; x_wconf 90' lang='lat' dir='ltr'>pena</span> <span class='ocrx_word' id='word_1_253' title='bbox 1210 4097 1354 4173; x_wconf 89' lang='lat' dir='ltr'>inventa</span> <span class='ocrx_word' id='word_1_254' title='bbox 1369 4123 1416 4174; x_wconf 90' lang='lat' dir='ltr'>ne</span> 
     </span>
     <span class='ocr_line' id='line_1_31' title="bbox 88 4223 795 4328; baseline -0.007 -25"><span class='ocrx_word' id='word_1_255' title='bbox 88 4231 169 4328; x_wconf 85' lang='lat' dir='ltr'>ejus</span> <span class='ocrx_word' id='word_1_256' title='bbox 184 4235 349 4304; x_wconf 88' lang='lat' dir='ltr'>tenorem</span> <span class='ocrx_word' id='word_1_257' title='bbox 365 4227 567 4322; x_wconf 87' lang='lat' dir='ltr'>cuicunque</span> <span class='ocrx_word' id='word_1_258' title='bbox 584 4223 795 4298; x_wconf 89' lang='lat' dir='ltr'>revelarent.</span> 
     </span>
    </p>

    <p class='ocr_par' dir='ltr' id='par_1_5' title="bbox 90 4343 1418 4702">
     <span class='ocr_line' id='line_1_32' title="bbox 137 4343 1418 4445; baseline -0.011 -17"><span class='ocrx_word' id='word_1_259' title='bbox 137 4354 340 4445; x_wconf 88' lang='lat' dir='ltr'>Dominica,</span> <span class='ocrx_word' id='word_1_260' title='bbox 361 4359 404 4427; x_wconf 81' lang='lat'>15</span> <span class='ocrx_word' id='word_1_261' title='bbox 422 4352 507 4426; x_wconf 88' lang='lat' dir='ltr'>dicti</span> <span class='ocrx_word' id='word_1_262' title='bbox 528 4349 664 4425; x_wconf 92' lang='lat' dir='ltr'>mensis</span> <span class='ocrx_word' id='word_1_263' title='bbox 689 4349 908 4441; x_wconf 90' lang='lat' dir='ltr'>novembris,</span> <span class='ocrx_word' id='word_1_264' title='bbox 926 4349 962 4423; x_wconf 91' lang='lat' dir='ltr'>in</span> <span class='ocrx_word' id='word_1_265' title='bbox 984 4373 1090 4424; x_wconf 89' lang='lat' dir='ltr'>manc</span> <span class='ocrx_word' id='word_1_266' title='bbox 1105 4352 1168 4424; x_wconf 93' lang='lat' dir='ltr'>SS.</span> <span class='ocrx_word' id='word_1_267' title='bbox 1192 4352 1235 4422; x_wconf 87' lang='lat' dir='ltr'>D.</span> <span class='ocrx_word' id='word_1_268' title='bbox 1258 4348 1301 4418; x_wconf 90' lang='lat' dir='ltr'>N.</span> <span class='ocrx_word' id='word_1_269' title='bbox 1320 4343 1418 4438; x_wconf 88' lang='lat' dir='ltr'>equi-</span> 
     </span>
     <span class='ocr_line' id='line_1_33' title="bbox 91 4466 1416 4572; baseline -0.012 -17"><span class='ocrx_word' id='word_1_270' title='bbox 91 4481 188 4572; x_wconf 89' lang='lat' dir='ltr'>tavit,</span> <span class='ocrx_word' id='word_1_271' title='bbox 207 4485 338 4554; x_wconf 90' lang='lat' dir='ltr'>etcum</span> <span class='ocrx_word' id='word_1_272' title='bbox 354 4503 398 4552; x_wconf 90' lang='lat' dir='ltr'>eo</span> <span class='ocrx_word' id='word_1_273' title='bbox 414 4482 539 4551; x_wconf 87' lang='lat' dir='ltr'>Rmus.</span> <span class='ocrx_word' id='word_1_274' title='bbox 559 4479 603 4548; x_wconf 86' lang='lat' dir='ltr'>u.</span> <span class='ocrx_word' id='word_1_275' title='bbox 628 4475 819 4550; x_wconf 86' lang='lat' dir='ltr'>cardinalis</span> <span class='ocrx_word' id='word_1_276' title='bbox 841 4501 871 4549; x_wconf 90' lang='lat' dir='ltr'>s.</span> <span class='ocrx_word' id='word_1_277' title='bbox 894 4475 1084 4548; x_wconf 81' lang='lat' dir='ltr'>Anastasia</span> <span class='ocrx_word' id='word_1_278' title='bbox 1105 4481 1141 4548; x_wconf 91' lang='lat' dir='ltr'>et</span> <span class='ocrx_word' id='word_1_279' title='bbox 1162 4471 1222 4546; x_wconf 92' lang='lat' dir='ltr'>alii</span> <span class='ocrx_word' id='word_1_280' title='bbox 1241 4466 1416 4566; x_wconf 88' lang='lat' dir='ltr'>usquead</span> 
     </span>
     <span class='ocr_line' id='line_1_34' title="bbox 90 4591 1418 4702; baseline -0.011 -24"><span class='ocrx_word' id='word_1_281' title='bbox 90 4605 247 4678; x_wconf 87' lang='lat' dir='ltr'>fluminis</span> <span class='ocrx_word' id='word_1_282' title='bbox 281 4605 398 4702; x_wconf 90' lang='lat' dir='ltr'>ripam</span> <span class='ocrx_word' id='word_1_283' title='bbox 438 4602 748 4694; x_wconf 89' lang='lat' dir='ltr'>transtiberinam,</span> <span class='ocrx_word' id='word_1_284' title='bbox 781 4603 842 4676; x_wconf 93' lang='lat' dir='ltr'>ubi</span> <span class='ocrx_word' id='word_1_285' title='bbox 872 4601 992 4676; x_wconf 90' lang='lat' dir='ltr'>navim</span> <span class='ocrx_word' id='word_1_286' title='bbox 1024 4597 1188 4675; x_wconf 89' lang='lat' dir='ltr'>ascendit</span> <span class='ocrx_word' id='word_1_287' title='bbox 1220 4596 1335 4672; x_wconf 90' lang='lat' dir='ltr'>iturus</span> <span class='ocrx_word' id='word_1_288' title='bbox 1372 4591 1418 4666; x_wconf 89' lang='lat' dir='ltr'>ad</span> 
     </span>
    </p>
   </div>
   <div class='ocr_carea' id='block_1_3' title="bbox 91 4728 1417 4952">
    <p class='ocr_par' dir='ltr' id='par_1_6' title="bbox 91 4728 1417 4952">
     <span class='ocr_line' id='line_1_35' title="bbox 91 4728 707 4807; baseline 0 -4"><span class='ocrx_word' id='word_1_289' title='bbox 91 4733 227 4806; x_wconf 85' lang='lat' dir='ltr'>Ostiam</span> <span class='ocrx_word' id='word_1_290' title='bbox 243 4732 435 4807; x_wconf 90' lang='lat' dir='ltr'>tiberinam</span> <span class='ocrx_word' id='word_1_291' title='bbox 450 4755 560 4807; x_wconf 89' lang='lat' dir='ltr'>causa</span> <span class='ocrx_word' id='word_1_292' title='bbox 578 4728 707 4804; x_wconf 90' lang='lat' dir='ltr'>solatii.</span> 
     </span>
     <span class='ocr_line' id='line_1_36' title="bbox 138 4844 1417 4952; baseline -0.009 -21"><span class='ocrx_word' id='word_1_293' title='bbox 138 4857 274 4931; x_wconf 82' lang='lat' dir='ltr'>Eadem</span> <span class='ocrx_word' id='word_1_294' title='bbox 292 4857 363 4948; x_wconf 88' lang='lat' dir='ltr'>dic,</span> <span class='ocrx_word' id='word_1_295' title='bbox 384 4857 476 4931; x_wconf 89' lang='lat' dir='ltr'>hora</span> <span class='ocrx_word' id='word_1_296' title='bbox 493 4853 800 4952; x_wconf 86' lang='lat' dir='ltr'>vigesimatertia,</span> <span class='ocrx_word' id='word_1_297' title='bbox 819 4857 942 4926; x_wconf 88' lang='lat' dir='ltr'>Rmus.</span> <span class='ocrx_word' id='word_1_298' title='bbox 959 4855 1002 4926; x_wconf 88' lang='lat' dir='ltr'>D.</span> <span class='ocrx_word' id='word_1_299' title='bbox 1027 4849 1218 4924; x_wconf 89' lang='lat' dir='ltr'>cardinalis</span> <span class='ocrx_word' id='word_1_300' title='bbox 1232 4844 1417 4935; x_wconf 89' lang='lat' dir='ltr'>Senensis,</span> 
     </span>
    </p>
   </div>
   <div class='ocr_carea' id='block_1_4' title="bbox 90 5029 1421 5208">
    <p class='ocr_par' dir='ltr' id='par_1_7' title="bbox 90 5029 1421 5208">
     <span class='ocr_line' id='line_1_37' title="bbox 125 5029 1421 5119; baseline -0.01 -16"><span class='ocrx_word' id='word_1_301' title='bbox 125 5051 151 5103; x_wconf 90' lang='lat' dir='ltr'>l.</span> <span class='ocrx_word' id='word_1_302' title='bbox 171 5045 210 5103; x_wconf 88' lang='lat' dir='ltr'>Cc</span> <span class='ocrx_word' id='word_1_303' title='bbox 225 5045 350 5119; x_wconf 81' lang='lat' dir='ltr'>tragiquc</span> <span class='ocrx_word' id='word_1_304' title='bbox 364 5047 523 5101; x_wconf 71' lang='lat' dir='ltr'>avocament</span> <span class='ocrx_word' id='word_1_305' title='bbox 533 5049 576 5101; x_wconf 87' lang='lat' dir='ltr'>ast</span> <span class='ocrx_word' id='word_1_306' title='bbox 590 5045 716 5118; x_wconf 77' lang='lat' dir='ltr'>rapportt</span> <span class='ocrx_word' id='word_1_307' title='bbox 729 5057 778 5115; x_wconf 89' lang='lat' dir='ltr'>par</span> <span class='ocrx_word' id='word_1_308' title='bbox 793 5041 930 5096; x_wconf 87' lang='lat' dir='ltr'>lnfessuru</span> <span class='ocrx_word' id='word_1_309' title='bbox 946 5043 963 5095; x_wconf 78' lang='lat' dir='ltr'>a</span> <span class='ocrx_word' id='word_1_310' title='bbox 978 5040 1003 5094; x_wconf 91' lang='lat' dir='ltr'>la</span> <span class='ocrx_word' id='word_1_311' title='bbox 1017 5039 1078 5095; x_wconf 88' lang='lat' dir='ltr'>date</span> <span class='ocrx_word' id='word_1_312' title='bbox 1090 5038 1126 5093; x_wconf 92' lang='lat' dir='ltr'>du</span> <span class='ocrx_word' id='word_1_313' title='bbox 1142 5038 1158 5092; x_wconf 84' lang='lat' dir='ltr'>S</span> <span class='ocrx_word' id='word_1_314' title='bbox 1173 5033 1328 5108; x_wconf 83' lang='lat' dir='ltr'>septembre</span> <span class='ocrx_word' id='word_1_315' title='bbox 1340 5029 1421 5090; x_wconf 73' lang='lat' dir='ltr'>flSO.</span> 
     </span>
     <span class='ocr_line' id='line_1_38' title="bbox 90 5133 552 5208; baseline -0.004 -16"><span class='ocrx_word' id='word_1_316' title='bbox 90 5137 186 5206; x_wconf 69' lang='lat' dir='ltr'>litor..</span> <span class='ocrx_word' id='word_1_317' title='bbox 200 5141 223 5192; x_wconf 88' lang='lat' dir='ltr'>t.</span> <span class='ocrx_word' id='word_1_318' title='bbox 237 5133 287 5205; x_wconf 94' lang='lat' dir='ltr'>lll,</span> <span class='ocrx_word' id='word_1_319' title='bbox 301 5149 329 5208; x_wconf 90' lang='lat' dir='ltr'>p.</span> <span class='ocrx_word' id='word_1_320' title='bbox 345 5153 373 5206; x_wconf 88' lang='lat' dir='ltr'>u,</span> <span class='ocrx_word' id='word_1_321' title='bbox 388 5133 440 5195; x_wconf 88' lang='lat' dir='ltr'>col.</span> <span class='ocrx_word' id='word_1_322' title='bbox 459 5133 552 5205; x_wconf 72' lang='lat'><strong>4230.)</strong></span> 
     </span>
    </p>
   </div>
   <div class='ocr_carea' id='block_1_5' title="bbox 0 0 1721 6034">
    <p class='ocr_par' dir='ltr' id='par_1_8' title="bbox 0 0 1721 6034">
     <span class='ocr_line' id='line_1_39' title="bbox 0 0 1721 6034; baseline 0 0"><span class='ocrx_word' id='word_1_323' title='bbox 0 0 1721 6034; x_wconf 95' lang='lat' dir='ltr'> </span> 
     </span>
    </p>
   </div>
  </div>
 </body>
</html>
