3422 6034
46 479 171 560 [trinitat]
346 475 474 536 RERUM
498 474 725 538 URBANARUM
748 477 1009 538 communitati.
1287 478 1342 536 tta

44 633 257 734 aggredienda
271 633 378 726 soret,
395 657 502 732 quam
512 635 616 746 juxta
627 635 814 711 literarum
831 659 978 711 suarum
994 640 1159 710 tenorem
1181 632 1228 708 ad
1242 631 1342 730 prin-

43 765 119 860 cipes
128 761 287 836 datarum
298 761 457 834 animum
471 785 670 859 exponens

78 887 337 986 Responderunt
361 893 523 962 oratores
544 910 582 961 se
603 893 749 961 vocatos
770 877 851 962 osae
873 887 919 961 ad
940 885 1158 960 audiendam
1177 884 1344 959 volunta-

44 1021 99 1088 tem
112 1011 310 1087 Sanctitatis
326 1035 391 1085 sue
411 1011 561 1084 atillam
583 1012 804 1109 principibus
824 1013 897 1086 suis
917 1011 1157 1100 referendam,
1179 1008 1225 1083 ad
1246 1009 1344 1106 quod

42 1140 132 1235 parati
146 1141 277 1226 essent,
295 1160 364 1210 nec
380 1159 419 1210 se
430 1136 607 1210 'mandata
623 1137 759 1211 habere
783 1137 828 1210 ad
847 1135 1148 1212 concludendum.
1167 1137 1247 1209 Duo
1262 1157 1344 1208 ora-

43 1273 118 1338 tores
128 1263 220 1359 regis
234 1269 271 1337 et
284 1263 387 1360 regni
403 1262 669 1359 Hispaniarum,
684 1264 746 1360 qui
761 1287 844 1336 cum
858 1263 992 1338 nostris
1005 1263 1126 1337 locum
1138 1261 1344 1336 habuerunt
1479 1321 1480 1324 ,

41 1415 94 1464 uua
106 1413 181 1464 cum
200 1389 349 1464 domino
373 1389 530 1464 Roberto
553 1388 598 1464 de
613 1389 854 1464 Blitterranch
873 1395 1016 1464 oratore
1033 1387 1224 1486 imperiali,
1242 1385 1345 1462 dixe·
1389 1395 1392 1404 ⁴

41 1524 106 1589 mut
122 1520 161 1588 u.
177 1523 303 1589 nostro
320 1515 418 1612 quod
438 1515 616 1588 Sanctitas
637 1539 702 1588 sua
721 1515 872 1612 singulis
888 1537 954 1588 sua
973 1515 1056 1588 loca
1074 1512 1159 1588 dare
1180 1511 1289 1588 vellet
1308 1518 1345 1586 et

40 1665 98 1716 non
111 1664 167 1714 eos
192 1663 231 1714 se
257 1640 294 1712 in
316 1647 437 1736 partes
458 1639 618 1714 dividere
637 1639 702 1714 scd
722 1639 830 1714 simul
845 1663 981 1738 ponere
997 1661 1100 1714 moro
1117 1639 1237 1728 solito,
1258 1637 1352 1712 alio«

38 1767 106 1861 quin
123 1765 290 1863 deinceps
313 1765 349 1838 in
368 1763 711 1860 congregationibus
727 1764 936 1863 hujusmodi
954 1787 1165 1863 comparere
1187 1786 1261 1836 nou
1274 1762 1348 1837 vel·
1416 1785 1422 1801 ·

37 1890 110 1977 lent;
121 1891 193 1987 Jam
207 1913 293 1964 vero
309 1895 471 1963 oratores
491 1889 738 1987 supplicarunt
758 1890 946 1964 Sanctitati
964 1914 1028 1964 sue
1046 1889 1143 1986 quod
1157 1889 1263 1963 citius
1281 1911 1345 1962 eos

38 2015 209 2112 expediret,
234 2021 273 2089 ut
298 2019 381 2090 ante
404 2014 544 2088 calores
561 2014 728 2090 estivales
746 2015 792 2088 ad
808 2015 963 2111 patriam
982 2021 1132 2113 possent
1148 2015 1287 2103 rediro;
1309 2020 1346 2090 et

37 2149 78 2214 est
96 2143 322 2240 congregatio
346 2141 399 2216 sic
418 2141 604 2230 dissoluta,
634 2141 670 2214 in
690 2164 763 2236 qua
781 2147 943 2216 oratores
962 2141 1138 2215 habentes
1159 2139 1343 2230 mandata,

36 2265 144 2360 quibus
156 2268 256 2364 prius
272 2267 332 2340 illa
346 2290 421 2338 non
435 2265 612 2355 viderant,
628 2273 896 2363 presentarunt.

65 2392 156 2466 Faria
169 2400 285 2483 sexta,
302 2401 324 2466 d
340 2393 476 2466 mensis
487 2393 595 2490 junii,
613 2394 677 2468 SS.
696 2397 739 2467 D.
752 2396 796 2467 N.
814 2394 904 2468 mihi
919 2395 965 2468 ad
977 2417 1015 2468 se
1030 2401 1157 2470 vocato
1173 2403 1346 2470 alcoram

37 2517 209 2592 Sanctitate
225 2519 343 2591 suain
357 2517 464 2591 horto
480 2517 735 2592 secretosolus
751 2541 834 2592 cum
848 2517 926 2592 solo
939 2520 1148 2612 constituto,
1164 2521 1348 2596 commisit

24 2650 187 2735 'quatenus
206 2667 288 2717 cras
304 2643 340 2716 in
354 2643 515 2739 vesperis
538 2643 735 2717 Sanctitate
756 2667 821 2717 sua
839 2644 876 2717 in
901 2643 1076 2742 capellam
1096 2645 1267 2736 intrante,
1282 2644 1349 2719 da-

35 2769 226 2842 returlocus
248 2767 294 2841 ad
313 2767 447 2865 gradum
465 2767 545 2842 solii
571 2769 778 2844 Sanctitatis
797 2792 861 2844 sue
879 2771 1013 2844 oratori
1037 2771 1133 2868 regis
1154 2774 1347 2846 Scotorum

34 2899 98 2984 post
113 2893 241 2968 ducem
256 2895 359 2982 Sora,
386 2900 423 2968 et
446 2900 529 2991 post
548 2893 648 2966 illum
666 2894 778 2968 tribus
801 2895 1005 2968 oratoribus
1021 2895 1155 2969 ducum
1177 2897 1343 2984 Bavarie;

34 3018 181 3113 respondi
207 3019 398 3093 Sanctitati
428 3041 491 3092 suc
521 3018 779 3094 inconveniens
806 3019 933 3108 videri,
962 3043 1098 3117 ponere
1131 3021 1284 3096 clericos
1308 3021 1344 3095 in

33 3138 134 3214 lucum
147 3143 365 3217 secularium
380 3144 442 3240 qui
458 3151 513 3218 est
533 3145 568 3216 in
583 3144 674 3218 solio
688 3168 751 3220 sue
764 3145 985 3235 Sanctitatis,
1001 3145 1062 3219 ubi
1076 3145 1146 3220 alia
1158 3147 1343 3220 contentio

34 3265 199 3342 interillos
216 3275 254 3345 ct
273 3268 403 3344 ducem
418 3268 623 3367 predictum
642 3293 685 3342 ac
705 3277 977 3345 conservatores
995 3271 1115 3360 Urbis,
1132 3271 1262 3368 quibus
1276 3272 1344 3369 ipsi

34 3395 176 3466 oratores
199 3393 332 3467 cedere
356 3393 507 3482 nollent,
539 3400 663 3492 posset
686 3395 837 3484 exoriri3
861 3401 1029 3492 preterea
1052 3395 1147 3471 bone
1168 3396 1345 3470 memorie

32 3513 168 3590 iohanni
197 3519 280 3592 duci
307 3519 456 3593 Bavarie
482 3521 668 3617 preposito
693 3520 847 3595 ecclesie
874 3521 1162 3617 Argentinensis,
1191 3521 1280 3595 alias
1308 3521 1347 3594 in

36 3639 113 3713 t'rbe
128 3645 324 3718 constituto
339 3651 379 3716 ut
394 3644 560 3742 Philippo
576 3644 659 3717 duci
677 3645 841 3720 Clevensi
856 3652 892 3720 et
906 3647 1041 3721 lacobo
1057 3646 1260 3720 marchioni
1279 3648 1350 3719 Ba-

33 3763 119 3839 densi
133 3792 230 3842 nunc
245 3769 282 3841 in
297 3768 393 3842 Urbe
408 3769 589 3860 existenti,
608 3771 645 3842 in
662 3769 833 3866 gradibus
853 3771 1023 3868 predictis
1039 3771 1161 3846 locum
1180 3795 1254 3846 non
1267 3793 1348 3846 esse

33 3889 138 3964 datum
153 3895 240 3989 quia
258 3901 381 3967 essent
400 3894 536 3968 clerici.
564 3895 760 3992 Replicavit
785 3896 874 3968 mihi
892 3899 1070 3972 Sanctitas
1083 3921 1154 3972 >sua
1173 3921 1245 3987 mo,
1264 3919 1349 3995 pre-

34 4017 137 4091 missis
158 4043 232 4092 non
258 4019 498 4108 obstantibus,
522 4019 628 4094 dictis
652 4021 869 4110 oratoribus,
898 4029 938 4096 ut
962 4047 1070 4120 supra
1093 4022 1288 4110 commisit,
1311 4022 1348 4093 in

34 4142 110 4215 solio
131 4145 293 4242 predicto
317 4143 439 4218 locum
466 4145 552 4218 dar'a
580 4143 714 4218 debere
739 4150 776 4218 et
797 4143 849 4216 sic
868 4144 947 4217 fieri
974 4145 1083 4218 modo
1110 4152 1279 4242 oportere
1300 4143 1349 4215 ad

34 4269 187 4344 scandala
212 4269 399 4358 evitanda3
436 4276 472 4344 et
501 4270 599 4366 quod
631 4268 808 4342 Sanctitas
841 4292 906 4341 sua
933 4268 1131 4344 decernere
1162 4269 1348 4343 statuisset

34 4393 118 4484 quod
134 4395 306 4493 deinceps
331 4395 377 4468 ad
398 4394 574 4492 capellam
600 4393 719 4466 nullus
751 4399 873 4466 orator
897 4393 1018 4468 veniat
1038 4393 1108 4466 nisi
1133 4399 1281 4467 vocatus
1305 4415 1348 4466 ac

35 4539 194 4594 renovare
215 4520 307 4595 velle
331 4519 467 4593 bullam
491 4517 608 4592 felicis
628 4517 888 4592 recordationis
912 4518 965 4591 Pii
985 4541 1077 4616 pape
1097 4518 1261 4607 secundi,
1278 4541 1351 4613 qua

35 4649 228 4724 continetur
240 4646 336 4745 quod
351 4651 513 4720 oratores
525 4650 608 4742 post
622 4667 685 4718 sex
704 4665 850 4717 menses
866 4641 1069 4717 habeantur
1082 4650 1348 4741 procuratores,

35 4789 99 4842 non
125 4780 300 4848 oratores.
331 4771 504 4869 Aequievi
523 4769 698 4844 voluntati
718 4767 925 4840 Sanctitatis
949 4791 1012 4840 sue
1034 4791 1076 4840 ac
1091 4767 1177 4864 petii
1193 4765 1352 4840 obtinui-

34 4917 95 4990 que
109 4897 290 4974 licentiam
309 4897 528 4996 repatriandi
544 4895 589 4970 ad
604 4893 799 4990 exigendas
814 4892 986 4990 pecunias
1000 4898 1083 4990 post
1097 4891 1231 4965 testum
1244 4913 1351 4989 apos-

36 5019 180 5098 tolomm
211 5021 306 5100 Petri
333 5031 370 5098 ot
403 5023 503 5098 Pauli
542 5043 656 5118 usque
692 5019 738 5094 ad
773 5017 905 5092 testum
927 5015 1097 5089 Omnium
1136 5016 1352 5090 Sanctorum

35 5149 187 5240 proxime
202 5150 364 5225 futurum
380 5149 574 5224 exclusive.
