3436 6038
48 467 248 538 [l'ovembrelltt]
339 465 466 524 RERUM
491 466 717 526 URBANARUM
742 464 1006 526 COMMENTARll.
1283 463 1331 516 221

46 621 145 698 cievit:
163 622 252 694 «SS.
271 621 314 690 D.
332 621 361 692 N
367 674 373 688 .
397 618 521 694 volens
542 621 685 696 obviare
709 620 922 697 tumultibus
941 623 977 694 et
999 614 1178 692 scandulis
1194 613 1282 689 alios
1298 613 1336 686 in

46 745 233 844 expeditione
264 743 462 842 primarum
490 747 687 844 gratiarum
720 745 1025 845 expectativorum
1063 738 1268 815 commissis
1295 760 1338 811 sc

45 868 286 946 virdunensibus
298 893 369 966 que
381 869 468 945 alins
480 871 782 970 inproseculione
793 873 979 946 literarum
992 865 1110 942 invim
1122 864 1333 940 eorumdem

45 994 203 1091 gratiarum
231 993 518 1091 provenientium
555 1004 765 1088 evenerunt,
801 993 984 1071 commisit
1011 992 1100 1066 mihi
1135 991 1209 1066 vive
1240 989 1338 1066 vocis

44 1119 157 1193 oraculo
172 1118 264 1216 quod
283 1143 409 1196 omnes
429 1127 467 1194 et
487 1120 617 1218 singuli
639 1144 832 1219 processus
853 1143 963 1218 super
982 1117 1152 1192 omnibus
1169 1122 1339 1215 expects-

44 1245 100 1318 divis
113 1243 199 1320 Ostie
218 1244 406 1341 expeditis,
424 1245 486 1342 qui
509 1246 545 1320 in
570 1246 732 1321 sacristis
752 1246 855 1320 istius
878 1244 1016 1342 capelle
1032 1249 1128 1331 sunt,
1149 1242 1339 1340 (maj0rem

41 1369 152 1443 ibidem
175 1369 346 1468 cupellam
370 1393 480 1444 manu
509 1370 791 1470 demonstrans)
809 1370 957 1469 repositi
977 1377 1160 1462 mencent,
1184 1375 1257 1444 tem
1273 1393 1339 1466 pro

41 1494 213 1568 absentibus
232 1518 342 1592 quem
367 1518 433 1593 pro
454 1497 683 1594 presentibus
703 1496 934 1572 decernendo
959 1503 996 1570 et
1020 1519 1193 1572 censuros
1219 1493 1339 1568 tulmi-

42 1619 149 1708 nendo;
164 1625 195 1694 et
208 1620 256 1694 ilo
270 1621 316 1696 de
331 1620 502 1696 mundato
518 1622 724 1698 Sanctitatis
744 1646 808 1698 sue
824 1623 983 1697 decerno
1000 1627 1036 1696 et
1049 1621 1214 1696 lulmino.
1238 1620 1338 1694 ldem

42 1743 148 1818 leniunt
161 1769 282 1820 omnes
297 1746 350 1818 hii
362 1751 437 1820 nn.
456 1747 663 1846 coepiscopi
678 1748 749 1822 mei
765 1748 824 1822 hic
839 1753 1040 1846 presentes.

76 1869 165 1944 lubet
187 1879 306 1946 eutem
332 1875 369 1946 S.
394 1897 459 1946 suu
491 1897 534 1946 cc
564 1873 727 1948 decernit
754 1879 789 1948 et
815 1873 956 1948 ordinet
980 1873 1078 1970 quod
1104 1871 1340 1948 nihilominus

42 2019 141 2072 omncs
153 2003 186 2072 et
200 1998 332 2097 singuli
343 1999 530 2098 judicesin
544 1999 692 2097 singulis
703 1999 808 2074 bullis
822 2005 858 2074 ct
872 1999 984 2074 literis
999 1999 1196 2097 groticrum
1210 1999 1340 2096 hujus-

42 2123 116 2195 modi
129 2123 282 2222 deputeti
301 2125 443 2222 possint
462 2127 547 2200 dere
572 2149 765 2225 processus
787 2125 823 2198 in
841 2125 959 2199 formo
979 2125 1083 2199 solite
1098 2132 1135 2198 et
1149 2130 1337 2214 consuete,

42 2271 127 2343 super
148 2250 272 2323 iisdem
296 2249 424 2343 literis,
447 2252 514 2325 sub
538 2273 664 2326 eorum
689 2249 894 2325 nominibus
926 2257 962 2324 et
993 2249 1269 2347 cognominibus
1298 2273 1341 2322 ec

42 2373 165 2470 propriis
175 2374 300 2474 sigillis
316 2399 358 2450 ec
373 2375 539 2452 hodierni
554 2376 624 2451 diei
640 2378 735 2468 dete,
753 2376 812 2474 qui
824 2376 977 2466 valeant,
993 2399 1035 2450 nc
1050 2399 1156 2450 suum
1171 2373 1340 2449 effectum

42 2498 206 2572 sortientur
217 2500 253 2572 in
278 2501 446 2576 omnibus
461 2525 504 2578 nc
519 2525 586 2601 per
599 2501 722 2576 omnis
737 2525 779 2576 ac
796 2501 825 2574 si
838 2523 1031 2598 processus
1048 2499 1258 2598 hujusmodi
1275 2523 1342 2597 per

42 2621 117 2720 ipsos
132 2625 199 2716 hic,
220 2626 290 2700 hec
311 2626 413 2720 hora,
438 2628 574 2704 decreti
592 2628 806 2702 extitissent.
828 2629 945 2726 Super
966 2626 1096 2724 quibus
1119 2627 1287 2700 omnibus
1305 2630 1342 2698 et

41 2747 162 2847 singulis
173 2753 288 2850 rogati
298 2759 382 2827 sunt
393 2776 521 2830 omnes
531 2760 568 2828 et
578 2753 708 2850 singuli
722 2752 853 2828 notorii
867 2752 928 2826 hic
941 2757 1143 2850 presentes,
1161 2751 1222 2848 qui
1232 2750 1341 2826 etium

41 2871 219 2970 hujusmodi
249 2901 444 2976 processus
481 2879 705 2956 subscribere
738 2878 878 2978 possint
907 2885 944 2953 et
976 2877 1133 2954 debeant
1164 2899 1205 2950 ec
1240 2874 1270 2948 si
1294 2874 1340 2950 de

41 2998 161 3098 singulis
176 3003 383 3102 specialiter
402 3011 438 3080 et
453 3027 623 3104 expresse
643 3003 758 3101 rogeti
779 3002 996 3076 extitissent.
1021 3031 1038 3068 n
1065 3004 1116 3074 De
1132 3022 1204 3096 quo
1222 2997 1339 3109 omnis

40 3124 199 3204 multitudo
214 3129 444 3206 acclamans:
470 3130 557 3205 Vivo
572 3130 677 3228 Papa
691 3127 902 3218 Innocenso,
925 3125 1097 3202 setissscti
1113 3128 1343 3198 recesserunt

40 3269 155 3327 ornnes.

76 3379 222 3458 ltebebet
233 3390 357 3459 tomen
371 3383 565 3458 multorum
579 3381 716 3482 judicio
731 3379 895 3455 inhibere
910 3378 1008 3476 quod
1027 3377 1147 3452 nullus
1160 3377 1289 3452 horem
1306 3375 1344 3450 in

40 3497 216 3599 hujusmodi
232 3509 468 3608 processibus
490 3514 702 3608 apponeret,
726 3530 772 3580 ne
791 3506 850 3580 ille
875 3505 936 3603 qui
959 3505 1087 3580 horem
1116 3503 1345 3602 opposuisset

38 3631 253 3726 prejudicaret
279 3635 397 3728 alteri,
418 3635 455 3710 in
475 3636 579 3733 cujus
594 3657 769 3733 processu
783 3633 874 3708 hore
896 3655 969 3706 non
989 3638 1086 3706 essct
1108 3630 1285 3729 opposite.
1305 3633 1344 3708 ln

38 3749 89 3828 hac
109 3759 216 3855 primo
243 3762 473 3860 expeditione
494 3761 709 3837 conclaviste
731 3783 805 3834 non
822 3764 1019 3856 potueruut
1038 3757 1174 3832 hebere
1196 3779 1344 3830 suorum

38 3881 207 3972 gretierum
222 3887 506 3986 expeditionem,
522 3887 609 3962 licet
624 3910 731 3984 snper
745 3885 816 3960 hoc
837 3889 1036 3982 opportune
1061 3883 1196 3958 loetum
1221 3888 1257 3956 et
1280 3881 1344 3958 im·

36 4013 163 4096 pontone
178 4013 288 4087 luerit
306 4013 549 4088 sollicitatum.

75 4135 165 4212 Ferie
197 4146 313 4230 sexte,
342 4145 386 4214 10
407 4139 543 4214 mensis
566 4137 785 4230 novembris,
810 4135 908 4210 circe
930 4134 1060 4208 horem
1083 4157 1148 4224 xn,
1177 4131 1342 4230 expedite

36 4253 156 4336 luerunt
169 4287 235 4364 per
258 4289 442 4342 cameram
457 4265 571 4364 gratie
587 4262 809 4364 expectetive
823 4283 890 4358 pro
905 4257 1144 4350 conclusistis,
1163 4263 1199 4332 et
1212 4256 1342 4333 eodem

37 4405 100 4458 sero
120 4389 317 4486 plumbcte,
335 4397 516 4490 reportate
531 4391 677 4466 luerunt
698 4388 744 4463 nd
762 4409 945 4462 cameram
965 4389 1009 4460 l).
1030 4383 1238 4482 Hieronymi
1266 4383 1344 4458 Bel-

37 4505 102 4584 leni
117 4517 177 4590 SS.
204 4521 249 4592 D.
268 4521 310 4592 N.
328 4541 420 4616 pepe
443 4515 641 4608 secretarii,
666 4514 727 4612 qui
743 4537 804 4588 eos
820 4512 919 4588 dedit
940 4509 1166 4585 conclavistis
1193 4507 1344 4604 singulis

37 4655 86 4726 ltro
109 4637 252 4718 decreto
281 4665 474 4741 processus
503 4640 712 4718 obtinendo.
747 4643 790 4714 Et
818 4635 984 4735 sequenti
1014 4633 1072 4710 die
1100 4635 1248 4708 luerunt
1276 4631 1344 4706 sibi

37 4771 208 4856 reportate.

74 4889 167 4966 levia
181 4893 352 4984 secunde,
383 4899 424 4970 13
449 4892 585 4968 mensis
600 4889 824 4979 novembris,
838 4893 985 4986 peracto
1001 4885 1165 4985 prandio,
1182 4890 1223 4960 R.
1245 4889 1283 4964 Ρ.
1299 4889 1341 4958 D.

35 5007 244 5092 ,lutoniottns
261 5020 452 5118 episcopus
468 5017 652 5094 Auriensis
674 5019 737 5092 SS.
757 5019 801 5090 D.
823 5017 865 5088 N.
891 5036 982 5112 pepe
1004 5011 1162 5086 deterius
1182 5010 1279 5084 misit
1295 5010 1345 5084 ed

38 5137 208 5234 registrum
224 5167 352 5220 omnes
375 5145 512 5222 rotulos
528 5144 833 5246 expectetivorum
852 5165 919 5240 per
940 5141 1004 5218 SS.
1023 5142 1066 5212 D.
1089 5141 1131 5212 N.
1149 5159 1279 5236 pepom
1295 5136 1344 5210 si-
