3578 6032
704 503 917 563 APPENDICE.
955 517 957 520 ·
1423 507 1478 564 stt

141 658 337 738 gannitibus
357 656 560 736 deploratur,
576 655 710 718 demum
723 655 964 735 contemplatus
979 660 1050 732 est;
1068 655 1145 720 felix
1159 659 1211 722 vel
1225 657 1286 720 hoc
1298 675 1364 722 uno
1378 657 1476 722 Cada-

141 773 201 818 ver
213 754 305 836 quod
319 753 434 818 sedem
450 754 545 816 Beati
559 751 737 834 Augustini
750 754 904 816 sortitum
917 758 978 828 est,
992 755 1082 834 quod
1096 771 1176 816 casu
1186 769 1228 816 an
1242 753 1304 816 hoc
1318 754 1478 834 dignitate

139 853 293 917 acciderit
308 855 473 916 incertum
490 856 541 915 est
554 871 562 913 :
574 851 729 915 nbienim
746 851 956 930 sepulchrum
976 853 1134 916 effossum
1148 850 1210 914 fuit
1229 851 1301 932 ejus
1317 851 1383 916 divi
1402 853 1476 916 reli·

142 950 219 1030 quie
238 955 367 1028 reperte
382 949 526 1012 fuerunt.

182 1050 259 1111 Post
283 1049 473 1112 cardinales
494 1047 615 1128 reliqui
640 1049 782 1128 palatini
802 1049 1091 1128 consequebantur
1109 1048 1239 1113 obtritis
1255 1051 1370 1128 oculis,
1388 1051 1478 1114 lasso

142 1146 303 1228 singultu,
317 1147 454 1230 modicis
465 1147 613 1208 lacrimis
627 1152 660 1210 et
673 1148 799 1228 ejulatu
810 1148 914 1222 nullo,
928 1147 996 1221 ubi,
1008 1145 1126 1210 affines
1138 1147 1195 1210 ubi
1211 1148 1305 1212 amici
1314 1149 1379 1212 nisi
1392 1166 1478 1228 quos

142 1263 220 1326 spes
235 1247 407 1325 deceperat
422 1249 454 1308 et
469 1261 589 1308 census
605 1247 756 1327 augebat
771 1245 924 1309 defutura
941 1243 1107 1324 perceptio
1121 1264 1129 1320 ;
1146 1246 1202 1326 qui
1216 1246 1327 1309 animo
1346 1252 1477 1326 torque·

142 1345 274 1408 bantur.
298 1343 422 1424 linqui
448 1344 648 1406 inexorabili
673 1345 823 1408 custodia
843 1344 1015 1426 jnrgiosas
1038 1343 1152 1422 populi
1167 1345 1241 1406 lites
1262 1346 1480 1408 submovebat

144 1443 201 1522 qui
215 1447 284 1506 tarn
299 1447 448 1506 recenter
460 1443 576 1520 populi
592 1443 745 1522 querelas
761 1443 944 1522 ceterisque
959 1443 1101 1524 negotiis
1116 1441 1329 1522 expediendis
1345 1459 1479 1522 operam

147 1538 259 1615 dabat,
272 1555 361 1602 nunc
386 1538 534 1602 omnium
556 1539 734 1601 clamorum
756 1539 900 1602 incursui
920 1541 1090 1618 expositus
1112 1546 1182 1617 est;
1199 1539 1250 1603 cui
1274 1539 1477 1603 candicantia

142 1653 244 1700 aurea
254 1637 336 1700 atria
349 1635 545 1716 amplissimi
560 1637 709 1699 Vaticani
731 1641 873 1718 angusta
892 1637 1100 1714 videbantur,
1121 1655 1210 1700 nune
1222 1637 1329 1700 lurida
1351 1637 1475 1700 occulta

143 1733 258 1797 tumba
279 1737 472 1814 putrescens
490 1733 583 1797 brevi
603 1734 749 1796 carmine
776 1735 911 1796 brevius
939 1735 1090 1798 excisum
1113 1739 1287 1800 contentus
1309 1739 1371 1798 est.
1397 1735 1476 1813 Quis
1547 1747 1551 1755 ·

144 1834 246 1913 hujus
260 1832 324 1896 diei
334 1831 466 1913 gaudia,
482 1832 601 1908 luctus,
613 1832 819 1912 mixtumque
833 1849 892 1914 spe
902 1851 1014 1896 rerum
1025 1834 1218 1920 mutationis
1231 1837 1356 1896 metum
1368 1849 1476 1895 recen-

143 1932 253 1996 sebit?
267 1931 343 1995 lllos
358 1931 505 1994 florentis
521 1935 627 1994 status
642 1931 736 1994 ruina
752 1932 939 2011 torquebat,
952 1937 984 1996 et
996 1933 1135 1996 nimium
1146 1934 1293 2013 opulenti
1308 1933 1474 1997 denudata

146 2046 247 2110 opum
259 2028 424 2106 felicitate,
440 2029 473 2090 in
488 2033 636 2108 apertam
650 2046 767 2092 necem
782 2030 854 2109 rapi
868 2029 1100 2096 formidabant.
1123 2032 1186 2095 Alii
1203 2030 1330 2094 factiosi
1349 2031 1475 2112 gladia-

144 2133 238 2192 tores
262 2129 424 2210 cogebant
444 2124 607 2208 similique
626 2127 669 2209 (i)
686 2128 777 2192 rabie
791 2129 908 2192 urbem
922 2131 1189 2211 pervagabantur
1204 2146 1243 2192 ac
1258 2130 1286 2190 si
1300 2130 1474 2210 magistra·

140 2231 236 2289 tuum
251 2226 399 2289 omnium
416 2225 657 2289 cumPontifice
672 2231 762 2288 esset
780 2227 933 2290 defuncta
953 2231 1112 2307 potestas,

179 2325 236 2387 llis
252 2325 363 2405 itaque
376 2325 514 2388 summis
525 2343 546 2404 p
558 2325 689 2388 ericulis
701 2325 968 2405 prospiciendum
978 2343 1053 2389 cum
1063 2327 1148 2390 sacri
1156 2326 1327 2406 apostolici
1338 2330 1474 2389 senatus

138 2423 313 2488 concilium
327 2427 489 2502 putasset,
505 2423 592 2486 duos
610 2424 699 2486 viros
720 2423 842 2504 eligere
864 2425 984 2501 sanxit,
1006 2443 1147 2506 quorum
1167 2425 1308 2488 aiterum
1329 2424 1475 2488 Palatine

140 2523 296 2588 custodie
309 2524 449 2586 alterum
463 2522 507 2586 ad
526 2523 652 2602 relique
677 2523 769 2586 urbis
792 2523 1077 2604 gubernationem
1098 2523 1303 2605 preficerent.
1326 2523 1474 2586 Palatine

139 2621 256 2685 militie
280 2639 403 2698 curam,
424 2622 476 2685 vel
494 2639 663 2697 recusans,
686 2621 831 2702 suscepit
855 2621 1057 2685 Gundislaus
1079 2622 1342 2701 archiepiscopus
1360 2623 1474 2685 'Parra-

140 2721 306 2798 conensis,
323 2721 372 2785 vir
386 2737 426 2783 ex
440 2720 607 2799 Hispania,
631 2725 702 2782 tum
714 2737 837 2801 magne
852 2720 1037 2799 prudentie,
1050 2725 1121 2783 tum
1132 2721 1266 2800 antique
1281 2719 1474 2794 nobilitatis,

140 2818 198 2896 qui
208 2817 281 2898 jam
298 2821 394 2880 antea
409 2819 601 2898 drogonum
627 2821 750 2898 ltegem
766 2821 798 2880 et
813 2819 1040 2881 innocentium
1056 2821 1126 2881 Vlll
1140 2819 1174 2880 in
1187 2817 1395 2882 concordiam
1407 2817 1475 2897 pel·

140 2916 279 2992 lexerat,
296 2915 478 2978 Ascrdanos
499 2915 661 2978 tumultus
684 2921 889 2994 represserat
913 2921 945 2979 et
960 2919 1004 2980 ita
1021 2933 1057 2978 se
1069 2916 1186 2996 gessit,
1203 2921 1241 2979 ut
1262 2933 1338 2979 eum
1358 2919 1474 2996 postea

140 3013 353 3077 renunciatus
368 3011 513 3076 Pontifex
526 3013 721 3090 Alexander,
737 3014 834 3076 Urbis
850 3015 1117 3077 Gubernatorem
1129 3015 1261 3079 creavit.

181 3114 316 3176 Postera
333 3109 386 3175 die
400 3129 464 3192 que
479 3111 521 3174 ad
534 3111 634 3174 funus
648 3111 857 3174 novemdiale
872 3112 1060 3176 necessaria
1075 3117 1170 3174 erant
1184 3115 1216 3174 et
1232 3115 1378 3174 extructa
1393 3115 1473 3173 sunt

141 3217 175 3276 et
189 3211 348 3292 postridie
358 3215 451 3290 cepte
465 3209 622 3273 celebrari
632 3211 773 3290 exequie
786 3229 793 3285 ;
809 3211 952 3290 denique
969 3211 1027 3273 ubi
1042 3227 1236 3289 supremum
1252 3209 1471 3273 declamatum

141 3309 288 3374 estvalel
301 3307 558 3372 adcommunem
568 3308 709 3372 Ecclesia
720 3309 890 3372 Pastorem
900 3309 1112 3390 deligendum
1123 3307 1313 3372 cardinales
1323 3307 1470 3371 animum

141 3407 326 3472 intendere.
353 3407 474 3470 Octavo
496 3407 607 3486 itaque
631 3406 706 3468 idus
728 3406 853 3469 sextilis
877 3407 912 3468 in
937 3409 1091 3469 Sanctum
1114 3407 1246 3470 Petrum
1268 3406 1312 3469 ad
1333 3404 1472 3486 mystica

141 3506 251 3570 Sancti
274 3506 412 3584 Spiritus
443 3520 536 3567 sacra
560 3503 724 3568 audienda
748 3521 808 3584 pro
838 3509 948 3584 optata
978 3502 1142 3583 pontificis
1173 3503 1332 3568 electione
1356 3519 1473 3566 omnes

141 3620 338 3668 convenere.

181 3701 329 3773 Proinde,
349 3702 450 3765 sacris
470 3703 622 3781 peractis,
639 3701 880 3765 adorationem
902 3717 1001 3766 aures
1028 3705 1240 3782 mentemque
1263 3701 1470 3764 adhibuere:

141 3817 220 3864 narn
231 3805 363 3864 veteres
378 3799 525 3862 imitatur
536 3805 647 3880 patres
666 3815 758 3862 sacra
780 3804 917 3862 senatus
935 3797 1108 3879 apostolici
1127 3815 1259 3875 corona,
1278 3815 1338 3862 seu
1354 3797 1471 3862 festiva

143 3897 214 3962 dies
229 3899 367 3962 occurrit
392 3897 590 3960 celebranda
605 3914 665 3960 seu
679 3897 836 3978 ambigua
856 3898 939 3960 ratio
953 3901 1050 3978 urget
1067 3895 1303 3960 disertissimos
1325 3895 1469 3972 adhibet,

141 3997 331 4078 audivitque
346 3999 504 4059 oratores.

181 4094 282 4156 lirant
294 4092 360 4156 duo
375 4091 477 4174 Regis
490 4091 722 4170 Hispaniorum
740 4093 773 4156 in
788 4095 874 4156 Urbe
897 4094 1052 4158 Oratores
1072 4091 1294 4156 Bernardinus
1310 4090 1469 4171 carvajal,

141 4191 397 4272 cathaginiensis
422 4187 603 4269 Episcopus
627 4196 660 4253 et
680 4193 824 4254 ioannes
847 4193 1022 4272 episcopus
1027 4235 1101 4253 ......
1138 4189 1216 4252 olim
1241 4189 1469 4252 Astoricensis.

141 4289 402 4371 Carthaginiensi
421 4289 594 4369 Episcopo,
612 4289 727 4354 orandi
743 4291 851 4354 delata
869 4291 1048 4370 provincia,
1064 4288 1151 4352 edita
1167 4288 1241 4369 ejus
1256 4288 1360 4352 oratio
1373 4291 1424 4350 est
1439 4291 1472 4349 et

139 4389 182 4452 ab
198 4387 382 4452 eruditione
397 4393 430 4451 et
444 4389 608 4469 elegantia
623 4387 767 4452 laudata.
782 4390 899 4452 loanni
915 4389 1136 4468 Hispanorum
1143 4387 1178 4450 in
1192 4387 1277 4450 Urbe
1288 4384 1469 4449 ministeria

138 4491 171 4550 et
183 4487 317 4568 Hispani
339 4487 454 4566 optimi
473 4487 614 4552 oratoris
633 4487 801 4550 luculenta
820 4489 937 4564 oratic,
960 4487 1086 4551 bonum
1106 4484 1240 4565 aliquod
1262 4483 1467 4549 Prouinciali-

138 4588 202 4651 bus
214 4586 411 4666 portendere
432 4585 646 4651 dicebantur:
663 4586 811 4649 oratione
824 4587 946 4661 audita,
958 4585 992 4648 in
1008 4583 1158 4650 conclavi
1169 4600 1205 4647 se
1219 4587 1286 4648 tres
1298 4601 1335 4646 ac
1350 4581 1465 4663 viginti

137 4685 327 4750 cardinales
342 4701 426 4765 quos
439 4689 517 4748 tunc
531 4684 650 4748 adesse
666 4683 803 4765 contigit
815 4685 1040 4761 occluserunt;
1057 4683 1090 4746 hi
1105 4682 1238 4746 fuerunt
1255 4701 1263 4744 :

620 4815 807 4882 cardinales·
820 4816 984 4900 Episcopi.

179 4947 358 5013 Rodericus
374 4946 503 5030 Borgia,
519 4945 700 5025 Episcopus
715 4945 917 5017 Portueusis,
935 4942 1236 5006 vicecancellarius.

178 5047 340 5112 Oliverius
355 5046 491 5123 ceratia,
503 5045 683 5125 Episcopus
697 5043 899 5118 sabinensis
915 5042 1159 5122 Neapolitanus.

52 5187 58 5198 ⁸
167 5203 189 5253 t.
208 5203 280 5253 Dans
293 5201 319 5252 le
333 5203 403 5252 textc
419 5215 425 5252 :
440 5199 578 5265 eiectique.
