3436 6038
327 491 379 548 174
781 483 957 542 lOHANNlS
981 481 1204 556 BUHCHARDI,
1453 482 1559 548 [Ftrricr
1573 482 1633 546 litt]

328 667 481 718 numero
499 647 570 717 300
582 641 637 716 vel
653 642 760 730 circa,
779 639 909 737 quibus
919 639 958 713 in
973 641 1092 737 platea
1100 639 1263 739 predicta
1274 638 1487 728 constitutis,
1504 639 1637 712 recessit

328 769 412 843 inde
436 791 520 844 cum
545 767 727 842 cardinale
757 769 933 857 Scaenae,
965 774 1001 841 et
1026 773 1154 864 gentas
1177 765 1337 864 predicte
1366 788 1410 840 eo
1437 764 1639 858 ordineque

327 903 497 970 venerant
511 892 619 967 etiam
633 893 766 991 optime
783 891 1014 968 recedebant.

379 1021 551 1112 Sabbato,
587 1017 713 1092 ultima
744 1015 962 1108 decembris,
987 1015 1108 1113 vigilia
1133 1015 1419 1092 circumcisionis
1446 1021 1489 1090 I).
1520 1015 1637 1104 Nostri,

333 1147 479 1224 luerunt
492 1167 642 1242 vespere
657 1143 804 1241 papales
817 1142 854 1214 in
869 1141 1007 1238 capella
1020 1141 1195 1238 predicta,
1214 1145 1310 1238 Papa
1324 1147 1506 1238 presente,
1522 1141 1575 1213 cni
1588 1165 1642 1236 per

333 1295 494 1348 errorem
515 1272 587 1345 sive
607 1269 865 1368 negligentiam
886 1290 959 1341 non
978 1265 1048 1341 leci
1068 1265 1237 1340 assistere
1258 1269 1403 1338 Rmum.
1430 1267 1473 1337 D.
1495 1263 1641 1337 cardina·

332 1397 406 1470 lem
417 1393 724 1470 Mediolanensem
737 1391 895 1490 priorem
908 1392 1214 1492 presbyterorum,
1230 1391 1354 1488 dequo
1369 1413 1437 1489 per
1451 1395 1589 1463 Rmum.
1605 1393 1639 1461 l).

334 1519 554 1595 cardinalem
598 1543 628 1591 s.
666 1519 777 1592 Marci
814 1518 864 1592 lui
901 1517 1133 1616 postmodum
1174 1517 1431 1614 reprehensus.
1477 1518 1516 1588 ln
1551 1539 1643 1588 maur

333 1643 513 1741 sequenti,
548 1643 640 1715 testo
669 1640 971 1734 circumcisionis,
999 1647 1122 1715 Rmus.
1155 1645 1197 1715 l).
1226 1641 1417 1716 cardinalis
1450 1642 1643 1739 Agrigensis

332 1768 525 1846 celebrarit
547 1767 584 1840 in
605 1766 701 1842 dicta
717 1768 867 1866 capelle,
899 1791 1000 1841 more
1030 1767 1150 1855 solito,
1180 1767 1329 1841 missam
1355 1768 1546 1865 majorem,
1564 1771 1645 1863 Papa

327 1902 511 1994 presente.
541 1896 756 1968 Sermonem
778 1892 863 1967 lecit
880 1892 1026 1989 quidam
1050 1891 1163 1966 irater
1183 1892 1379 1984 minorum,
1404 1891 1525 1966 allinis
1549 1915 1646 1988 quon·

327 2021 410 2098 dam
426 2018 617 2095 cardinalis
632 2017 912 2094 Mediolanensis
927 2041 1009 2092 cum
1025 2017 1187 2092 omnium
1205 2017 1451 2092 assistentium
1465 2016 1582 2093 laude.

375 2145 480 2220 Faria
493 2143 629 2240 quinta,
649 2149 669 2217 5
683 2143 819 2218 mansis
826 2143 996 2241 januarii,
1011 2143 1130 2241 vigilia
1139 2143 1344 2243 epiphanie,
1358 2143 1504 2218 luerunt
1512 2164 1645 2240 vespere

326 2271 472 2371 papales
491 2269 527 2342 in
548 2267 645 2343 dicta
664 2269 815 2364 capella,
840 2271 936 2365 Papa
954 2273 1138 2364 presente,
1160 2267 1252 2343 etin
1272 2269 1330 2342 die
1351 2269 1531 2366 sequenti,
1553 2265 1648 2340 missa

327 2397 498 2472 solemnis
522 2397 560 2469 in
580 2393 727 2470 basilica
753 2417 783 2466 s.
810 2391 905 2466 Petri
922 2415 1030 2488 quam
1053 2391 1246 2467 celebrarit
1265 2397 1389 2468 Rmus.
1412 2396 1453 2470 l).
1472 2393 1647 2468 cardinalis

327 2521 612 2619 studegavensis,
635 2525 732 2617 Papa
753 2518 863 2592 etiam
883 2525 1067 2616 presente.
1088 2521 1259 2617 Appensa
1277 2520 1344 2593 luit
1362 2539 1435 2593 una
1457 2519 1557 2594 bulla
1571 2519 1649 2594 cele-

328 2647 455 2722 braudi
472 2646 618 2744 antiqua
639 2645 684 2718 de
708 2667 802 2718 anno
823 2643 939 2742 primo
965 2648 1007 2718 D.
1027 2647 1070 2718 N.
1097 2645 1297 2720 Innocentii
1313 2651 1462 2743 propter
1482 2645 1647 2720 delectum

328 2795 419 2846 nore
435 2771 550 2861 bulle;
572 2771 616 2845 de
632 2794 704 2866 qua
719 2777 839 2843 tamen
865 2769 986 2844 fienda
1008 2769 1087 2842 heri
1110 2791 1192 2843 sero
1209 2769 1457 2844 caudatarium
1479 2769 1565 2844 dicti
1582 2791 1648 2842 car-

329 2897 455 2972 dinalis
492 2895 709 2972 celebrantis
734 2895 927 2969 aviseram.
951 2899 1165 2969 Sermonem
1190 2894 1276 2968 lecit
1294 2895 1441 2993 qnidam
1465 2897 1647 2979 Romanus,

332 3023 526 3121 discipulus
542 3020 749 3119 Pomponii;
766 3020 873 3093 nimis
891 3026 1103 3118 arroganter
1122 3021 1259 3118 absque
1277 3022 1440 3095 omnium
1454 3022 1575 3096 lauda.

378 3149 481 3223 Faria
495 3147 631 3246 quinta,
651 3147 822 3220 lmensis
837 3145 1022 3238 februarii,
1047 3147 1139 3220 sesto
1154 3146 1414 3245 purificationis
1429 3148 1538 3223 beate
1553 3146 1648 3222 Maria

332 3275 491 3372 virginis,
508 3277 571 3348 SS.
582 3277 625 3347 l).
638 3277 696 3362 N.,
711 3277 857 3370 paratus
871 3293 971 3345 more
986 3271 1106 3363 solito,
1123 3272 1220 3346 venit
1236 3272 1282 3346 ad
1295 3273 1471 3370 capellam
1488 3275 1648 3371 majorem
1713 3299 1714 3356 3

331 3399 391 3473 rabi
408 3401 503 3472 lacta
520 3407 574 3474 est
598 3398 702 3472 sibia
723 3395 964 3470 cardinalibus
985 3395 1022 3468 in
1049 3397 1173 3494 cappis
1198 3398 1422 3489 reverentia;
1450 3398 1563 3472 ultimi
1590 3398 1648 3468 duo

332 3522 475 3598 diaconi
489 3523 703 3596 assisterunt
724 3525 819 3619 Papo
842 3522 927 3595 dnm
952 3521 1023 3594 duo
1046 3521 1152 3619 primi
1177 3523 1386 3597 assistentes
1402 3523 1546 3597 diaconi
1561 3544 1648 3620 para·

284 3726 285 3730 ,
336 3657 459 3722 menta
473 3648 697 3745 acciperent3
715 3648 846 3744 quibus
868 3647 1014 3745 paratis,
1042 3647 1224 3723 redieruut
1241 3649 1285 3722 ad
1301 3649 1545 3724 assistentiam
1558 3645 1648 3722 etalii

336 3773 408 3848 duo
419 3772 465 3846 ad
479 3771 560 3846 loca
575 3797 651 3846 sua.
666 3775 757 3845 Tum
771 3776 867 3868 Papa
879 3773 1061 3847 benedixit
1074 3773 1242 3848 candelas
1258 3774 1303 3848 ad
1319 3775 1502 3849 sinistram
1519 3798 1612 3850 suam
1622 3773 1648 3843 in

339 3897 469 3994 angulo
489 3896 549 3970 ubi
565 3897 692 3993 prelati
710 3896 920 3970 assistentes
939 3898 1065 3972 sedere
1086 3899 1203 3973 solent
1218 3899 1372 3997 positas,
1390 3899 1537 3976 interim
1553 3897 1649 3976 cardi-

338 4020 439 4098 nales
451 4041 578 4094 omnes
589 4025 873 4118 suaparamenta
888 4029 1104 4118 receperunt
1117 4021 1154 4094 in
1164 4023 1254 4098 locis
1270 4025 1357 4098 suis.
1369 4023 1485 4098 Finita
1499 4021 1648 4099 benedic·

337 4145 449 4236 tione,
466 4144 783 4220 vicecancellarius
806 4143 904 4218 dedit
925 4147 1093 4221 candelas
1115 4151 1223 4245 Pape,
1248 4157 1323 4222 turn
1344 4151 1442 4248 Papa
1455 4149 1523 4224 sibi
1539 4144 1646 4224 etaliis

335 4291 436 4344 more
450 4276 639 4344 consueto.
657 4273 743 4343 Post
757 4268 958 4343 cardinales
978 4271 1132 4346 accessit
1154 4273 1353 4370 imperator
1376 4275 1648 4368 constantinopo

333 4394 465 4469 lilanus
482 4396 540 4469 cui
559 4399 656 4490 Papa
675 4395 759 4468 dare
779 4393 888 4467 voluit
910 4419 1017 4468 unam
1037 4395 1226 4470 candelam
1249 4396 1293 4472 de
1316 4421 1401 4473 cera
1425 4401 1538 4475 mbea
1556 4417 1645 4496 quam

337 4519 588 4594 assistentibus
603 4519 689 4593 dare
710 4517 819 4606 solet,
841 4519 906 4592 sed
920 4519 979 4592 ille
997 4519 1120 4594 dicens
1135 4521 1254 4594 albam
1270 4521 1337 4595 sibi
1354 4523 1533 4599 deberint
1551 4519 1645 4598 cardi-

336 4643 422 4732 nali,
450 4643 576 4718 habuit
599 4645 719 4718 albam
750 4642 981 4716 ordinariam.
1018 4645 1184 4718 ordinavi
1215 4646 1312 4743 quod
1345 4649 1546 4724 cardinales
1569 4667 1644 4746 genu

336 4766 505 4863 primum,
532 4767 661 4843 deinde
681 4789 828 4840 manum
852 4767 887 4838 iu
912 4768 1118 4864 receptione
1142 4771 1373 4845 candelarum
1393 4774 1643 4850 oscularentur:

341 4891 376 4962 id
392 4892 561 4966 cardinali
579 4917 609 4966 s.
626 4891 736 4965 Marci
753 4891 984 4988 conplacuit,
1001 4917 1167 4970 asserens
1183 4919 1330 4970 manum
1343 4905 1516 4996 tanquam
1527 4895 1644 4996 dignius

339 5017 542 5090 membrum
557 5023 593 5091 et
604 5017 721 5114 primo
734 5015 858 5088 deberi
872 5018 1038 5092 osculari.

391 5141 588 5218 Cardinalis
614 5168 643 5218 s.
679 5140 873 5214 Clementis
899 5143 1146 5220 celebraturus
1176 5171 1284 5221 uuam
1314 5157 1453 5233 tantum
1482 5149 1643 5230 candelam
