3600 6094
243 439 280 497 38
700 434 876 494 JOHANNIS
901 431 1124 505 BURCHARDI,
1417 437 1581 508 [suncini]

246 598 383 683 sentes,
400 613 506 688 quos,
524 612 590 688 pro
606 593 770 688 tempore
787 593 823 664 et
842 587 901 683 qui
921 609 987 684 pro
1008 590 1172 684 tempore
1191 587 1337 678 fuerint,
1355 613 1582 688 quacumque

247 718 292 794 de
306 740 415 792 causa
430 739 451 790 a
466 739 616 790 romana
631 713 732 788 curia
746 737 785 789 se
805 715 995 788 absentare
1016 713 1220 810 contigerit,
1246 715 1293 788 ad
1307 715 1481 792 eeclesias
1502 742 1582 792 suas

244 844 301 918 vel
326 864 550 940 quecumque
577 841 658 914 loca
683 839 792 914 etiam
816 844 957 914 remota
981 844 1018 912 et
1044 844 1146 913 extra
1168 839 1306 914 ltaliam
1331 864 1414 915 eum
1437 841 1582 918 licentia
1668 913 1672 929 ,

246 992 330 1042 mea
344 968 401 1043 vel
416 968 539 1056 verbo,
558 965 614 1040 vel
630 965 771 1063 scriptis
792 964 853 1064 (1),
871 965 1050 1062 gaudeant
1069 964 1236 1040 omnibus
1256 973 1293 1056 et
1312 965 1460 1064 singulis
1475 968 1581 1066 privi-

244 1093 348 1190 legiis
377 1091 560 1166 consuetis
589 1113 631 1164 ao
666 1091 696 1164 si
729 1097 918 1188 presentes
955 1090 1151 1166 existerent
1183 1091 1221 1165 in
1254 1093 1421 1166 omuibus
1451 1099 1488 1168 et
1516 1119 1583 1192 per

248 1217 369 1291 omnia
382 1217 590 1314 plenissime
606 1219 743 1314 absque
760 1214 830 1290 alia
843 1215 1140 1314 interpretatione
1155 1217 1211 1292 vel
1227 1217 1537 1315 tergiversatione.

296 1345 404 1434 ltem,
438 1365 566 1416 omnes
597 1349 633 1418 et
662 1341 819 1439 singulas
849 1341 1076 1432 absolvendi,
1107 1341 1341 1440 dispensandi
1371 1349 1407 1418 et
1433 1345 1503 1419 alia
1529 1346 1581 1418 f·

247 1467 366 1541 ciendi
385 1468 592 1557 facultates,
614 1466 818 1566 privilegia,
842 1467 1098 1542 concessiones
1123 1473 1160 1542 et
1179 1467 1317 1543 indulta
1338 1493 1408 1565 que
1428 1494 1451 1544 a
1469 1470 1581 1544 felicis

248 1593 508 1668 recordationis
527 1593 627 1670 Sixto
648 1617 742 1691 papa
761 1597 902 1688 quarto,
926 1599 963 1666 et
986 1616 1214 1689 quocumque
1234 1594 1304 1668 alio
1323 1596 1581 1692 predecessore

248 1742 330 1793 meo
353 1718 391 1791 in
415 1720 575 1794 favorem
596 1718 835 1793 cardinalium
856 1719 1068 1797 eorumdem
1091 1719 1129 1792 in
1153 1742 1289 1816 genere
1306 1720 1367 1794 vel
1387 1719 1425 1794 in
1445 1721 1579 1818 specie,

247 1845 519 1940 quomodolibet
546 1845 724 1919 hactenus
752 1851 965 1923 emanarunt
988 1843 1032 1944 (2)
1053 1845 1262 1942 approbabo
1283 1850 1320 1920 et
1342 1846 1579 1940 confirmabo,

247 1973 489 2047 manutenebo
515 1976 551 2046 et
575 1970 774 2045 observabo
804 1971 1109 2066 quemadmodum
1139 1973 1300 2068 approbo
1324 1977 1361 2045 et
1389 1971 1580 2064 confirmo,

246 2104 467 2174 manuteneo
487 2102 523 2171 et
546 2097 717 2187 observo;
745 2101 794 2186 et,
819 2095 849 2168 si
873 2095 909 2170 id
931 2095 1121 2187 volueriut,
1141 2096 1185 2171 de
1207 2120 1299 2170 novo
1324 2098 1525 2173 concedam
1546 2098 1583 2171 iu

247 2222 469 2322 amplissima
488 2224 606 2296 forma
624 2221 687 2312 ita,
706 2226 746 2294 ut
768 2221 917 2319 plenum
937 2222 1093 2298 debeant
1117 2227 1153 2297 et
1173 2222 1313 2320 possint
1328 2224 1454 2298 sortiri
1472 2224 1582 2300 ellec-

247 2356 337 2424 tum.

294 2479 399 2565 Item,
422 2497 505 2547 cum
525 2473 562 2546 in
582 2473 721 2570 prefata
744 2472 844 2546 curia
865 2497 931 2570 pro
951 2475 1210 2550 confluentium
1230 2476 1275 2550 ad
1300 2477 1397 2550 ibam
1417 2476 1581 2550 celeriori

249 2599 476 2698 expeditione
492 2600 626 2672 dudum
648 2599 780 2673 fuerint
799 2599 950 2694 proinde
970 2600 1364 2700 institutaJcaucellarie
1385 2601 1581 2699 apostolice

248 2733 284 2800 et
305 2725 557 2824 penitentiarie
587 2748 629 2800 ae
654 2724 911 2808 camerariatus
932 2725 1065 2817 officia,
1092 2727 1234 2824 sintque
1258 2727 1498 2802 cardinalibus
1523 2727 1583 2800 illa

247 2879 314 2952 pro
343 2861 506 2952 tempore
532 2853 779 2948 obtinentibus
803 2849 848 2924 de
872 2849 1019 2946 antiquo
1045 2849 1126 2924 stilo
1149 2857 1185 2924 et
1208 2851 1406 2924 inveterate
1428 2871 1582 2924 consue-

248 2980 371 3054 tudine
400 2979 539 3076 prefate
572 2978 686 3070 curie,
718 3003 783 3052 seu
812 2999 984 3073 expressa
1012 2975 1251 3049 concessione
1279 2975 1582 3072 predecessorum

247 3129 411 3180 meorum
441 3109 539 3178 certe
573 3125 747 3176 concesse
782 3100 971 3174 facultates
1004 3097 1060 3172 vel
1094 3098 1330 3172 authoritates
1365 3104 1401 3172 et
1428 3097 1582 3193 quedam

247 3231 417 3305 attributa
430 3230 688 3319 emolumenta,
707 3235 743 3302 et
761 3253 805 3302 ex
819 3227 980 3324 ipsorum
997 3222 1200 3300 officiorum
1215 3224 1429 3298 alteratione
1444 3224 1583 3322 possint

248 3359 347 3433 curie
362 3359 500 3454 prefate
512 3357 609 3432 varia
629 3354 859 3431 incommoda
877 3350 1081 3449 provenire,
1104 3355 1260 3424 statuam
1280 3359 1316 3424 et
1336 3349 1523 3439 ordinabo,
1546 3355 1582 3423 et

246 3505 313 3580 pro
337 3504 433 3553 nuuc
455 3483 572 3552 statuo
593 3485 631 3553 et
655 3479 782 3552 ordino
807 3503 849 3552 ac
873 3477 967 3564 volo,
995 3477 1091 3572 quod
1115 3475 1339 3550 venerabiles
1363 3475 1492 3550 fratres
1511 3475 1581 3550 mei

248 3605 446 3680 Rodericus
466 3603 658 3701 episcopus
681 3603 891 3678 Portuensis
915 3629 944 3676 s.
968 3627 998 3674 r.
1019 3605 1059 3676 Ε.
1080 3600 1396 3678 vicecancellarius
1417 3607 1453 3674 et
1472 3601 1583 3674 lulia-

247 3756 315 3805 nus
331 3730 525 3828 episcopus
541 3723 736 3818 Ostiensis,
754 3730 814 3826 qui
834 3729 1085 3828 penitentiarie
1106 3729 1243 3826 prefate
1264 3749 1389 3802 euram
1409 3727 1520 3826 gerit,
1537 3749 1579 3802 ae

248 3857 402 3930 dilectus
421 3854 514 3927 filius
530 3854 690 3951 Rapbael
711 3855 826 3930 sancti
847 3857 992 3953 Georgii
1012 3856 1057 3930 ad
1077 3855 1208 3932 Velum
1228 3857 1387 3928 Aureum
1408 3853 1579 3929 diaconus

249 3981 439 4056 cardinalis
464 3979 684 4054 camerarius
712 3987 850 4072 noster,
882 3990 918 4056 et
948 3983 1007 4079 qui
1038 4005 1104 4079 pro
1135 3985 1297 4078 tempore
1320 3987 1440 4071 erunt,
1466 3980 1583 4077 major

248 4104 535 4205 penitentiarius,
551 4103 867 4180 vicecancellarius
887 4114 924 4182 et
945 4105 1179 4196 camerarius,
1199 4104 1297 4179 dicta
1314 4108 1440 4180 e'orum
1460 4103 1582 4178 oflicia

246 4231 348 4328 juxta
367 4228 530 4324 antiquas
556 4234 592 4301 et
617 4227 740 4300 solitas
766 4228 818 4302 eis
845 4231 997 4305 concedi
1022 4231 1210 4306 facultates
1236 4253 1500 4327 concessasque
1528 4229 1581 4304 eis

249 4362 285 4430 et
309 4353 501 4452 cujuslibet
528 4375 654 4427 eorum
684 4375 705 4426 a
730 4353 789 4428 fel.
820 4379 895 4432 rec.
922 4357 1057 4433 Calixto
1081 4357 1186 4433 tertio
1211 4361 1262 4455 et3
1276 4357 1339 4430 Pio
1364 4357 1525 4432 secundo
1545 4360 1582 4431 et

248 4485 358 4559 Paulo
382 4485 490 4560 etiam
513 4487 686 4580 secundo,
712 4509 874 4562 necnon
898 4485 997 4560 Sixto
1022 4489 1150 4581 quarto
1170 4483 1329 4556 romanis
1349 4482 1581 4580 pontificibus

247 4611 564 4707 predecessoribus
584 4614 691 4706 meis,
712 4613 750 4686 in
768 4613 954 4687 literarum
973 4612 1252 4710 apostolicarum
1273 4617 1309 4685 et
1327 4607 1579 4710 penitentiarie

248 4735 458 4833 scriptores,
472 4738 752 4830 abbreviatores,
774 4739 1038 4828 sollicitatores,
1061 4737 1221 4834 aliosque
1242 4735 1415 4810 officiales
1436 4732 1581 4808 caucel-

245 4859 354 4953 larie,
380 4861 631 4958 penitentiarie
662 4872 698 4939 et
724 4889 868 4940 camere
893 4864 1104 4938 eorumdem
1133 4862 1323 4959 officiaque
1352 4860 1578 4949 eorumdem,

283 5046 311 5102 1.
331 5045 362 5102 lu
377 5044 496 5121 seriptis.
511 5077 548 5090 -
561 5048 653 5107 Riual.

283 5135 311 5189 2.
380 5140 407 5192 et
421 5135 604 5194 confirmabo.
624 5160 638 5190 a
654 5169 689 5182 -
701 5138 794 5196 Rinat.
