3424 6038
316 439 368 496 258
773 433 948 506 ᾸΟΗΑΝΝΙβ
974 433 1196 502 BURCHAHDI,
1503 428 1632 494 [Meiliffit

319 589 427 664 domo
439 587 612 685 hospitati
632 610 705 661 non
725 587 883 680 inerunt,
900 589 945 662 ad
962 613 1028 664 sua
1046 589 1203 687 hospitia
1221 587 1387 662 solioum
1407 586 1485 660 suis
1505 585 1636 658 famulis

320 713 540 811 equitarunt.

369 839 566 938 Episcopus
580 837 860 930 lieriordiensis,
879 841 940 937 qui
957 841 1146 938 religiosus
1162 848 1217 916 est
1238 839 1374 915 ordinis
1392 863 1423 911 s.
1449 835 1635 919 Benedicti,

320 964 488 1061 equitavit
509 964 547 1036 in
569 964 740 1038 mantello
768 965 813 1039 de
837 965 1082 1042 ciambellotto
1103 967 1207 1064 nigro
1221 967 1331 1063 longo
1347 964 1425 1040 sine
1446 962 1592 1059 capucio
1610 969 1637 1034 ct
1696 1045 1697 1060 χ

318 1089 529 1188 capuccino,
547 1089 632 1186 quia
655 1089 792 1163 nullum
814 1091 1005 1188 capucium
1023 1092 1201 1184 habebat;
1225 1115 1332 1189 quem
1353 1091 1493 1186 ipsum,
1511 1109 1590 1160 cum
1603 1087 1638 1159 dc

318 1237 410 1290 novo
425 1215 576 1304 veniret,
588 1221 733 1312 portare
745 1239 817 1290 uon
828 1217 988 1314 permisi.
1003 1217 1135 1292 Habuit
1147 1227 1269 1292 autem
1285 1215 1494 1314 cappellum
1511 1211 1638 1308 nigrum

317 1342 353 1415 in
369 1343 500 1440 sopite,
519 1348 558 1416 ut
573 1341 682 1414 moris
698 1351 766 1416 est.
787 1343 955 1441 Episcopi
972 1343 1226 1418 Dunelmensis
1243 1348 1278 1418 et
1294 1337 1554 1424 Lismorensis,
1570 1336 1640 1432 quia

312 1469 389 1566 jam
405 1466 542 1564 antiqui
565 1466 601 1538 in
625 1468 720 1540 Urbe
746 1467 902 1560 suerunt,
930 1469 1136 1566 equitarunt
1159 1469 1197 1542 in
1222 1468 1294 1542 suis
1319 1464 1507 1542 mantellis
1534 1461 1639 1556 longis

316 1601 352 1667 et
368 1592 525 1689 capuciis
551 1591 762 1666 transversis
778 1597 814 1666 et
832 1593 979 1691 capellis
997 1618 1099 1670 more
1121 1594 1239 1670 solito.
1258 1593 1358 1692 prior
1377 1584 1640 1666 cantuariensis

313 1715 351 1788 in
372 1716 544 1791 mantello
576 1715 679 1813 nigro
708 1739 792 1791 cum
823 1720 974 1817 capucio
1003 1743 1116 1818 parvo
1138 1725 1174 1792 et
1203 1716 1367 1815 cappello
1395 1714 1519 1811 nigro.
1554 1710 1639 1784 Alios

316 1867 444 1917 omnes
459 1843 495 1915 in
512 1843 585 1916 suis
601 1843 801 1934 ordinibus,
819 1845 955 1943 primos
968 1845 1059 1920 duos
1074 1845 1169 1919 inter
1183 1849 1338 1941 quatuor
1352 1838 1516 1937 prelatos
1532 1835 1641 1933 palatii
1697 1827 1698 1894 ἶ

317 1968 510 2044 edexteris
528 1975 565 2044 et
584 1976 748 2044 oratores
769 1971 939 2068 Hispania
965 1977 1001 2045 et
1026 1975 1227 2044 tanuenses
1250 1992 1272 2042 a
1293 1965 1463 2054 sinistris,
1491 1959 1640 2059 singulos

315 2091 404 2167 alios
419 2091 513 2166 inter
527 2092 789 2191 duosprolatos
815 2096 951 2192 palatii,
970 2096 1054 2193 quia
1077 2095 1197 2169 nullus
1225 2116 1270 2168 ex
1293 2090 1371 2165 aliis
1394 2087 1557 2185 antiquis
1572 2109 1642 2160 ora-

316 2217 453 2291 toribus
468 2216 506 2291 in
533 2217 701 2293 comitiva
712 2219 790 2310 suit,
812 2221 975 2318 equitare
991 2220 1086 2312 ieci3
1109 2219 1231 2295 omnio
1251 2217 1321 2292 alia
1335 2217 1429 2291 iacta
1445 2219 1536 2288 sunt
1549 2235 1641 2286 moro

315 2343 434 2418 solito.

363 2470 467 2545 Feria
491 2477 606 2562 sexta,
636 2477 674 2544 11
704 2472 802 2564 maii,
833 2471 924 2546 bora
951 2497 998 2546 xx
1021 2472 1076 2547 vel
1100 2471 1208 2564 circa,
1229 2495 1295 2570 per
1318 2474 1460 2568 portam
1479 2463 1638 2544 viridarii
1698 2473 1699 2520 ἑ

314 2596 741 2670 intrarunttresoratores
752 2597 975 2672 serenissimi
987 2597 1082 2695 regis
1095 2596 1280 2672 Wladislai
1294 2593 1638 2691 Bobemieregispro

316 2721 522 2796 obedientia
537 2723 600 2796 SS.
627 2725 668 2794 D.
696 2725 738 2796 N.
761 2747 854 2821 pape
874 2723 1081 2821 prestanda.
1106 2723 1247 2797 Primus
1268 2727 1344 2798 erat
1364 2719 1582 2818 magnificus
1601 2720 1637 2788 o.

317 2847 432 2920 Putba
443 2846 489 2922 de
505 2848 758 2947 Ryzmbergb.
772 2848 809 2920 in
826 2849 1024 2936 Ssvibovio,
1039 2849 1141 2946 regni
1160 2847 1336 2923 Bohcmie
1348 2869 1543 2942 supremus
1549 2841 1640 2940 justi-

318 2969 461 3060 tiarius3
481 2971 659 3045 secundus
679 2972 893 3070 magnificus
909 2977 952 3048 D.
970 2975 1154 3049 iohannes
1168 2974 1213 3048 de
1234 2973 1420 3047 Loblrwicz
1440 2975 1485 3044 D.
1504 2969 1541 3042 in
1562 2969 1639 3040 Has·

317 3097 495 3188 senstein;
513 3097 638 3172 tertius
650 3099 914 3172 venerabilislt.
930 3100 1058 3173 Paulus
1070 3100 1275 3197 prepositus
1287 3097 1440 3173 ecclesie
1452 3090 1637 3190 Pragensis
1699 3131 1700 3184 5

318 3227 354 3296 et
368 3223 531 3320 ejusdem
544 3222 697 3298 ecclesie
716 3223 984 3298 administrator
1003 3225 1126 3300 asede
1147 3223 1346 3322 apostolica
1360 3222 1571 3320 deputatus;
1587 3214 1636 3311 qui

316 3347 452 3445 recepti
468 3355 550 3421 sunt
572 3373 592 3421 a
614 3348 757 3422 familiis
787 3353 1006 3424 RRmorum.
1035 3355 1111 3425 Di).
1140 3351 1376 3425 cardinalium
1395 3355 1430 3424 et
1453 3351 1520 3422 SS.
1538 3349 1578 3418 D.
1599 3343 1634 3412 N·

313 3495 405 3568 pape
429 3477 465 3547 et
489 3473 655 3546 associati
678 3473 725 3548 ad
741 3473 889 3549 domum
909 3500 1038 3551 novam
1059 3485 1156 3550 retro
1177 3475 1387 3564 Minervam,
1407 3473 1511 3572 juxta
1527 3465 1635 3544 ecclc·

315 3596 404 3669 siam
424 3620 454 3670 s.
472 3598 598 3689 Marci,
620 3597 681 3672 ubi
701 3598 877 3697 hospitari
898 3601 1091 3692 debebant,
1112 3625 1212 3675 more
1233 3605 1422 3674 consuete.
1447 3595 1556 3671 Primi
1574 3593 1634 3666 duo

316 3719 521 3816 equitarunt
536 3721 630 3797 inter
647 3731 801 3820 quatuor
814 3725 972 3822 prelatos
996 3726 1131 3824 palatii,
1150 3726 1277 3800 tertius
1293 3726 1388 3800 inter
1404 3747 1516 3797 unum
1530 3715 1635 3818 prela·

315 3852 394 3918 tum
409 3845 532 3943 palatii
552 3869 575 3920 a
593 3847 742 3940 dextris,
766 3856 801 3924 et
821 3856 1003 3927 oratorem
1024 3851 1119 3950 regis
1147 3850 1328 3948 Hungarie
1344 3874 1365 3923 a
1384 3847 1550 3923 sinistris.
1567 3839 1634 3917 Alie

319 3971 440 4045 omnia
455 3995 556 4046 more
573 3973 678 4047 solito
694 3981 776 4048 sunt
787 3977 988 4054 observata.

368 4097 502 4173 Eadem
516 4098 573 4174 die
584 4104 628 4174 R.
644 4099 681 4174 in
695 4101 836 4176 Christo
856 4105 895 4175 P.
914 4107 957 4177 n.
977 4108 1103 4178 Petrus
1121 4105 1166 4180 de
1189 4103 1380 4182 Vincentia
1402 4100 1501 4176 curie
1521 4117 1633 4174 causa·

319 4247 398 4297 rum
421 4248 565 4300 camere
584 4227 782 4324 apostolice
804 4229 983 4325 generalis
1010 4231 1240 4306 abbreviator
1262 4255 1328 4329 per
1357 4233 1422 4304 SS.
1452 4233 1496 4302 D.
1526 4227 1579 4314 N.,
1595 4219 1630 4292 de

319 4349 470 4424 consilio
490 4355 709 4426 RRmorum.
738 4355 813 4426 DI).
837 4353 1087 4446 cardinalium,
1111 4356 1265 4458 ecclesio
1290 4352 1526 4432 Cesenntonsi
1547 4367 1628 4424 nunc

313 4474 468 4572 pastoris
489 4475 615 4548 solatio
638 4476 807 4554 destitute
827 4481 1010 4578 prefectus
1026 4490 1082 4558 est
1103 4483 1140 4556 in
1162 4482 1373 4581 episcopum
1398 4487 1626 4578 etpostorem.

365 4600 469 4674 Feria
490 4593 661 4694 secunda,
686 4607 729 4676 14
750 4605 834 4678 maii
854 4606 890 4679 in
914 4631 1035 4698 mane,
1060 4607 1151 4680 bora
1171 4615 1358 4700 consueta,
1381 4607 1418 4680 in
1433 4605 1547 4705 prima
1560 4597 1627 4674 nula

314 4721 436 4819 palatii
459 4731 598 4800 tentum
621 4735 676 4802 est
695 4730 879 4825 publicum
902 4732 1170 4823 consistorium,
1187 4733 1223 4805 in
1240 4755 1313 4829 quo
1334 4733 1463 4808 decem
1484 4737 1625 4805 oratores

315 4849 537 4923 serenissimi
555 4852 726 4950 principis
749 4855 894 4928 Henrici
913 4857 1040 4954 Anglie
1060 4863 1096 4932 et
1117 4857 1267 4932 Francis
1290 4857 1386 4956 regis
1409 4851 1625 4955 prestiterunt

318 4971 562 5052 obedientiam
591 4979 750 5054 debitam
772 5003 813 5054 ac
843 4981 986 5058 solitam
1006 4988 1042 5058 et
1067 4991 1280 5058 consuetam
1305 4986 1369 5058 SS.
1399 4986 1441 5056 D.
1469 4983 1510 5054 N.
1535 4993 1622 5074 pape,

311 5121 421 5174 more
445 5110 634 5180 consueto.
671 5105 754 5180 Feci
789 5105 937 5180 eosdem
964 5131 1008 5182 ex
1037 5107 1117 5184 aula
1143 5108 1328 5186 secretarii
1358 5113 1623 5184 antecameram
