3436 6038
64 440 134 506 rurus
149 442 216 507 666]
381 440 508 498 nuncu
532 439 762 500 6666666666
784 438 1047 502 6666666666.
1330 448 1378 504 rer

60 620 143 696 papa
170 600 250 674 Vlll
275 598 496 674 insecundo
525 600 608 674 aula
633 599 707 674 sive
735 622 880 676 camera
906 597 1081 696 superiori
1111 621 1220 696 supra
1239 603 1380 696 portam

59 701 216 798 introitus
238 724 362 823 palatii
385 725 609 800 consecravit
633 725 670 799 in
691 724 881 825 episcopos
898 729 971 798 RR.
995 728 1065 799 ΡΡ.
1094 727 1168 798 bo.
1192 723 1380 798 Nicolaum

58 849 361 950 archiepiscopum
389 851 639 942 Cusentinum,
666 850 898 926 Laurentium
926 849 1240 948 arehiepiscopum
1266 853 1381 924 Bene-

58 978 237 1048 66616666]
249 979 286 1048 61
298 973 504 1050 lohannem
514 974 725 1072 episcopum
736 977 1004 1050 Tornaceusem
1013 975 1221 1072 hujusmodi
1232 975 1376 1052 ordine:
1484 962 1487 970 ¹

57 1098 157 1173 altare
175 1098 379 1196 predictum
401 1105 566 1199 paratum
589 1099 669 1192 1611,
695 1123 783 1175 crux
811 1100 849 1174 in
870 1099 990 1174 medie
1020 1114 1058 1174 61
1076 1123 1139 1175 sex
1162 1101 1380 1178 candelabra

57 1224 132 1298 binc
147 1223 282 1298 atinde
298 1225 414 1322 posita
429 1233 463 1300 et
478 1225 515 1300 in
531 1223 652 1300 medio
673 1225 795 1300 omnia
813 1231 1027 1324 paramenta
1045 1249 1110 1324 pro
1129 1231 1239 1324 Papa,
1269 1227 1379 1304 etiem

56 1349 207 1446 pallium,
236 1349 384 1449 dempto
409 1351 487 1427 solo
517 1351 663 1426 fanone.
693 1351 817 1426 Altare
844 1351 1054 1452 hujusmodi
1077 1352 1234 1450 positum
1255 1353 1322 1428 1611
1341 1353 1377 1428 in

56 1477 163 1575 capite
187 1476 283 1550 dicte
306 1477 387 1552 aule
411 1477 448 1551 in
472 1476 593 1552 medio
612 1477 718 1576 juxta
744 1501 889 1552 murum
910 1477 1044 1552 ibidem
1068 1483 1105 1554 et
1126 1479 1164 1552 in
1185 1479 1318 1579 angulo
1339 1479 1377 1554 in

56 1624 159 1675 cornu
185 1601 337 1700 epistole
356 1625 364 1676 :
383 1599 535 1674 sacrista
559 1599 697 1698 paravit
716 1600 939 1676 credentiam
966 1624 1082 1693 suam,
1105 1625 1187 1676 cum
1207 1601 1318 1678 calice
1341 1610 1377 1680 61

55 1728 125 1802 aliis
140 1729 248 1804 rebus
264 1750 332 1826 pro
351 1725 529 1802 sacrificio
548 1726 776 1834 necessariis.
795 1726 934 1802 Deinde
949 1727 986 1800 in
1002 1727 1132 1802 eodem
1146 1727 1260 1803 latere
1272 1729 1377 1828 juxta

56 1879 203 1948 murum,
229 1879 295 1954 per
320 1851 475 1952 spatium
497 1874 560 1926 sex
582 1858 645 1926 aut
669 1858 750 1926 octe
767 1876 945 1950 passuum
970 1875 992 1927 a
1016 1852 1203 1930 credentia
1227 1853 1375 1930 sacriste

55 1989 170 2078 parata
189 1979 345 2054 initalia
365 1977 550 2054 credentia
569 2000 634 2076 pro
651 1976 788 2054 lotione
814 2001 987 2053 manuum
1010 1983 1106 2078 Pupe
1127 1979 1164 2053 in
1184 2003 1257 2078 qua
1273 1985 1376 2055 erant

54 2107 151 2204 positi
163 2108 235 2180 duo
251 2103 414 2182 canthari
430 2101 552 2202 magui
569 2107 605 2177 et
619 2101 689 2176 duo
703 2125 767 2178 seu
782 2103 850 2177 tria
862 2103 1090 2178 baciliacum
1101 2103 1174 2179 suis
1187 2105 1374 2182 bucalibus

56 2237 84 2304 et
98 2231 315 2308 mantilibus.
333 2232 424 2304 Item
440 2233 538 2302 extra
554 2227 686 2302 dictam
701 2229 820 2303 aulam
832 2229 1001 2305 videlicet
1014 2229 1051 2302 in
1062 2229 1180 2328 prima
1194 2230 1275 2305 aula
1289 2239 1373 2307 ante

56 2357 245 2454 predictam
258 2355 425 2454 proxima
434 2354 539 2452 juxta
552 2361 695 2452 portam
711 2354 835 2452 quade
856 2354 934 2452 ipsa
945 2355 1062 2454 prima
1073 2356 1117 2430 ad
1133 2355 1229 2431 hanc
1246 2380 1374 2432 secun-

55 2483 126 2556 dam
144 2485 229 2574 itur,
251 2482 416 2556 videlicet
437 2481 475 2556 in
494 2481 614 2556 medio
633 2483 736 2582 juxta
759 2507 902 2557 murum
925 2482 1022 2558 iuter
1043 2483 1317 2559 alium-murum
1337 2493 1374 2562 et

56 2617 183 2706 portam
198 2615 364 2708 paratum
380 2608 445 2681 1611
464 2607 575 2682 611666
596 2631 662 2707 pro
682 2607 786 2684 dictis
806 2609 1062 2684 consecrandis
1085 2617 1122 2684 61
1142 2633 1255 2709 prope
1275 2609 1372 2686 idem

56 2735 153 2811 altare
181 2759 249 2834 per
268 2734 422 2834 spatium
447 2757 510 2810 sex
535 2740 596 2809 661
625 2742 707 2810 6616
741 2758 913 2834 passuum
938 2736 1124 2812 credentia
1152 2759 1236 2811 cum
1264 2735 1372 2811 rebus

56 2862 266 2959 opportunis,
284 2869 390 2960 prout
409 2862 444 2935 iu
466 2862 799 2937 consecrationibus
820 2864 938 2962 parari
958 2864 1064 2939 solet.
1090 2867 1180 2937 ltem
1200 2861 1285 2960 quia
1304 2865 1368 2937 SS.

56 2985 92 3055 b.
107 2985 146 3056 11.
162 2984 233 3059 hoc
252 3006 358 3058 mane
376 2983 632 3059 benedicturus
652 2993 689 3060 et
705 2992 983 3061 consecraturus
1004 2991 1081 3061 erat
1094 3011 1210 3085 agnus
1226 2987 1306 3079 Dei,
1327 3012 1372 3062 ex

56 3129 93 3181 eo
113 3109 205 3206 quod
229 3115 377 3208 propter
400 3109 648 3186 infirmitatem
673 3135 774 3186 suam
798 3111 915 3210 primo
940 3135 1035 3186 anno
1055 3113 1285 3210 pontificatus
1316 3111 1371 3186 sui

55 3233 122 3308 illos
138 3235 351 3311 benedicere
365 3241 400 3310 et
413 3259 627 3312 consecrare
646 3261 718 3312 non
733 3244 911 3335 potuerat,
927 3243 1051 3334 parate
1067 3238 1212 3313 luerunt
1228 3243 1369 3336 septem

55 3382 172 3460 magne
191 3387 300 3461 capse
320 3361 399 3436 albe
420 3363 522 3460 agnis
547 3362 747 3436 benedictis
771 3371 807 3438 et
829 3363 1085 3438 consecrandis
1109 3363 1229 3462 plene,
1253 3363 1370 3462 posite

52 3483 145 3578 juxta
166 3509 309 3560 murum
333 3486 369 3560 in
396 3509 509 3561 cornu
537 3487 710 3585 evangelii
739 3511 806 3584 per
834 3488 1012 3563 ordinem.
1042 3491 1131 3563 ltem
1158 3494 1283 3586 parata
1305 3488 1370 3561 luit

54 3611 193 3704 quedam
224 3635 356 3710 magna
382 3612 524 3686 concha
544 3621 718 3709 argentea
738 3635 831 3710 aqua
859 3637 951 3711 pura
973 3613 1094 3711 plena,
1120 3635 1231 3710 quam
1253 3615 1296 3685 R.
1321 3614 1364 3684 D.

55 3733 196 3812 Thomas
225 3737 418 3836 episcopus
448 3736 580 3811 Exinus
609 3737 752 3836 pluviali
782 3745 819 3813 et
847 3738 939 3812 stola
966 3713 1077 3836 super
1103 3737 1294 3832 rochetum
1327 3759 1369 3812 ac

55 3861 148 3936 mitra
161 3861 313 3961 simplici
328 3869 486 3961 paratus,
504 3868 699 3960 autequam
715 3867 812 3962 Papa
830 3863 875 3938 ad
895 3863 1029 3938 dictam
1049 3863 1168 3938 aulam
1188 3862 1367 3954 introiret,

56 3983 224 4062 benedixit
246 3988 456 4088 simpliciter
480 4013 563 4065 cum
584 3989 671 4082 sale,
696 3997 803 4088 prout
827 3989 865 4065 in
892 3989 1179 4088 parrochialibus
1205 3987 1368 4064 ecelesiis

55 4109 229 4190 dominicis
253 4114 379 4190 diebus
408 4113 487 4198 fieri
518 4115 625 4190 solet.
657 4119 747 4190 ltem
780 4114 930 4190 sacriste
961 4115 1097 4213 paravit
1120 4117 1229 4192 etiam
1258 4138 1368 4190 uuam

56 4239 237 4336 ampullam
252 4240 367 4315 sancti
382 4239 586 4314 chrismatis
606 4247 641 4315 61
661 4239 769 4314 aliam
780 4239 979 4339 ampullam
997 4239 1166 4333 balsami;
1181 4265 1242 4314 vas
1260 4263 1365 4337 aque,

56 4367 86 4434 ut
105 4366 291 4464 prefertur,
318 4365 509 4461 benedicte
535 4365 692 4463 positum
716 4365 783 4440 suit
809 4364 856 4440 ad
883 4372 1023 4463 partem
1052 4390 1161 4465 super
1183 4389 1292 4440 uuam
1323 4389 1368 4439 ex

55 4487 144 4565 dietis
158 4493 275 4592 capsis
287 4515 464 4591 agnorum
479 4491 809 4567 benedicendorum
821 4515 935 4590 usque
952 4497 1033 4591 post
1047 4489 1196 4565 missam
1211 4489 1365 4564 finitam.

58 4613 178 4692 Deinde
202 4617 297 4692 veuit
321 4617 366 4692 ad
386 4617 509 4692 locum
532 4617 735 4716 predictum
755 4619 819 4692 SS.
838 4621 881 4692 [t.
901 4621 944 4692 N.
963 4622 999 4692 et
1023 4637 1148 4690 secum
1171 4620 1295 4690 Rmus.
1319 4619 1363 4690 D.

56 4744 231 4820 cardinalis
245 4742 513 4842 andegavensis
526 4767 568 4820 ae
583 4751 666 4844 post
680 4766 763 4818 eum
780 4747 904 4817 Rmus.
923 4745 967 4816 D.
985 4739 1177 4816 cardinalis
1194 4765 1223 4814 s.
1239 4741 1363 4832 Marci,

54 4866 140 4961 juxte
157 4870 267 4944 altare
293 4871 329 4944 in
352 4895 467 4946 cornu
491 4869 664 4969 epistole;
689 4876 856 4967 paratum
881 4867 948 4942 fuit
969 4865 1206 4940 faldistorium
1232 4867 1269 4940 16
1294 4891 1366 4965 que

56 4993 168 5070 sedens
200 4999 264 5072 SS.
290 5001 334 5072 D.
366 5001 409 5072 N.
436 4997 473 5071 in
495 4996 658 5087 rocheto,
686 4993 827 5092 accepit
858 4993 1032 5084 sandalia,
1056 4990 1179 5066 dicens
1208 5017 1216 5066 :
1250 4992 1367 5080 Quom

55 5115 174 5215 dilectu,
198 5135 280 5216 etc,
307 5145 409 5199 more
437 5128 626 5200 consueto.
655 5120 803 5196 Librum
830 5119 945 5196 tenuit
970 5117 1154 5218 predictus
1177 5118 1367 5217 episcopus
