3436 6038
334 457 386 513 tva
785 453 961 512 JOHANNIS
986 453 1209 526 BUliCllARDl,
1427 458 1577 523 [Decembre
1589 463 1645 528 rtnv

333 610 396 684 SS.
415 611 458 682 b.
476 611 520 682 N.
537 610 681 684 indutus
697 609 846 698 amictu,
869 607 962 698 alba,
985 608 1144 706 cingulo,
1167 609 1260 684 stola
1281 615 1317 684 et
1336 633 1451 709 cappa
1464 611 1510 686 de
1524 635 1647 690 creme·

334 738 414 812 sino
430 740 549 815 voluto
564 737 776 814 hermelinis
794 740 992 834 portatum
1012 734 1157 809 suffulta
1177 735 1255 809 sine
1273 737 1416 834 pangis,
1434 739 1476 810 b.
1497 741 1648 838 episcopo

335 863 511 940 blaviensi
526 865 730 953 assistente,
749 860 910 935 fimbrias
923 867 1104 958 portante.
1122 861 1228 938 Venit
1247 863 1293 937 ad
1303 866 1480 963 capellam
1493 867 1647 963 majorem

332 988 452 1086 palatii
477 989 686 1088 supradicti,
708 989 767 1062 ubi
786 986 963 1062 matutine
984 992 1125 1063 canate
1146 996 1229 1062 sunt
1247 1013 1349 1066 more
1367 992 1488 1066 solito.
1511 993 1647 1068 Primam

330 1115 526 1190 lectionem
547 1113 700 1204 cantavi,
724 1135 792 1210 ego
813 1110 1000 1186 lohannes
1019 1111 1249 1188 Burchardus
1268 1115 1420 1190 clericus
1441 1119 1648 1192 ceremonia-

331 1264 430 1332 rum;
457 1241 667 1320 secundam.
692 1243 735 1312 D.
762 1237 947 1314 lohannes
967 1239 1179 1312 Franciscus
1201 1240 1436 1316 ltlarescallus
1457 1241 1645 1341 acolythus

336 1365 478 1440 tertiam
508 1369 551 1438 D.
581 1363 795 1438 Franciscus
819 1362 966 1438 brevius
995 1362 1153 1452 auditor;
1192 1373 1371 1460 quartam,
1414 1366 1646 1444 cardinalias.

336 1489 549 1581 Clementis3
573 1488 734 1586 quintam
753 1512 819 1586 pro
839 1491 883 1562 D.
905 1490 1062 1586 Gaspare
1080 1489 1218 1566 Blondo
1234 1489 1368 1566 clerico
1386 1514 1534 1567 camere
1553 1493 1648 1590 quise

331 1623 476 1691 cantum
498 1613 590 1689 scira
608 1614 750 1711 negavit
769 1613 922 1688 cantavit
942 1618 985 1688 n.
1008 1617 1113 1711 Hugo
1127 1617 1278 1691 Beuzius
1299 1617 1545 1708 subdiaconus
1565 1641 1649 1714 apos

330 1738 477 1829 tolicus;
509 1737 713 1836 septimam,
745 1737 937 1812 cardinalis
969 1738 1015 1813 de
1049 1739 1202 1816 Sabellis
1232 1767 1254 1816 a
1282 1743 1435 1818 sinistris
1462 1743 1645 1831 assisteus;

329 1869 507 1954 octavam,
535 1862 727 1937 cardinalis
754 1863 925 1938 Senensis
954 1888 977 1938 a
1004 1865 1139 1940 dextris
1170 1871 1266 1966 Papo
1293 1869 1485 1958 assistens3
1517 1893 1648 1957 nouam,

329 1991 440 2085 Papa.
460 1991 608 2085 lncepta
622 2011 679 2080 ea,
697 1988 887 2064 cardinalis
902 1992 1161 2066 Recanatensis
1174 1992 1327 2088 primam
1339 1993 1494 2070 mhsam
1508 1995 1650 2070 dicturus

328 2114 388 2188 ivit
403 2114 448 2188 od
469 2113 595 2205 altare,
619 2113 680 2188 ubi
700 2114 737 2187 in
754 2113 952 2190 faldistorio
977 2117 1117 2214 accepit
1133 2117 1296 2192 sandalia
1315 2125 1352 2193 et
1369 2127 1584 2216 paramenta
1598 2143 1649 2217 pro

329 2241 439 2315 missa
453 2264 556 2316 more
576 2241 695 2316 solito.
714 2241 830 2314 Finita
844 2240 970 2316 ultima
983 2239 1153 2332 lectione,
1178 2246 1286 2340 Papa,
1307 2243 1454 2318 nemine
1469 2244 1650 2341 sibiprciu·

330 2373 492 2456 tonants,
524 2365 684 2463 incepit:
706 2365 754 2438 Te
781 2365 899 2439 Deum
925 2365 1127 2440 laudamur.
1162 2371 1240 2455 Quo
1274 2367 1391 2460 finito,
1429 2378 1649 2444 accesserunt
1713 2383 1714 2460 j

329 2491 375 2563 ad
399 2513 484 2563 eum
509 2489 580 2564 duo
602 2489 744 2564 diaconi
769 2489 969 2565 cardinales
994 2491 1204 2568 assistentes
1232 2501 1269 2568 et
1296 2492 1367 2568 duo
1396 2494 1560 2593 acolythi
1582 2517 1649 2568 cun
1713 2531 1714 2536 =

225 2701 228 2707 ¹
331 2613 571 2705 candelabris,
587 2621 621 2689 et
638 2619 735 2712 Papa
753 2616 838 2692 dixit
860 2617 1075 2692 orationem.
1101 2619 1213 2693 tidem
1234 2618 1392 2716 acolythi
1407 2619 1521 2694 etiam
1534 2619 1650 2694 cande·

328 2739 430 2814 labra
444 2747 528 2814 anta
544 2744 678 2838 Papam
689 2749 895 2832 tenuerunt,
911 2765 993 2816 cum
1012 2741 1206 2818 lectionem
1225 2765 1361 2818 nonam
1379 2744 1533 2820 diceret.
1553 2743 1649 2818 Finita
1711 2841 1712 2848 ἵ

330 2865 507 2954 oratione,
537 2870 647 2962 Papa,
672 2866 837 2964 deposita
865 2891 992 2964 cappa,
1013 2867 1155 2966 accepit
1171 2867 1323 2966 pluviale
1345 2876 1381 2944 ct
1402 2870 1564 2958 mitram,
1586 2868 1650 2940 dos·
1709 2967 1712 2977 Ι

329 2989 452 3064 cendit
475 2990 521 3064 ad
545 2992 812 3068 consessionem
836 3015 943 3088 quam
964 2993 1049 3066 lecit
1075 3015 1158 3068 cum
1176 2993 1383 3070 celebrante
1407 3017 1514 3070 mora
1541 2993 1646 3077 solito,

329 3111 491 3186 ascendit
510 3112 640 3186 deinde
660 3113 706 3186 ad
725 3113 975 3205 faldistorium,
996 3115 1167 3213 inspersit
1185 3117 1375 3192 incensum
1395 3143 1461 3216 pro
1480 3119 1603 3206 missa,
1619 3122 1646 3188 et

328 3259 401 3310 non
417 3244 471 3312 est
487 3238 553 3310 sibi
568 3238 664 3314 lacta
675 3262 696 3314 a
708 3237 948 3314 cardinalibus
963 3242 1176 3316 reverentia.
1191 3242 1541 3341 Officiohujusmodi
1555 3243 1648 3316 iuter

331 3361 474 3435 luerunt
496 3368 634 3460 septem
661 3364 875 3456 cardinales
900 3365 1064 3440 videlicet
1080 3392 1088 3440 :
1107 3368 1149 3440 s.'
1170 3370 1265 3442 Petri
1290 3371 1337 3444 ad
1353 3370 1521 3464 Vincula,
1543 3369 1649 3444 Ande·

329 3487 507 3582 gavensiS,
533 3487 831 3580 Recbauatensis,
861 3514 890 3564 s.
916 3491 1123 3583 Clementis,
1151 3496 1335 3587 Senensis,
1360 3496 1405 3570 de
1432 3496 1597 3586 Sabellis,
1613 3495 1648 3567 de

330 3610 505 3685 Columna
531 3621 567 3685 et
588 3613 777 3688 Ascanius.
802 3615 918 3688 Finita
938 3616 1054 3713 prima
1078 3618 1201 3713 missa,
1231 3625 1329 3719 Papa
1352 3645 1521 3696 reversus
1544 3619 1648 3696 estad

330 3758 512 3809 cumeram
531 3759 647 3828 suam,
669 3739 767 3834 quod
786 3739 853 3814 luit
870 3739 965 3814 circe
987 3741 1115 3816 horam
1142 3744 1323 3818 decimam
1345 3745 1509 3836 tertiam;
1536 3765 1649 3818 secun-

330 3857 413 3932 dam
436 3859 585 3934 missam
606 3883 676 3958 que
700 3862 796 3950 circa
816 3864 945 3938 horam
966 3865 1145 3942 decimam
1167 3877 1333 3966 quartam
1354 3869 1457 3944 linita
1477 3879 1547 3962 est,
1568 3869 1648 3942 cele·

328 3981 443 4058 brevit
459 3983 569 4060 abbas
585 4011 614 4058 s.
631 3987 830 4064 Sebastiani
847 3989 892 4063 de
903 3991 1009 4083 Urbe,
1028 3993 1166 4090 capelle
1184 4001 1307 4070 nostre
1322 3974 1487 4071 sacrista.

683 4273 784 4343 nuso
808 4274 940 4344 noun
967 4231 1328 4352 Maecenatianus

377 4493 567 4566 [lominica
603 4499 648 4568 25
683 4494 899 4588 decembris,
936 4498 1092 4574 intrante
1124 4523 1219 4574 anno
1255 4525 1276 4574 a
1310 4503 1494 4578 nativitate
1525 4496 1646 4578 Domini

332 4621 668 4709 MCCCCLXXXVl,
691 4619 783 4694 testo
803 4622 998 4695 nativitatis
1020 4626 1059 4698 b.
1083 4627 1124 4696 N.
1144 4627 1229 4699 Jesu
1250 4625 1396 4716 Christi,
1419 4627 1646 4702 sanctissimus

333 4744 500 4817 dominus
524 4751 650 4817 noster
674 4754 819 4840 paratus
844 4769 945 4820 more
969 4748 1088 4838 solito,
1113 4748 1179 4822 sub
1201 4749 1431 4844 baldachino,
1456 4752 1597 4851 prelatis
1617 4754 1644 4820 et

330 4865 573 4941 cardinalibus
588 4870 722 4965 paratis
732 4870 1022 4967 precedentibus,
1039 4874 1134 4948 venit
1149 4873 1196 4948 ad
1210 4874 1394 4950 basilicam
1410 4901 1440 4952 s.
1458 4879 1552 4952 Petri
1567 4879 1644 4950 iuter

328 4991 457 5064 horam
475 5015 526 5064 xv
541 4997 576 5067 et
594 5017 673 5084 xvv,
697 4995 757 5068 ubi
782 4997 973 5072 celebravit
997 4999 1145 5074 missam
1169 5001 1371 5079 solemnem
1395 5027 1498 5080 more
1524 5003 1639 5079 solito:

329 5139 400 5212 que
416 5115 517 5190 linita
528 5117 592 5190 luit
607 5118 705 5194 circa
718 5121 846 5196 horam
860 5147 935 5196 xxv.
955 5123 1111 5198 Primam
1130 5150 1261 5223 aquam
1283 5129 1382 5204 dedit
1397 5137 1522 5206 orator
1534 5133 1639 5206 Vene-
