3424 6038
291 457 345 512 278
760 447 936 506 lOllANNlS
961 446 1184 514 BURGHARffl,
1388 452 1596 526 [escensana]

292 610 340 682 vit
359 611 402 681 D.
434 605 591 680 Thomas
616 603 793 677 diaconus
822 604 974 699 capelle.
1009 603 1240 701 Evangelium
1270 604 1359 678 dixit
1384 609 1428 678 D.
1451 609 1598 684 Antonius

293 731 490 808 Trebianus
530 728 771 804 subdiaconus
798 728 937 826 capelle
962 735 998 803 et
1022 730 1214 828 epistolam
1249 728 1472 818 Demetrius,
1497 753 1599 806 omues

293 856 403 930 sacris
443 852 600 926 vestibus
641 851 769 948 parati.
813 853 1056 928 iuterfuerunt
1089 855 1159 927 duo
1198 853 1417 946 cardinales,
1458 853 1600 932 videlicet

297 977 548 1054 Ulixboneusis
564 982 600 1052 et
619 976 905 1050 Rechauatensis
926 984 962 1052 et
980 978 1109 1076 prelati
1130 980 1376 1076 quamplures.
1398 983 1504 1077 Papa,
1523 987 1602 1078 post·

296 1127 404 1201 quam
424 1102 565 1176 intravit
589 1100 783 1198 capellam,
805 1102 1017 1199 genutlexus
1041 1103 1078 1175 iu
1105 1102 1317 1186 faldistorio,
1350 1110 1434 1176 ante
1462 1103 1602 1178 medium

298 1229 418 1303 altaris
447 1225 573 1316 oravit,
597 1232 673 1298 tum
700 1225 867 1316 surrexit,
891 1232 928 1299 et
956 1229 1000 1300 b.
1032 1227 1171 1300 Thomu
1193 1250 1215 1299 a
1239 1226 1393 1300 sinistris
1422 1227 1489 1300 sibi
1514 1229 1604 1302 assis·

294 1353 519 1445 tentaterit
553 1350 843 1441 consessionem
875 1375 945 1449 qna
974 1375 1057 1426 cum
1085 1374 1268 1448 eousque
1298 1351 1485 1426 adfinem
1514 1353 1604 1432 dicta.

294 1485 391 1578 Papa
410 1478 545 1554 resedit
565 1477 601 1550 in
622 1477 707 1552 sede
732 1475 778 1549 ad
801 1476 988 1551 dexteram
1014 1475 1138 1552 altoris
1163 1477 1230 1550 sibi
1248 1482 1384 1574 parata.
1406 1479 1448 1550 D.
1471 1477 1607 1552 Thomas

294 1603 457 1680 ascendit
480 1601 526 1676 ad
550 1602 661 1675 altare
681 1625 689 1675 :
706 1623 779 1676 uon
802 1601 867 1676 luit
888 1603 1115 1678 incensatum
1131 1602 1243 1677 altare
1258 1601 1295 1675 iu
1308 1601 1485 1700 principio
1500 1601 1607 1694 misse,

295 1733 340 1806 ad
366 1727 592 1826 evangelium
622 1751 696 1800 nou
724 1727 869 1803 luerunt
897 1735 1038 1826 portata
1065 1727 1269 1818 luminaria,
1287 1749 1406 1824 neque
1422 1727 1607 1802 incensum.

296 1855 545 1930 Subdiaconus
571 1858 606 1926 et
631 1852 803 1926 diaconus
829 1877 895 1952 pro
925 1854 1077 1952 epistola
1105 1860 1142 1928 et
1169 1852 1356 1951 evangelio
1384 1875 1459 1926 non
1485 1853 1611 1926 luerunt

295 1983 427 2082 pedem
456 1977 636 2078 pontilicis
664 1978 829 2052 osculati.
856 1979 972 2053 Finito
992 1978 1192 2076 evangelio,
1210 1979 1356 2077 porrexi
1369 1979 1502 2052 librum
1520 2002 1612 2052 evan-

296 2111 474 2208 geliorum
507 2103 680 2180 cardinali
719 2103 970 2194 Ulixbonensi,
1001 2105 1062 2202 qui
1086 2129 1171 2178 eum
1206 2104 1363 2202 portavit
1389 2104 1612 2179 osculandum
1709 2147 1710 2200 ,

294 2232 469 2334 pontifici.
504 2236 590 2306 Post
625 2229 846 2306 oblationem
876 2229 942 2302 luit
977 2229 1206 2302 incensatum
1232 2229 1360 2319 altare,
1393 2232 1490 2327 Papa
1512 2229 1614 2304 etalii

297 2381 437 2432 omnes.
463 2357 518 2430 Ad
537 2355 808 2454 impositionem
832 2354 985 2446 incensi,
1011 2354 1172 2452 prelatus
1198 2354 1389 2429 cardinalis
1417 2355 1615 2430 ministravit

297 2481 509 2571 naviculam,
540 2481 739 2556 incensavit
770 2485 888 2579 Papa,
923 2481 1068 2570 deinde,
1095 2504 1177 2554 cnm
1209 2483 1249 2553 D.
1275 2480 1443 2554 Thomas·
1463 2482 1616 2556 incensa-

298 2615 410 2698 retur,
438 2607 551 2680 semel
575 2606 640 2679 suit
664 2607 812 2680 ductum
835 2605 1056 2678 thnribulum
1074 2631 1081 2677 :
1100 2605 1145 2678 ad
1164 2603 1403 2679 elevationem
1421 2605 1487 2678 luit
1510 2606 1617 2680 ineen-

299 2740 416 2806 satum
441 2737 709 2808 sacramentnm
734 2737 769 2804 et
795 2727 1035 2803 subdiaconus
1055 2726 1170 2800 tenuit
1187 2732 1358 2824 patenam
1385 2751 1489 2802 more
1511 2727 1614 2802 solito.

300 2863 385 2934 Post
410 2857 543 2955 Apono
577 2856 656 2946 Dei,
690 2855 815 2952 accepi
838 2876 967 2952 pacem
991 2852 1026 2925 in
1051 2851 1292 2926 instrumento
1318 2855 1398 2926 al).
1426 2853 1560 2928 Thema
1584 2859 1613 2924 et

299 2983 441 3084 porrexi
471 2981 633 3080 predicto
662 2979 834 3056 cardinali
861 2979 921 3076 qui
947 3000 1028 3052 eam
1055 2976 1153 3052 dedit
1180 2977 1357 3075 pontifici,
1387 2977 1518 3052 deinde
1545 2977 1614 3052 dedi

298 3106 539 3184 cardinalibus
556 3128 638 3180 cum
653 3104 731 3178 aliis
747 3103 914 3178 omnihus
930 3126 1003 3176 non
1014 3101 1234 3198 singillatim,
1248 3102 1312 3174 sed
1328 3102 1522 3200 cujuslibet
1537 3101 1618 3174 ordi-

299 3235 354 3307 nis
375 3232 529 3330 digniori
553 3232 613 3328 qui
636 3236 763 3336 postea
785 3251 848 3304 ore
873 3229 972 3303 dedit
987 3229 1108 3302 sociis.
1136 3233 1233 3326 Papa
1253 3251 1319 3326 per
1343 3233 1457 3301 totam
1483 3227 1617 3300 missam

297 3359 422 3432 habuit
437 3361 519 3431 ante
536 3380 574 3430 se
589 3353 917 3454 librumeissalem
931 3377 1040 3451 super
1050 3353 1246 3428 faldistorio
1260 3359 1343 3427 ante
1355 3351 1475 3451 ipsum
1491 3362 1617 3451 parato,

299 3485 335 3557 iu
348 3507 420 3580 quo
441 3482 477 3554 iu
495 3482 624 3556 eodem
640 3481 723 3554 loco
744 3479 939 3577 genuflexit
959 3479 1004 3553 ad
1029 3479 1281 3569 elevationem,
1305 3477 1492 3575 preposito
1511 3484 1618 3550 tamen

300 3608 366 3681 sibi
388 3607 486 3704 prius
517 3605 688 3696 scabello,
716 3612 752 3678 et
773 3605 905 3677 mansit
932 3603 1159 3701 genuflexus
1175 3627 1288 3699 nsque
1315 3602 1361 3675 ad
1387 3601 1522 3699 Agnus
1546 3600 1620 3674 Dei.

299 3733 497 3830 Episcopus
524 3729 720 3804 Alerieusis
745 3735 781 3804 et
814 3728 1084 3827 protonotarius
1107 3730 1152 3804 de
1177 3731 1392 3832 Sermoneta
1421 3728 1622 3802 assistentes

299 3859 510 3928 manserunt
526 3854 571 3927 ad
586 3852 768 3926 sinistram
784 3857 880 3950 Pape
905 3853 1066 3928 sedendo
1083 3877 1192 3951 supra
1206 3875 1354 3950 parvum
1371 3853 1525 3950 gradum
1540 3853 1624 3924 inter

301 3980 411 4053 altare
444 3985 480 4053 et
508 3979 719 4076 pontificem
751 3977 988 4078 (superiorem
1016 3985 1140 4052 tamen
1173 3979 1337 4076 gradum,
1363 3978 1391 4050 si
1428 3978 1500 4051 duo
1530 3976 1626 4074 sant).

298 4103 493 4178 Aleriensis
512 4109 648 4178 tantum
666 4109 830 4201 tempore
845 4109 1049 4202 opportuno
1065 4103 1292 4178 ministrabat
1314 4107 1408 4200 Pape
1431 4101 1622 4186 candelam,

300 4253 384 4302 cum
399 4229 538 4302 dixerat
558 4228 744 4302 introitum
767 4235 802 4303 et
823 4229 914 4303 alia:
932 4236 1015 4326 post
1038 4227 1201 4319 missam,
1229 4231 1327 4326 Papa
1345 4227 1447 4302 dedit
1468 4227 1626 4302 benedic-

301 4355 439 4428 tionem
460 4375 562 4426 more
586 4353 692 4426 solito
718 4359 753 4426 et
778 4377 851 4427 uon
875 4353 1128 4450 indulgentias.
1159 4355 1249 4428 Com
1274 4356 1371 4450 Papa
1391 4353 1621 4440 benediceret,
1707 4435 1708 4442 ,

300 4477 496 4554 Alerieusis
519 4501 541 4551 a
560 4477 695 4550 dextris
715 4487 751 4552 et
770 4478 1037 4576 protonotarius
1055 4504 1078 4554 a
1097 4480 1250 4555 sinistris
1271 4479 1454 4555 elevarunt
1474 4487 1619 4554 mantum
1707 4541 1708 4582 3

302 4601 1618 4702 superbraehiapontisvcis,proquoeosrepreheudi,cumnonsiteorum

303 4727 464 4802 osticium
487 4733 649 4800 mantum
667 4727 726 4800 vel
745 4726 896 4824 pluviale
914 4733 1062 4824 tangere
1082 4730 1152 4804 nisi
1173 4755 1195 4804 a
1212 4731 1361 4806 fimbriis
1381 4761 1388 4806 :
1410 4733 1494 4806 illud
1514 4736 1615 4806 antem

304 4852 464 4928 cilicium
476 4859 530 4929 est
541 4837 1050 4944 cardinaliomassistentinm;
1065 4856 1129 4930 sed
1140 4863 1303 4930 mantum
1314 4880 1388 4930 uon
1401 4865 1456 4932 est
1469 4852 1614 4954 opusele·

304 4998 388 5048 vore
404 4999 521 5074 neque
534 4985 748 5052 consuetum
761 5001 843 5053 eum
865 4978 911 5052 sit
925 4977 1011 5052 levis
1027 4980 1212 5076 ponderis,
1232 5007 1338 5056 secus
1355 4990 1412 5058 est
1428 4983 1462 5056 iu
1475 4975 1608 5080 pluviali.

304 5102 506 5196 Antequam
521 5106 618 5200 Papa
633 5103 736 5178 daret
747 5103 1051 5198 benedictionem,
1073 5106 1190 5181 socius
1206 5131 1310 5182 meus
1324 5109 1456 5182 amovit
1470 5104 1605 5180 faldisto-
