3508 6034
337 451 390 508 uo
791 442 964 500 Jounuurs
989 441 1210 512 auucuunur,
1504 443 1586 515 [uva
1602 443 1665 515 rua}

339 604 490 704 singulis
505 626 632 701 regum
648 599 744 690 filiis,
759 597 934 688 secund0,
952 599 1058 674 tertio
1070 605 1106 674 et
1114 599 1208 674 ultra
1223 598 1369 697 genitia,
1384 597 1480 672 inter
1497 595 1664 670 diaconos

338 729 540 807 cardinales
555 729 677 802 locum
693 725 818 800 deberi
834 751 841 799 :
860 731 1054 824 propterea
1068 725 1167 823 quod
1182 725 1227 798 ad
1244 723 1363 797 minus
1376 747 1442 822 per
1458 745 1576 796 unum
1591 746 1664 794 car-

338 857 495 931 dinalem
510 854 603 930 loret
617 851 860 949 recipiendus,
881 852 1154 927 convenientius
1171 859 1294 927 tamen
1309 874 1375 948 per
1386 850 1491 940 duos,
1513 871 1596 921 cum
1610 847 1664 921 hir..

339 985 385 1060 sit
410 987 526 1082 major
544 982 640 1080 regis
660 979 886 1079 Neapolitani
903 979 1010 1069 filine,
1030 1001 1074 1053 eo
1095 979 1193 1076 quod
1215 1001 1368 1076 regnum
1390 975 1664 1074 Neapolitanum

340 1114 519 1207 expectat,
537 1106 582 1179 de
602 1130 673 1204 quo
695 1105 803 1180 etiam
816 1105 1067 1179 investituram
1086 1104 1222 1178 habere
1238 1103 1389 1192 dicitur3
1411 1110 1448 1176 et
1463 1101 1665 1175 Fridericus

339 1234 607 1309 acFranciscus
629 1231 713 1306 dicti
740 1232 836 1330 regis
858 1230 934 1322 filii,
954 1254 1037 1303 cum
1052 1230 1140 1304 alias
1163 1230 1201 1302 in
1222 1229 1317 1304 Urbe
1340 1235 1464 1304 essent
1489 1236 1528 1302 et
1553 1228 1663 1302 locum

337 1356 533 1432 habuerint
546 1359 642 1432 inter
656 1358 823 1431 ultimum
849 1364 885 1430 et
906 1356 1146 1454 penultimum
1162 1355 1334 1430 diaconus
1350 1353 1571 1445 cardinales,
1589 1355 1664 1428 huic

337 1493 418 1582 post
441 1485 600 1580 primum
628 1483 821 1558 diaconum
847 1483 968 1556 locum
993 1483 1209 1574 convenire,
1241 1481 1372 1556 adduxi
1402 1482 1610 1578 etiamque
1635 1481 1664 1552 in

338 1609 494 1704 antiquis
523 1609 826 1684 ceremonialibus
855 1608 1045 1682 observata
1077 1608 1149 1706 legi
1184 1615 1223 1684 ut
1252 1607 1418 1698 inferius,
1448 1607 1487 1680 in
1520 1606 1662 1681 modum

338 1735 503 1826 extracti,
526 1738 722 1810 annotabo

385 1862 617 1958 Replicarunt
639 1862 728 1936 mihi
749 1860 947 1936 Aleriensis
975 1869 1011 1936 et
1030 1861 1205 1935 Ascanius
1228 1883 1270 1934 ac
1288 1859 1435 1956 quidem
1462 1859 1527 1932 alii
1554 1859 1663 1933 cardi-

335 1985 450 2076 nales,
468 1985 699 2058 Franciscum
726 1991 762 2059 et
791 1985 1015 2060 Fridericum
1041 2010 1115 2060 non
1144 1986 1239 2060 inter
1268 1983 1470 2058 cardinales
1497 1981 1565 2055 sed
1593 1991 1663 2080 post
1731 2025 1732 2028 =

337 2111 502 2186 ultimum
519 2109 739 2184 cardinalem
758 2110 916 2202 sedisse3
943 2112 987 2187 de
1010 2135 1081 2209 (quo
1107 2112 1183 2209 ipse
1199 2109 1393 2184 cardinalis
1414 2109 1597 2184 Ascanius
1613 2134 1663 2181 re-

335 2236 552 2310 cordabatur
565 2237 662 2333 quod
677 2235 890 2311 Frauciscus
905 2245 988 2335 post
998 2239 1116 2334 ipsum
1130 2236 1237 2324 sedit,
1251 2241 1287 2310 et
1303 2235 1439 2332 optime
1456 2236 1661 2310 meminisse

335 2370 369 2436 ct
385 2368 593 2436 annotasse.
621 2361 718 2436 uixit
745 2369 781 2436 et
807 2361 905 2457 quod
927 2361 1132 2437 Fridericus
1148 2362 1184 2434 in
1200 2361 1355 2435 adventu
1379 2384 1444 2434 suo
1472 2361 1522 2434 ad
1540 2361 1659 2436 Urbem

333 2511 534 2586 perunum
564 2485 784 2560 cardinalem
811 2492 966 2578 tantum,
999 2486 1168 2561 videlicet
1199 2486 1538 2560 vicecancellarium
1567 2487 1660 2584 quia
1731 2497 1732 2504 ’

337 2611 473 2686 dextris
496 2610 661 2710 ejusdem
684 2609 857 2684 Friderici
882 2613 1067 2709 equitavit,
1085 2621 1254 2710 receptus
1274 2613 1341 2686 luit
1360 2639 1367 2687 :
1385 2621 1557 2712 preterea
1586 2638 1656 2688 curu
1731 2637 1732 2640 ¹

332 2736 423 2810 alias
444 2745 609 2834 tempore
629 2735 743 2810 felicis
768 2735 1030 2810 recordationis
1049 2737 1103 2810 Pii
1127 2759 1218 2836 pape
1247 2737 1398 2810 secundi
1421 2739 1458 2810 iu
1484 2747 1656 2813 conventu
1731 2777 1732 2780 π

332 2865 525 2936 Mantuano
541 2862 693 2937 luissent
710 2861 912 2936 successive
927 2863 1178 2959 Sigismundus
1193 2862 1368 2936 archidux
1381 2863 1544 2954 Austrie,
1559 2865 1657 2934 Frau-

331 2989 450 3062 ciscus
464 2987 537 3062 dux
549 2989 830 3064 illediclaneusis
846 2996 881 3064 et
898 2989 969 3062 dux
987 2989 1184 3076 ClavensiS,
1207 2989 1294 3086 ipsis
1316 2988 1466 3085 singulis
1484 2989 1606 3061 locum
1622 2988 1652 3058 iu
1731 3051 1732 3080 3

328 3115 470 3191 bancho
495 3115 733 3190 cardinalium
753 3123 835 3214 post
864 3139 991 3190 omnes
1012 3116 1214 3190 cardinales
1240 3115 1472 3212 adsignatum
1493 3115 1604 3188 luisse
1626 3121 1655 3186 el
1731 3141 1732 3212 p

330 3265 412 3314 cum
423 3263 555 3338 magna
567 3243 772 3316 reverentia
785 3265 872 3339 erga
885 3241 1085 3315 cardinales
1097 3243 1261 3333 stetisse3
1278 3247 1314 3314 et
1325 3241 1436 3314 luisse
1448 3241 1526 3337 qui,
1540 3241 1653 3319 duces.
1731 3227 1732 3318 l

330 3371 366 3440 et
379 3365 482 3440 titulo
499 3371 535 3440 et
548 3365 721 3464 dignitate
737 3369 894 3465 majores
919 3373 1041 3441 essent
1065 3367 1230 3465 principe
1256 3371 1377 3465 Capua
1395 3365 1479 3462 :qui
1505 3364 1653 3439 etiamsi

301 3507 308 3528 *
329 3491 511 3582 adessent,
528 3515 726 3588 numquam
756 3491 942 3566 cederent.
967 3491 1046 3563 Dixi
1074 3514 1132 3565 me
1158 3499 1240 3566 ante
1263 3492 1395 3565 vidisse
1424 3497 1461 3566 et
1484 3491 1535 3565 ita
1554 3491 1651 3566 etiam

328 3624 521 3692 annotasse
536 3617 1649 3716 quodFrauoiscuslccumhabueritanteipsumD.Ascaniu1n
1731 3655 1732 3714 3

329 3741 573 3834 cardinalem3
594 3765 659 3840 per
681 3743 752 3818 hoo
772 3749 895 3818 tamen
919 3745 1015 3818 nolle
1043 3743 1288 3820 hominationi
1309 3769 1374 3820 sue
1397 3745 1647 3820 contradicere.

329 3865 393 3942 sed
408 3867 556 3957 cedere;
578 3867 623 3942 de
639 3868 825 3944 Friderico
851 3894 923 3943 non
951 3871 1045 3945 bene
1069 3871 1280 3947 meminisse
1302 3873 1339 3946 in
1355 3879 1535 3948 conuentu
1561 3874 1647 3945 lllan-
1731 3869 1732 3914 ³

327 4000 435 4070 tuauo
450 4017 524 4067 non
537 3993 661 4087 luisse,
673 4018 741 4070 uec
752 3997 1141 4072 ceremonialianostra
1151 3997 1196 4071 de
1207 3997 1277 4073 hoc
1292 3999 1488 4096 quicquam
1502 4019 1644 4097 ponere:

324 4119 523 4218 principem
545 4125 664 4220 Capua
687 4121 779 4195 duce
801 4123 996 4198 Mediolani
1012 4132 1049 4199 et
1065 4124 1261 4199 archiduce
1283 4125 1429 4199 Austrie
1452 4133 1489 4200 et
1513 4124 1645 4198 Celsen·
1731 4223 1732 4226 Ἴ

324 4269 402 4319 sem
417 4273 424 4319 :
438 4246 546 4344 longe
562 4247 740 4346 majorem
753 4272 847 4340 esse,
866 4273 940 4324 non
956 4250 1095 4326 ratione
1110 4251 1333 4349 principatus
1350 4251 1417 4325 sed
1432 4249 1642 4349 expectatire
1731 4323 1732 4332 ,

325 4377 362 4444 et
379 4370 591 4446 investitura
606 4373 723 4469 regui.
741 4373 796 4446 nd
815 4375 990 4471 primum,
1007 4375 1175 4450 videlicet
1194 4375 1288 4472 quod
1313 4375 1435 4450 locum
1458 4374 1639 4462 Francisci,

324 4498 448 4571 Rmus.
468 4499 510 4568 n.
527 4497 718 4572 cardinalis
738 4501 917 4574 Ascanius
939 4499 1029 4575 dixit
1043 4507 1237 4600 propterea
1260 4527 1320 4576 me
1342 4502 1438 4575 male
1462 4510 1640 4576 annotasse
1731 4547 1732 4596 3

323 4626 360 4696 et
379 4643 541 4696 errorem
569 4647 690 4699 meum
719 4626 901 4724 corrigere
934 4625 1067 4702 debere
1097 4651 1140 4701 ac
1169 4628 1304 4703 dictum
1328 4651 1453 4702 meum
1477 4628 1563 4702 alias
1583 4623 1639 4697 sibi
1731 4609 1732 4618 ἶ

207 4745 214 4762 ’
322 4753 534 4822 extraneum
558 4747 681 4824 videri.
706 4751 898 4847 Subjunxit
927 4756 1052 4824 Rmus.
1084 4753 1405 4828 vicecancellarius
1432 4754 1529 4850 quod
1545 4773 1638 4848 super
1731 4831 1732 4836 ,

319 4870 389 4944 hac
403 4895 443 4946 re
458 4873 588 4948 melius
604 4873 806 4950 deliberare
823 4875 1010 4968 deberem,
1026 4883 1063 4952 et
1079 4902 1164 4952 eum
1179 4886 1320 4954 certum
1337 4879 1469 4954 deinde
1483 4879 1632 4954 reddere.

320 4998 512 5092 Comperta
532 5023 617 5074 vcro
639 5001 676 5074 in
701 5002 857 5099 antiquis
876 5003 978 5077 libris
1000 5005 1306 5098 ceremoniarum,
1331 5007 1376 5082 de
1395 5007 1524 5104 quibus
1543 5025 1635 5102 supra
1731 4987 1732 5066 ἶ

319 5118 360 5194 fit
371 5122 522 5216 mentio,
539 5130 624 5200 suut
634 5125 845 5224 hujusmodi
861 5131 1010 5222 tenoris,
1028 5131 1198 5206 videlicet
1213 5157 1222 5206 :
1731 5105 1732 5134 Χ
