<?xml version="1.0" encoding="UTF-8"?>
<!DOCTYPE html PUBLIC "-//W3C//DTD XHTML 1.0 Transitional//EN"
    "http://www.w3.org/TR/xhtml1/DTD/xhtml1-transitional.dtd">
<html xmlns="http://www.w3.org/1999/xhtml" xml:lang="en" lang="en">
 <head>
  <title>
</title>
<meta http-equiv="Content-Type" content="text/html;charset=utf-8" />
  <meta name='ocr-system' content='tesseract 3.04.00' />
  <meta name='ocr-capabilities' content='ocr_page ocr_carea ocr_par ocr_line ocrx_word'/>
</head>
<body>
  <div class='ocr_page' id='page_1' title='image "./johannisburchar02burcgoog/johannisburchar02burcgoog_0284.png"; bbox 0 0 3424 6038; ppageno 0'>
   <div class='ocr_carea' id='block_1_1' title="bbox 58 423 1356 492">
    <p class='ocr_par' dir='ltr' id='par_1_1' title="bbox 58 423 1356 492">
     <span class='ocr_line' id='line_1_1' title="bbox 58 423 1356 492; baseline -0.012 0"><span class='ocrx_word' id='word_1_1' title='bbox 58 425 189 492; x_wconf 69' lang='lat' dir='ltr'><strong>llsslsslllll</strong></span> <span class='ocrx_word' id='word_1_2' title='bbox 366 424 491 482; x_wconf 81' lang='lat' dir='ltr'>RERUM</span> <span class='ocrx_word' id='word_1_3' title='bbox 515 423 742 482; x_wconf 77' lang='lat' dir='ltr'><strong>UHBANARUM</strong></span> <span class='ocrx_word' id='word_1_4' title='bbox 767 425 1030 482; x_wconf 77' lang='lat' dir='ltr'><strong>coatueurauu.</strong></span> <span class='ocrx_word' id='word_1_5' title='bbox 1307 423 1356 476; x_wconf 78' lang='lat'><strong>271</strong></span> 
     </span>
    </p>
   </div>
   <div class='ocr_carea' id='block_1_2' title="bbox 12 575 1361 5197">
    <p class='ocr_par' dir='ltr' id='par_1_2' title="bbox 46 575 1361 2309">
     <span class='ocr_line' id='line_1_2' title="bbox 55 575 1357 678; baseline -0.006 -24"><span class='ocrx_word' id='word_1_6' title='bbox 55 579 133 678; x_wconf 90' lang='lat' dir='ltr'><strong>copi,</strong></span> <span class='ocrx_word' id='word_1_7' title='bbox 157 585 316 654; x_wconf 89' lang='lat' dir='ltr'><strong>oratores</strong></span> <span class='ocrx_word' id='word_1_8' title='bbox 340 578 467 676; x_wconf 90' lang='lat' dir='ltr'><strong>prolati</strong></span> <span class='ocrx_word' id='word_1_9' title='bbox 492 580 624 677; x_wconf 91' lang='lat' dir='ltr'><strong>parati,</strong></span> <span class='ocrx_word' id='word_1_10' title='bbox 658 581 868 655; x_wconf 71' lang='lat' dir='ltr'><strong>assistentes</strong></span> <span class='ocrx_word' id='word_1_11' title='bbox 898 583 992 676; x_wconf 90' lang='lat' dir='ltr'><strong>Pape</strong></span> <span class='ocrx_word' id='word_1_12' title='bbox 1028 576 1160 674; x_wconf 88' lang='lat' dir='ltr'><strong>parati,</strong></span> <span class='ocrx_word' id='word_1_13' title='bbox 1201 575 1357 663; x_wconf 86' lang='lat' dir='ltr'><strong>diaconi,</strong></span> 
     </span>
     <span class='ocr_line' id='line_1_3' title="bbox 54 701 1359 802; baseline -0.002 -26"><span class='ocrx_word' id='word_1_14' title='bbox 54 703 249 802; x_wconf 84' lang='lat' dir='ltr'><strong>presbyteri,</strong></span> <span class='ocrx_word' id='word_1_15' title='bbox 292 703 453 802; x_wconf 79' lang='lat' dir='ltr'><strong>episcopi</strong></span> <span class='ocrx_word' id='word_1_16' title='bbox 487 705 706 798; x_wconf 78' lang='lat' dir='ltr'><strong>cardinaleS,</strong></span> <span class='ocrx_word' id='word_1_17' title='bbox 748 706 819 779; x_wconf 93' lang='lat' dir='ltr'><strong>duo</strong></span> <span class='ocrx_word' id='word_1_18' title='bbox 853 703 1068 780; x_wconf 77' lang='lat' dir='ltr'><strong>cardinales</strong></span> <span class='ocrx_word' id='word_1_19' title='bbox 1086 701 1227 776; x_wconf 90' lang='lat' dir='ltr'><strong>diaconi</strong></span> <span class='ocrx_word' id='word_1_20' title='bbox 1266 706 1359 798; x_wconf 87' lang='lat' dir='ltr'><strong>Pape</strong></span> 
     </span>
     <span class='ocr_line' id='line_1_4' title="bbox 54 827 1360 929; baseline -0.002 -27"><span class='ocrx_word' id='word_1_21' title='bbox 54 830 254 920; x_wconf 70' lang='lat' dir='ltr'><strong>assistentes,</strong></span> <span class='ocrx_word' id='word_1_22' title='bbox 273 830 433 904; x_wconf 80' lang='lat' dir='ltr'><strong>scutiferi</strong></span> <span class='ocrx_word' id='word_1_23' title='bbox 450 836 544 929; x_wconf 89' lang='lat' dir='ltr'><strong>Pape</strong></span> <span class='ocrx_word' id='word_1_24' title='bbox 558 857 638 906; x_wconf 92' lang='lat' dir='ltr'><strong>curn</strong></span> <span class='ocrx_word' id='word_1_25' title='bbox 652 832 853 923; x_wconf 78' lang='lat' dir='ltr'><strong>intorticiiS,</strong></span> <span class='ocrx_word' id='word_1_26' title='bbox 868 831 940 905; x_wconf 94' lang='lat' dir='ltr'><strong>duo</strong></span> <span class='ocrx_word' id='word_1_27' title='bbox 951 828 1110 928; x_wconf 76' lang='lat' dir='ltr'><strong>acolythi</strong></span> <span class='ocrx_word' id='word_1_28' title='bbox 1121 851 1204 903; x_wconf 93' lang='lat' dir='ltr'><strong>cum</strong></span> <span class='ocrx_word' id='word_1_29' title='bbox 1219 827 1360 900; x_wconf 87' lang='lat' dir='ltr'><strong>duobus</strong></span> 
     </span>
     <span class='ocr_line' id='line_1_5' title="bbox 54 954 1361 1053; baseline -0.001 -27"><span class='ocrx_word' id='word_1_30' title='bbox 54 954 271 1043; x_wconf 79' lang='lat' dir='ltr'><strong>candelabris,</strong></span> <span class='ocrx_word' id='word_1_31' title='bbox 291 959 386 1053; x_wconf 87' lang='lat' dir='ltr'><strong>Papa</strong></span> <span class='ocrx_word' id='word_1_32' title='bbox 407 957 474 1029; x_wconf 93' lang='lat' dir='ltr'><strong>sub</strong></span> <span class='ocrx_word' id='word_1_33' title='bbox 494 957 722 1049; x_wconf 76' lang='lat' dir='ltr'><strong>baldachino,</strong></span> <span class='ocrx_word' id='word_1_34' title='bbox 741 957 882 1032; x_wconf 88' lang='lat' dir='ltr'><strong>auditor</strong></span> <span class='ocrx_word' id='word_1_35' title='bbox 901 958 945 1030; x_wconf 91' lang='lat' dir='ltr'><strong>de</strong></span> <span class='ocrx_word' id='word_1_36' title='bbox 967 956 1073 1030; x_wconf 88' lang='lat' dir='ltr'><strong>mitra</strong></span> <span class='ocrx_word' id='word_1_37' title='bbox 1092 955 1186 1029; x_wconf 88' lang='lat' dir='ltr'><strong>inter</strong></span> <span class='ocrx_word' id='word_1_38' title='bbox 1206 961 1361 1028; x_wconf 88' lang='lat' dir='ltr'><strong>secreta-</strong></span> 
     </span>
     <span class='ocr_line' id='line_1_6' title="bbox 53 1079 1358 1180; baseline -0.001 -29"><span class='ocrx_word' id='word_1_39' title='bbox 53 1080 129 1151; x_wconf 92' lang='lat' dir='ltr'><strong>rium</strong></span> <span class='ocrx_word' id='word_1_40' title='bbox 143 1085 176 1152; x_wconf 93' lang='lat' dir='ltr'><strong>et</strong></span> <span class='ocrx_word' id='word_1_41' title='bbox 194 1079 454 1154; x_wconf 88' lang='lat' dir='ltr'><strong>cubicularium</strong></span> <span class='ocrx_word' id='word_1_42' title='bbox 480 1089 673 1173; x_wconf 87' lang='lat' dir='ltr'><strong>secretum,</strong></span> <span class='ocrx_word' id='word_1_43' title='bbox 694 1081 944 1180; x_wconf 86' lang='lat' dir='ltr'><strong>protonotarii,</strong></span> <span class='ocrx_word' id='word_1_44' title='bbox 968 1081 1155 1179; x_wconf 86' lang='lat' dir='ltr'><strong>generales</strong></span> <span class='ocrx_word' id='word_1_45' title='bbox 1177 1079 1358 1167; x_wconf 86' lang='lat' dir='ltr'><strong>ordinum,</strong></span> 
     </span>
     <span class='ocr_line' id='line_1_7' title="bbox 53 1203 1360 1302; baseline -0.001 -25"><span class='ocrx_word' id='word_1_46' title='bbox 53 1203 144 1301; x_wconf 81' lang='lat' dir='ltr'><strong>togati</strong></span> <span class='ocrx_word' id='word_1_47' title='bbox 159 1227 299 1296; x_wconf 89' lang='lat' dir='ltr'><strong>omnes,</strong></span> <span class='ocrx_word' id='word_1_48' title='bbox 318 1207 448 1281; x_wconf 91' lang='lat' dir='ltr'><strong>etlicet</strong></span> <span class='ocrx_word' id='word_1_49' title='bbox 463 1232 506 1282; x_wconf 87' lang='lat' dir='ltr'><strong>cx</strong></span> <span class='ocrx_word' id='word_1_50' title='bbox 522 1208 670 1283; x_wconf 85' lang='lat' dir='ltr'><strong>decreto</strong></span> <span class='ocrx_word' id='word_1_51' title='bbox 685 1211 747 1283; x_wconf 87' lang='lat' dir='ltr'><strong>SS.</strong></span> <span class='ocrx_word' id='word_1_52' title='bbox 771 1213 814 1282; x_wconf 97' lang='grc' dir='ltr'><strong>Ι).</strong></span> <span class='ocrx_word' id='word_1_53' title='bbox 838 1211 877 1282; x_wconf 90' lang='lat' dir='ltr'><strong>N.</strong></span> <span class='ocrx_word' id='word_1_54' title='bbox 895 1207 1161 1282; x_wconf 89' lang='lat' dir='ltr'><strong>abbreviatores</strong></span> <span class='ocrx_word' id='word_1_55' title='bbox 1177 1207 1222 1280; x_wconf 88' lang='lat' dir='ltr'><strong>de</strong></span> <span class='ocrx_word' id='word_1_56' title='bbox 1243 1205 1360 1302; x_wconf 89' lang='lat' dir='ltr'><strong>prima</strong></span> 
     </span>
     <span class='ocr_line' id='line_1_8' title="bbox 51 1329 1361 1430; baseline 0.002 -30"><span class='ocrx_word' id='word_1_57' title='bbox 51 1329 165 1404; x_wconf 82' lang='lat' dir='ltr'><strong>risione</strong></span> <span class='ocrx_word' id='word_1_58' title='bbox 185 1339 221 1406; x_wconf 91' lang='lat' dir='ltr'><strong>et</strong></span> <span class='ocrx_word' id='word_1_59' title='bbox 241 1356 352 1430; x_wconf 88' lang='lat' dir='ltr'><strong>parco</strong></span> <span class='ocrx_word' id='word_1_60' title='bbox 372 1333 503 1407; x_wconf 89' lang='lat' dir='ltr'><strong>minori</strong></span> <span class='ocrx_word' id='word_1_61' title='bbox 528 1335 687 1410; x_wconf 87' lang='lat' dir='ltr'><strong>notarios</strong></span> <span class='ocrx_word' id='word_1_62' title='bbox 707 1333 912 1408; x_wconf 91' lang='lat' dir='ltr'><strong>auditorum</strong></span> <span class='ocrx_word' id='word_1_63' title='bbox 932 1338 1010 1406; x_wconf 92' lang='lat' dir='ltr'><strong>rote</strong></span> <span class='ocrx_word' id='word_1_64' title='bbox 1030 1333 1227 1430; x_wconf 89' lang='lat' dir='ltr'><strong>precedere</strong></span> <span class='ocrx_word' id='word_1_65' title='bbox 1253 1331 1361 1404; x_wconf 90' lang='lat' dir='ltr'><strong>debe-</strong></span> 
     </span>
     <span class='ocr_line' id='line_1_9' title="bbox 49 1456 1357 1556; baseline 0 -30"><span class='ocrx_word' id='word_1_66' title='bbox 49 1456 131 1546; x_wconf 85' lang='lat' dir='ltr'><strong>bant,</strong></span> <span class='ocrx_word' id='word_1_67' title='bbox 161 1481 243 1530; x_wconf 92' lang='lat' dir='ltr'><strong>cum</strong></span> <span class='ocrx_word' id='word_1_68' title='bbox 267 1459 417 1532; x_wconf 89' lang='lat' dir='ltr'><strong>notariis</strong></span> <span class='ocrx_word' id='word_1_69' title='bbox 445 1460 544 1556; x_wconf 89' lang='lat' dir='ltr'><strong>prius</strong></span> <span class='ocrx_word' id='word_1_70' title='bbox 580 1460 729 1533; x_wconf 91' lang='lat' dir='ltr'><strong>instituti</strong></span> <span class='ocrx_word' id='word_1_71' title='bbox 757 1461 849 1548; x_wconf 91' lang='lat' dir='ltr'><strong>sint;</strong></span> <span class='ocrx_word' id='word_1_72' title='bbox 884 1465 1003 1532; x_wconf 89' lang='lat' dir='ltr'><strong>tamen</strong></span> <span class='ocrx_word' id='word_1_73' title='bbox 1035 1457 1120 1555; x_wconf 90' lang='lat' dir='ltr'><strong>quia</strong></span> <span class='ocrx_word' id='word_1_74' title='bbox 1152 1462 1276 1530; x_wconf 85' lang='lat' dir='ltr'><strong>Rmus.</strong></span> <span class='ocrx_word' id='word_1_75' title='bbox 1314 1459 1357 1528; x_wconf 90' lang='lat' dir='ltr'><strong>D.</strong></span> 
     </span>
     <span class='ocr_line' id='line_1_10' title="bbox 49 1582 1359 1682; baseline 0.002 -30"><span class='ocrx_word' id='word_1_76' title='bbox 49 1582 264 1674; x_wconf 86' lang='lat' dir='ltr'><strong>camerarius,</strong></span> <span class='ocrx_word' id='word_1_77' title='bbox 285 1583 343 1656; x_wconf 94' lang='lat' dir='ltr'><strong>cui</strong></span> <span class='ocrx_word' id='word_1_78' title='bbox 358 1583 514 1681; x_wconf 89' lang='lat' dir='ltr'><strong>primum</strong></span> <span class='ocrx_word' id='word_1_79' title='bbox 534 1585 604 1659; x_wconf 90' lang='lat' dir='ltr'><strong>hoc</strong></span> <span class='ocrx_word' id='word_1_80' title='bbox 622 1609 728 1659; x_wconf 86' lang='lat' dir='ltr'><strong>mane</strong></span> <span class='ocrx_word' id='word_1_81' title='bbox 748 1585 958 1658; x_wconf 87' lang='lat' dir='ltr'><strong>schedulam</strong></span> <span class='ocrx_word' id='word_1_82' title='bbox 982 1583 1216 1658; x_wconf 89' lang='lat' dir='ltr'><strong>ordinationis</strong></span> <span class='ocrx_word' id='word_1_83' title='bbox 1231 1583 1359 1682; x_wconf 92' lang='lat' dir='ltr'><strong>hujus-</strong></span> 
     </span>
     <span class='ocr_line' id='line_1_11' title="bbox 48 1706 1358 1798; baseline 0.002 -21"><span class='ocrx_word' id='word_1_84' title='bbox 48 1706 129 1779; x_wconf 86' lang='lat' dir='ltr'><strong>modi</strong></span> <span class='ocrx_word' id='word_1_85' title='bbox 141 1707 234 1798; x_wconf 88' lang='lat' dir='ltr'><strong>dodi,</strong></span> <span class='ocrx_word' id='word_1_86' title='bbox 251 1731 336 1782; x_wconf 92' lang='lat' dir='ltr'><strong>cum</strong></span> <span class='ocrx_word' id='word_1_87' title='bbox 353 1709 419 1782; x_wconf 90' lang='lat' dir='ltr'><strong>sibi</strong></span> <span class='ocrx_word' id='word_1_88' title='bbox 435 1709 607 1785; x_wconf 87' lang='lat' dir='ltr'><strong>indecens</strong></span> <span class='ocrx_word' id='word_1_89' title='bbox 622 1711 804 1784; x_wconf 90' lang='lat' dir='ltr'><strong>rideretur</strong></span> <span class='ocrx_word' id='word_1_90' title='bbox 825 1709 913 1784; x_wconf 92' lang='lat' dir='ltr'><strong>tanti</strong></span> <span class='ocrx_word' id='word_1_91' title='bbox 935 1708 1045 1782; x_wconf 90' lang='lat' dir='ltr'><strong>olticii</strong></span> <span class='ocrx_word' id='word_1_92' title='bbox 1061 1708 1156 1782; x_wconf 89' lang='lat' dir='ltr'><strong>riros</strong></span> <span class='ocrx_word' id='word_1_93' title='bbox 1176 1708 1213 1781; x_wconf 95' lang='lat' dir='ltr'><strong>in</strong></span> <span class='ocrx_word' id='word_1_94' title='bbox 1233 1708 1358 1780; x_wconf 90' lang='lat' dir='ltr'><strong>intimo</strong></span> 
     </span>
     <span class='ocr_line' id='line_1_12' title="bbox 46 1829 1359 1932; baseline 0.003 -30"><span class='ocrx_word' id='word_1_95' title='bbox 46 1829 87 1902; x_wconf 85' lang='lat' dir='ltr'><strong>ire</strong></span> <span class='ocrx_word' id='word_1_96' title='bbox 111 1831 255 1920; x_wconf 88' lang='lat' dir='ltr'><strong>debere,</strong></span> <span class='ocrx_word' id='word_1_97' title='bbox 285 1856 330 1906; x_wconf 84' lang='lat' dir='ltr'><strong>ex</strong></span> <span class='ocrx_word' id='word_1_98' title='bbox 353 1857 397 1908; x_wconf 89' lang='lat' dir='ltr'><strong>eo</strong></span> <span class='ocrx_word' id='word_1_99' title='bbox 419 1835 504 1930; x_wconf 90' lang='lat' dir='ltr'><strong>quia</strong></span> <span class='ocrx_word' id='word_1_100' title='bbox 520 1835 616 1909; x_wconf 88' lang='lat' dir='ltr'><strong>inter</strong></span> <span class='ocrx_word' id='word_1_101' title='bbox 640 1835 800 1909; x_wconf 89' lang='lat' dir='ltr'><strong>notarios</strong></span> <span class='ocrx_word' id='word_1_102' title='bbox 827 1835 925 1932; x_wconf 90' lang='lat' dir='ltr'><strong>ipsos</strong></span> <span class='ocrx_word' id='word_1_103' title='bbox 952 1841 988 1909; x_wconf 86' lang='lat' dir='ltr'><strong>et</strong></span> <span class='ocrx_word' id='word_1_104' title='bbox 1012 1857 1140 1908; x_wconf 87' lang='lat' dir='ltr'><strong>omnes</strong></span> <span class='ocrx_word' id='word_1_105' title='bbox 1166 1842 1359 1930; x_wconf 86' lang='lat' dir='ltr'><strong>sequentes</strong></span> 
     </span>
     <span class='ocr_line' id='line_1_13' title="bbox 46 1955 1360 2058; baseline 0.003 -30"><span class='ocrx_word' id='word_1_106' title='bbox 46 1955 236 2033; x_wconf 89' lang='lat' dir='ltr'><strong>nullaesset</strong></span> <span class='ocrx_word' id='word_1_107' title='bbox 255 1959 456 2050; x_wconf 89' lang='lat' dir='ltr'><strong>contentio,</strong></span> <span class='ocrx_word' id='word_1_108' title='bbox 474 1961 627 2033; x_wconf 86' lang='lat' dir='ltr'><strong>obtinuit</strong></span> <span class='ocrx_word' id='word_1_109' title='bbox 641 1985 663 2034; x_wconf 93' lang='lat' dir='ltr'><strong>a</strong></span> <span class='ocrx_word' id='word_1_110' title='bbox 679 1965 741 2035; x_wconf 90' lang='lat' dir='ltr'><strong>SS.</strong></span> <span class='ocrx_word' id='word_1_111' title='bbox 763 1963 804 2032; x_wconf 93' lang='grc' dir='ltr'><strong>Ι).</strong></span> <span class='ocrx_word' id='word_1_112' title='bbox 828 1963 869 2033; x_wconf 92' lang='lat' dir='ltr'><strong>N.</strong></span> <span class='ocrx_word' id='word_1_113' title='bbox 888 1960 1040 2058; x_wconf 82' lang='lat' dir='ltr'><strong>gratiam</strong></span> <span class='ocrx_word' id='word_1_114' title='bbox 1060 1959 1157 2056; x_wconf 90' lang='lat' dir='ltr'><strong>quod</strong></span> <span class='ocrx_word' id='word_1_115' title='bbox 1177 1959 1360 2033; x_wconf 81' lang='lat' dir='ltr'><strong>abbrevia-</strong></span> 
     </span>
     <span class='ocr_line' id='line_1_14' title="bbox 47 2084 1358 2184; baseline 0.002 -30"><span class='ocrx_word' id='word_1_116' title='bbox 47 2084 1358 2184; x_wconf 86' lang='lat' dir='ltr'><strong>toreshujusmodivientproutivcrunt,immediatepostcontradictarum</strong></span> 
     </span>
     <span class='ocr_line' id='line_1_15' title="bbox 46 2209 900 2309; baseline 0.006 -29"><span class='ocrx_word' id='word_1_117' title='bbox 46 2215 284 2303; x_wconf 84' lang='lat' dir='ltr'><strong>procuratores</strong></span> <span class='ocrx_word' id='word_1_118' title='bbox 300 2217 336 2284; x_wconf 89' lang='lat' dir='ltr'><strong>et</strong></span> <span class='ocrx_word' id='word_1_119' title='bbox 352 2211 545 2308; x_wconf 89' lang='lat' dir='ltr'><strong>scriptores</strong></span> <span class='ocrx_word' id='word_1_120' title='bbox 563 2209 826 2309; x_wconf 89' lang='lat' dir='ltr'><strong>penitentiarie.</strong></span> <span class='ocrx_word' id='word_1_121' title='bbox 893 2209 900 2224; x_wconf 90' lang='lat'>&#39;</span> 
     </span>
    </p>

    <p class='ocr_par' dir='ltr' id='par_1_3' title="bbox 12 2335 1359 4540">
     <span class='ocr_line' id='line_1_16' title="bbox 83 2335 1358 2434; baseline 0 -26"><span class='ocrx_word' id='word_1_122' title='bbox 83 2337 265 2410; x_wconf 89' lang='lat' dir='ltr'><strong>Processio</strong></span> <span class='ocrx_word' id='word_1_123' title='bbox 279 2336 487 2434; x_wconf 89' lang='lat' dir='ltr'><strong>hujusmodi</strong></span> <span class='ocrx_word' id='word_1_124' title='bbox 502 2337 598 2412; x_wconf 91' lang='lat' dir='ltr'><strong>renit</strong></span> <span class='ocrx_word' id='word_1_125' title='bbox 613 2361 726 2434; x_wconf 88' lang='lat' dir='ltr'><strong>usquc</strong></span> <span class='ocrx_word' id='word_1_126' title='bbox 747 2337 794 2411; x_wconf 90' lang='lat' dir='ltr'><strong>ad</strong></span> <span class='ocrx_word' id='word_1_127' title='bbox 813 2343 972 2412; x_wconf 89' lang='lat' dir='ltr'><strong>castrum</strong></span> <span class='ocrx_word' id='word_1_128' title='bbox 996 2361 1025 2409; x_wconf 90' lang='lat' dir='ltr'><strong>s.</strong></span> <span class='ocrx_word' id='word_1_129' title='bbox 1043 2335 1172 2433; x_wconf 84' lang='lat' dir='ltr'><strong>Angeli</strong></span> <span class='ocrx_word' id='word_1_130' title='bbox 1184 2357 1251 2432; x_wconf 89' lang='lat' dir='ltr'><strong>per</strong></span> <span class='ocrx_word' id='word_1_131' title='bbox 1264 2335 1358 2410; x_wconf 90' lang='lat' dir='ltr'><strong>riam</strong></span> 
     </span>
     <span class='ocr_line' id='line_1_17' title="bbox 44 2457 1355 2560; baseline 0.006 -30"><span class='ocrx_word' id='word_1_132' title='bbox 44 2457 163 2556; x_wconf 81' lang='lat' dir='ltr'><strong>largam</strong></span> <span class='ocrx_word' id='word_1_133' title='bbox 182 2468 218 2535; x_wconf 93' lang='lat' dir='ltr'><strong>et</strong></span> <span class='ocrx_word' id='word_1_134' title='bbox 238 2486 307 2560; x_wconf 89' lang='lat' dir='ltr'><strong>per</strong></span> <span class='ocrx_word' id='word_1_135' title='bbox 330 2463 451 2553; x_wconf 91' lang='lat' dir='ltr'><strong>aliam,</strong></span> <span class='ocrx_word' id='word_1_136' title='bbox 474 2461 642 2538; x_wconf 86' lang='lat' dir='ltr'><strong>videlicet</strong></span> <span class='ocrx_word' id='word_1_137' title='bbox 664 2462 757 2536; x_wconf 89' lang='lat' dir='ltr'><strong>riam</strong></span> <span class='ocrx_word' id='word_1_138' title='bbox 786 2467 948 2536; x_wconf 87' lang='lat' dir='ltr'><strong>sanctam</strong></span> <span class='ocrx_word' id='word_1_139' title='bbox 971 2489 978 2534; x_wconf 93' lang='lat'>:</span> <span class='ocrx_word' id='word_1_140' title='bbox 1003 2485 1145 2538; x_wconf 88' lang='lat' dir='ltr'><strong>reversa</strong></span> <span class='ocrx_word' id='word_1_141' title='bbox 1165 2470 1219 2537; x_wconf 90' lang='lat' dir='ltr'><strong>est</strong></span> <span class='ocrx_word' id='word_1_142' title='bbox 1243 2487 1355 2560; x_wconf 90' lang='lat' dir='ltr'><strong>usque</strong></span> 
     </span>
     <span class='ocr_line' id='line_1_18' title="bbox 44 2586 1354 2678; baseline 0.002 -20"><span class='ocrx_word' id='word_1_143' title='bbox 44 2587 80 2658; x_wconf 86' lang='lat' dir='ltr'><strong>ad</strong></span> <span class='ocrx_word' id='word_1_144' title='bbox 103 2587 287 2662; x_wconf 89' lang='lat' dir='ltr'><strong>basilicam</strong></span> <span class='ocrx_word' id='word_1_145' title='bbox 319 2611 348 2659; x_wconf 89' lang='lat' dir='ltr'><strong>s.</strong></span> <span class='ocrx_word' id='word_1_146' title='bbox 378 2586 486 2661; x_wconf 86' lang='lat' dir='ltr'><strong>Petri.</strong></span> <span class='ocrx_word' id='word_1_147' title='bbox 522 2587 669 2662; x_wconf 92' lang='lat' dir='ltr'><strong>lnterim</strong></span> <span class='ocrx_word' id='word_1_148' title='bbox 698 2587 743 2660; x_wconf 92' lang='lat' dir='ltr'><strong>de</strong></span> <span class='ocrx_word' id='word_1_149' title='bbox 773 2587 943 2660; x_wconf 89' lang='lat' dir='ltr'><strong>mandato</strong></span> <span class='ocrx_word' id='word_1_150' title='bbox 969 2589 1032 2660; x_wconf 90' lang='lat' dir='ltr'><strong>SS.</strong></span> <span class='ocrx_word' id='word_1_151' title='bbox 1060 2589 1135 2660; x_wconf 94' lang='lat' dir='ltr'><strong>DD.</strong></span> <span class='ocrx_word' id='word_1_152' title='bbox 1164 2590 1223 2678; x_wconf 94' lang='lat' dir='ltr'><strong>N.,</strong></span> <span class='ocrx_word' id='word_1_153' title='bbox 1254 2611 1354 2661; x_wconf 89' lang='lat' dir='ltr'><strong>man-</strong></span> 
     </span>
     <span class='ocr_line' id='line_1_19' title="bbox 44 2709 1352 2810; baseline 0.003 -28"><span class='ocrx_word' id='word_1_154' title='bbox 44 2709 107 2784; x_wconf 85' lang='lat' dir='ltr'><strong>dari</strong></span> <span class='ocrx_word' id='word_1_155' title='bbox 133 2711 357 2810; x_wconf 83' lang='lat' dir='ltr'><strong>singulorum</strong></span> <span class='ocrx_word' id='word_1_156' title='bbox 386 2712 593 2787; x_wconf 86' lang='lat' dir='ltr'><strong>ostiolorum</strong></span> <span class='ocrx_word' id='word_1_157' title='bbox 628 2712 842 2786; x_wconf 81' lang='lat' dir='ltr'><strong>officialibus</strong></span> <span class='ocrx_word' id='word_1_158' title='bbox 873 2711 1083 2809; x_wconf 89' lang='lat' dir='ltr'><strong>primalibus</strong></span> <span class='ocrx_word' id='word_1_159' title='bbox 1115 2713 1352 2810; x_wconf 80' lang='lat' dir='ltr'><strong>infrascriptis</strong></span> 
     </span>
     <span class='ocr_line' id='line_1_20' title="bbox 43 2834 1358 2936; baseline 0.004 -31"><span class='ocrx_word' id='word_1_160' title='bbox 43 2834 188 2910; x_wconf 80' lang='lat' dir='ltr'><strong>videlicet</strong></span> <span class='ocrx_word' id='word_1_161' title='bbox 214 2838 317 2933; x_wconf 91' lang='lat' dir='ltr'><strong>quod</strong></span> <span class='ocrx_word' id='word_1_162' title='bbox 347 2839 413 2912; x_wconf 95' lang='lat' dir='ltr'><strong>sub</strong></span> <span class='ocrx_word' id='word_1_163' title='bbox 450 2861 543 2935; x_wconf 90' lang='lat' dir='ltr'><strong>pena</strong></span> <span class='ocrx_word' id='word_1_164' title='bbox 574 2837 833 2934; x_wconf 81' lang='lat' dir='ltr'><strong>quinquaginta</strong></span> <span class='ocrx_word' id='word_1_165' title='bbox 856 2836 1071 2910; x_wconf 90' lang='lat' dir='ltr'><strong>ducatorum</strong></span> <span class='ocrx_word' id='word_1_166' title='bbox 1103 2837 1259 2912; x_wconf 89' lang='lat' dir='ltr'><strong>debeant</strong></span> <span class='ocrx_word' id='word_1_167' title='bbox 1292 2863 1358 2936; x_wconf 92' lang='lat' dir='ltr'><strong>per</strong></span> 
     </span>
     <span class='ocr_line' id='line_1_21' title="bbox 44 2959 1357 3055; baseline 0.003 -25"><span class='ocrx_word' id='word_1_168' title='bbox 44 2968 142 3034; x_wconf 90' lang='lat' dir='ltr'><strong>totum</strong></span> <span class='ocrx_word' id='word_1_169' title='bbox 156 2961 256 3036; x_wconf 90' lang='lat' dir='ltr'><strong>diem</strong></span> <span class='ocrx_word' id='word_1_170' title='bbox 275 2959 471 3036; x_wconf 88' lang='lat' dir='ltr'><strong>crastinum</strong></span> <span class='ocrx_word' id='word_1_171' title='bbox 495 2959 728 3055; x_wconf 84' lang='lat' dir='ltr'><strong>consignasse</strong></span> <span class='ocrx_word' id='word_1_172' title='bbox 743 2963 847 3033; x_wconf 90' lang='lat' dir='ltr'><strong>Rmo.</strong></span> <span class='ocrx_word' id='word_1_173' title='bbox 871 2962 914 3033; x_wconf 89' lang='lat' dir='ltr'><strong>D.</strong></span> <span class='ocrx_word' id='word_1_174' title='bbox 931 2960 1130 3034; x_wconf 90' lang='lat' dir='ltr'><strong>camerario</strong></span> <span class='ocrx_word' id='word_1_175' title='bbox 1146 2960 1357 3034; x_wconf 89' lang='lat' dir='ltr'><strong>schedulam</strong></span> 
     </span>
     <span class='ocr_line' id='line_1_22' title="bbox 13 3084 1356 3186; baseline 0.005 -34"><span class='ocrx_word' id='word_1_176' title='bbox 13 3149 14 3152; x_wconf 74' lang='grc'>,</span> <span class='ocrx_word' id='word_1_177' title='bbox 44 3087 188 3162; x_wconf 90' lang='lat' dir='ltr'><strong>omnium</strong></span> <span class='ocrx_word' id='word_1_178' title='bbox 217 3108 458 3186; x_wconf 86' lang='lat' dir='ltr'><strong>personarum</strong></span> <span class='ocrx_word' id='word_1_179' title='bbox 493 3108 557 3158; x_wconf 88' lang='lat' dir='ltr'><strong>seu</strong></span> <span class='ocrx_word' id='word_1_180' title='bbox 588 3085 795 3160; x_wconf 90' lang='lat' dir='ltr'><strong>ollicialium</strong></span> <span class='ocrx_word' id='word_1_181' title='bbox 827 3085 880 3158; x_wconf 92' lang='lat' dir='ltr'><strong>sui</strong></span> <span class='ocrx_word' id='word_1_182' title='bbox 912 3084 1023 3158; x_wconf 91' lang='lat' dir='ltr'><strong>olficii</strong></span> <span class='ocrx_word' id='word_1_183' title='bbox 1056 3084 1093 3156; x_wconf 92' lang='lat' dir='ltr'><strong>in</strong></span> <span class='ocrx_word' id='word_1_184' title='bbox 1121 3085 1356 3182; x_wconf 90' lang='lat' dir='ltr'><strong>processione</strong></span> 
     </span>
     <span class='ocr_line' id='line_1_23' title="bbox 44 3209 1354 3310; baseline -0.004 -25"><span class='ocrx_word' id='word_1_185' title='bbox 44 3213 234 3310; x_wconf 81' lang='lat' dir='ltr'><strong>hujusmodi</strong></span> <span class='ocrx_word' id='word_1_186' title='bbox 252 3211 477 3310; x_wconf 88' lang='lat' dir='ltr'><strong>presentium</strong></span> <span class='ocrx_word' id='word_1_187' title='bbox 493 3216 528 3284; x_wconf 90' lang='lat' dir='ltr'><strong>et</strong></span> <span class='ocrx_word' id='word_1_188' title='bbox 545 3210 605 3306; x_wconf 92' lang='lat' dir='ltr'><strong>qui</strong></span> <span class='ocrx_word' id='word_1_189' title='bbox 619 3210 663 3284; x_wconf 88' lang='lat' dir='ltr'><strong>ab</strong></span> <span class='ocrx_word' id='word_1_190' title='bbox 679 3211 738 3283; x_wconf 89' lang='lat' dir='ltr'><strong>illa</strong></span> <span class='ocrx_word' id='word_1_191' title='bbox 759 3210 928 3285; x_wconf 87' lang='lat' dir='ltr'><strong>absentes</strong></span> <span class='ocrx_word' id='word_1_192' title='bbox 948 3211 1105 3300; x_wconf 87' lang='lat' dir='ltr'><strong>luerunt,</strong></span> <span class='ocrx_word' id='word_1_193' title='bbox 1128 3209 1296 3284; x_wconf 83' lang='lat' dir='ltr'><strong>videlicet</strong></span> <span class='ocrx_word' id='word_1_194' title='bbox 1311 3213 1354 3282; x_wconf 94' lang='lat' dir='ltr'><strong>D.</strong></span> 
     </span>
     <span class='ocr_line' id='line_1_24' title="bbox 46 3335 1358 3436; baseline -0.004 -25"><span class='ocrx_word' id='word_1_195' title='bbox 46 3339 173 3414; x_wconf 87' lang='lat' dir='ltr'><strong>Nicolao</strong></span> <span class='ocrx_word' id='word_1_196' title='bbox 186 3343 370 3435; x_wconf 82' lang='lat' dir='ltr'><strong>Bregeon,</strong></span> <span class='ocrx_word' id='word_1_197' title='bbox 381 3360 446 3436; x_wconf 94' lang='lat' dir='ltr'><strong>pro</strong></span> <span class='ocrx_word' id='word_1_198' title='bbox 459 3359 569 3434; x_wconf 90' lang='lat' dir='ltr'><strong>parco</strong></span> <span class='ocrx_word' id='word_1_199' title='bbox 585 3337 744 3433; x_wconf 79' lang='lat' dir='ltr'><strong>maj0re3</strong></span> <span class='ocrx_word' id='word_1_200' title='bbox 761 3341 803 3410; x_wconf 94' lang='lat' dir='ltr'><strong>D.</strong></span> <span class='ocrx_word' id='word_1_201' title='bbox 817 3336 1016 3434; x_wconf 82' lang='lat' dir='ltr'><strong>Augustino</strong></span> <span class='ocrx_word' id='word_1_202' title='bbox 1028 3336 1071 3408; x_wconf 87' lang='lat' dir='ltr'><strong>de</strong></span> <span class='ocrx_word' id='word_1_203' title='bbox 1084 3335 1219 3409; x_wconf 93' lang='lat' dir='ltr'><strong>Urbino</strong></span> <span class='ocrx_word' id='word_1_204' title='bbox 1232 3335 1358 3409; x_wconf 89' lang='lat' dir='ltr'><strong>rescri-</strong></span> 
     </span>
     <span class='ocr_line' id='line_1_25' title="bbox 46 3461 1356 3563; baseline -0.002 -27"><span class='ocrx_word' id='word_1_205' title='bbox 46 3463 215 3554; x_wconf 88' lang='lat' dir='ltr'><strong>bendario,</strong></span> <span class='ocrx_word' id='word_1_206' title='bbox 233 3487 301 3563; x_wconf 90' lang='lat' dir='ltr'><strong>pro</strong></span> <span class='ocrx_word' id='word_1_207' title='bbox 329 3461 564 3558; x_wconf 90' lang='lat' dir='ltr'><strong>scriptoribus</strong></span> <span class='ocrx_word' id='word_1_208' title='bbox 591 3461 817 3558; x_wconf 90' lang='lat' dir='ltr'><strong>apostolicis;</strong></span> <span class='ocrx_word' id='word_1_209' title='bbox 848 3465 890 3534; x_wconf 92' lang='lat' dir='ltr'><strong>D.</strong></span> <span class='ocrx_word' id='word_1_210' title='bbox 921 3464 1014 3535; x_wconf 88' lang='lat' dir='ltr'><strong>Goro</strong></span> <span class='ocrx_word' id='word_1_211' title='bbox 1044 3461 1261 3559; x_wconf 86' lang='lat' dir='ltr'><strong>Seraphino,</strong></span> <span class='ocrx_word' id='word_1_212' title='bbox 1291 3485 1356 3558; x_wconf 90' lang='lat' dir='ltr'><strong>pro</strong></span> 
     </span>
     <span class='ocr_line' id='line_1_26' title="bbox 45 3585 1356 3687; baseline 0.001 -28"><span class='ocrx_word' id='word_1_213' title='bbox 45 3590 264 3687; x_wconf 88' lang='lat' dir='ltr'><strong>scriptoribus</strong></span> <span class='ocrx_word' id='word_1_214' title='bbox 292 3586 567 3686; x_wconf 86' lang='lat' dir='ltr'><strong>penitentiarie;</strong></span> <span class='ocrx_word' id='word_1_215' title='bbox 591 3590 634 3658; x_wconf 90' lang='lat' dir='ltr'><strong>D.</strong></span> <span class='ocrx_word' id='word_1_216' title='bbox 659 3587 819 3678; x_wconf 91' lang='lat' dir='ltr'><strong>Nicolao,</strong></span> <span class='ocrx_word' id='word_1_217' title='bbox 838 3586 883 3660; x_wconf 88' lang='lat' dir='ltr'><strong>de</strong></span> <span class='ocrx_word' id='word_1_218' title='bbox 904 3586 1021 3684; x_wconf 92' lang='lat' dir='ltr'><strong>prima</strong></span> <span class='ocrx_word' id='word_1_219' title='bbox 1040 3585 1175 3661; x_wconf 90' lang='lat' dir='ltr'><strong>risione</strong></span> <span class='ocrx_word' id='word_1_220' title='bbox 1192 3592 1228 3660; x_wconf 90' lang='lat' dir='ltr'><strong>et</strong></span> <span class='ocrx_word' id='word_1_221' title='bbox 1247 3609 1356 3684; x_wconf 90' lang='lat' dir='ltr'><strong>parco</strong></span> 
     </span>
     <span class='ocr_line' id='line_1_27' title="bbox 12 3701 1354 3813; baseline 0.001 -28"><span class='ocrx_word' id='word_1_222' title='bbox 12 3701 14 3712; x_wconf 40' lang='lat'>⁸</span> <span class='ocrx_word' id='word_1_223' title='bbox 44 3713 180 3809; x_wconf 73' lang='lat' dir='ltr'><strong>minori,</strong></span> <span class='ocrx_word' id='word_1_224' title='bbox 199 3719 243 3790; x_wconf 94' lang='lat' dir='ltr'><strong>D.</strong></span> <span class='ocrx_word' id='word_1_225' title='bbox 263 3713 410 3788; x_wconf 89' lang='lat' dir='ltr'><strong>Nicolao</strong></span> <span class='ocrx_word' id='word_1_226' title='bbox 427 3713 615 3788; x_wconf 89' lang='lat' dir='ltr'><strong>Salmeron</strong></span> <span class='ocrx_word' id='word_1_227' title='bbox 635 3739 701 3812; x_wconf 91' lang='lat' dir='ltr'><strong>pro</strong></span> <span class='ocrx_word' id='word_1_228' title='bbox 722 3715 1016 3813; x_wconf 89' lang='lat' dir='ltr'><strong>procuratoribus</strong></span> <span class='ocrx_word' id='word_1_229' title='bbox 1036 3713 1354 3804; x_wconf 87' lang='lat' dir='ltr'><strong>contradictarum,</strong></span> 
     </span>
     <span class='ocr_line' id='line_1_28' title="bbox 46 3839 1353 3938; baseline 0.004 -29"><span class='ocrx_word' id='word_1_230' title='bbox 46 3839 80 3909; x_wconf 92' lang='lat' dir='ltr'><strong>D.</strong></span> <span class='ocrx_word' id='word_1_231' title='bbox 103 3841 178 3916; x_wconf 88' lang='lat' dir='ltr'><strong>Joh.</strong></span> <span class='ocrx_word' id='word_1_232' title='bbox 199 3842 245 3915; x_wconf 89' lang='lat' dir='ltr'><strong>de</strong></span> <span class='ocrx_word' id='word_1_233' title='bbox 268 3839 395 3913; x_wconf 84' lang='lat' dir='ltr'><strong>Mediis</strong></span> <span class='ocrx_word' id='word_1_234' title='bbox 419 3863 484 3937; x_wconf 94' lang='lat' dir='ltr'><strong>pro</strong></span> <span class='ocrx_word' id='word_1_235' title='bbox 509 3839 815 3915; x_wconf 87' lang='lat' dir='ltr'><strong>abbreviatoribus</strong></span> <span class='ocrx_word' id='word_1_236' title='bbox 837 3841 882 3915; x_wconf 90' lang='lat' dir='ltr'><strong>de</strong></span> <span class='ocrx_word' id='word_1_237' title='bbox 898 3841 1015 3938; x_wconf 90' lang='lat' dir='ltr'><strong>prima</strong></span> <span class='ocrx_word' id='word_1_238' title='bbox 1029 3839 1166 3914; x_wconf 92' lang='lat' dir='ltr'><strong>visione</strong></span> <span class='ocrx_word' id='word_1_239' title='bbox 1192 3846 1227 3915; x_wconf 90' lang='lat' dir='ltr'><strong>et</strong></span> <span class='ocrx_word' id='word_1_240' title='bbox 1243 3864 1353 3938; x_wconf 92' lang='lat' dir='ltr'><strong>parco</strong></span> 
     </span>
     <span class='ocr_line' id='line_1_29' title="bbox 45 3965 1354 4064; baseline 0.004 -30"><span class='ocrx_word' id='word_1_241' title='bbox 45 3965 158 4060; x_wconf 86' lang='lat' dir='ltr'><strong>majori</strong></span> <span class='ocrx_word' id='word_1_242' title='bbox 182 3969 226 4040; x_wconf 94' lang='lat' dir='ltr'><strong>D.</strong></span> <span class='ocrx_word' id='word_1_243' title='bbox 254 3965 409 4038; x_wconf 87' lang='lat' dir='ltr'><strong>Johauni</strong></span> <span class='ocrx_word' id='word_1_244' title='bbox 439 3965 640 4056; x_wconf 88' lang='lat' dir='ltr'><strong>Vendersa,</strong></span> <span class='ocrx_word' id='word_1_245' title='bbox 667 3989 733 4064; x_wconf 92' lang='lat' dir='ltr'><strong>pro</strong></span> <span class='ocrx_word' id='word_1_246' title='bbox 759 3967 1051 4064; x_wconf 90' lang='lat' dir='ltr'><strong>procuratoribus</strong></span> <span class='ocrx_word' id='word_1_247' title='bbox 1081 3966 1354 4063; x_wconf 81' lang='lat' dir='ltr'><strong>penitentiarie3</strong></span> 
     </span>
     <span class='ocr_line' id='line_1_30' title="bbox 45 4087 1353 4192; baseline 0.005 -33"><span class='ocrx_word' id='word_1_248' title='bbox 45 4087 79 4159; x_wconf 92' lang='grc' dir='ltr'><strong>Ι).</strong></span> <span class='ocrx_word' id='word_1_249' title='bbox 97 4091 248 4165; x_wconf 70' lang='lat' dir='ltr'><strong>iohanni</strong></span> <span class='ocrx_word' id='word_1_250' title='bbox 269 4091 497 4188; x_wconf 82' lang='lat' dir='ltr'><strong>Hagencher,</strong></span> <span class='ocrx_word' id='word_1_251' title='bbox 525 4115 590 4190; x_wconf 94' lang='lat' dir='ltr'><strong>pro</strong></span> <span class='ocrx_word' id='word_1_252' title='bbox 616 4095 765 4167; x_wconf 90' lang='lat' dir='ltr'><strong>notariis</strong></span> <span class='ocrx_word' id='word_1_253' title='bbox 788 4094 909 4192; x_wconf 89' lang='lat' dir='ltr'><strong>palatii</strong></span> <span class='ocrx_word' id='word_1_254' title='bbox 935 4095 1006 4168; x_wconf 90' lang='lat' dir='ltr'><strong>sire</strong></span> <span class='ocrx_word' id='word_1_255' title='bbox 1032 4091 1234 4167; x_wconf 89' lang='lat' dir='ltr'><strong>auditorum</strong></span> <span class='ocrx_word' id='word_1_256' title='bbox 1258 4098 1353 4182; x_wconf 88' lang='lat' dir='ltr'><strong>rote;</strong></span> 
     </span>
     <span class='ocr_line' id='line_1_31' title="bbox 45 4209 1359 4316; baseline 0.009 -36"><span class='ocrx_word' id='word_1_257' title='bbox 45 4209 80 4281; x_wconf 90' lang='grc' dir='ltr'><strong>Ι).</strong></span> <span class='ocrx_word' id='word_1_258' title='bbox 99 4212 289 4287; x_wconf 87' lang='lat' dir='ltr'><strong>Vincentio</strong></span> <span class='ocrx_word' id='word_1_259' title='bbox 305 4213 349 4286; x_wconf 91' lang='lat' dir='ltr'><strong>de</strong></span> <span class='ocrx_word' id='word_1_260' title='bbox 367 4211 527 4304; x_wconf 86' lang='lat' dir='ltr'><strong>Giochis,</strong></span> <span class='ocrx_word' id='word_1_261' title='bbox 548 4237 615 4312; x_wconf 93' lang='lat' dir='ltr'><strong>pro</strong></span> <span class='ocrx_word' id='word_1_262' title='bbox 636 4215 913 4292; x_wconf 89' lang='lat' dir='ltr'><strong>solicitatoribus</strong></span> <span class='ocrx_word' id='word_1_263' title='bbox 934 4217 1118 4293; x_wconf 89' lang='lat' dir='ltr'><strong>literarum</strong></span> <span class='ocrx_word' id='word_1_264' title='bbox 1149 4216 1359 4316; x_wconf 87' lang='lat' dir='ltr'><strong>apostolica-</strong></span> 
     </span>
     <span class='ocr_line' id='line_1_32' title="bbox 44 4337 1357 4442; baseline 0.007 -36"><span class='ocrx_word' id='word_1_265' title='bbox 44 4357 128 4428; x_wconf 93' lang='lat' dir='ltr'><strong>rum;</strong></span> <span class='ocrx_word' id='word_1_266' title='bbox 153 4347 189 4413; x_wconf 90' lang='lat' dir='ltr'><strong>et</strong></span> <span class='ocrx_word' id='word_1_267' title='bbox 216 4343 260 4413; x_wconf 94' lang='grc' dir='ltr'><strong>Ι).</strong></span> <span class='ocrx_word' id='word_1_268' title='bbox 292 4337 483 4414; x_wconf 91' lang='lat' dir='ltr'><strong>Dominico</strong></span> <span class='ocrx_word' id='word_1_269' title='bbox 507 4341 552 4416; x_wconf 85' lang='lat' dir='ltr'><strong>de</strong></span> <span class='ocrx_word' id='word_1_270' title='bbox 575 4342 780 4436; x_wconf 84' lang='lat' dir='ltr'><strong>Attarantii,</strong></span> <span class='ocrx_word' id='word_1_271' title='bbox 800 4367 866 4440; x_wconf 94' lang='lat' dir='ltr'><strong>pro</strong></span> <span class='ocrx_word' id='word_1_272' title='bbox 885 4343 1139 4419; x_wconf 87' lang='lat' dir='ltr'><strong>collectoribus</strong></span> <span class='ocrx_word' id='word_1_273' title='bbox 1161 4343 1298 4442; x_wconf 92' lang='lat' dir='ltr'><strong>plumbi</strong></span> <span class='ocrx_word' id='word_1_274' title='bbox 1320 4343 1357 4416; x_wconf 95' lang='lat' dir='ltr'><strong>in</strong></span> 
     </span>
     <span class='ocr_line' id='line_1_33' title="bbox 44 4456 348 4540; baseline 0.016 -9"><span class='ocrx_word' id='word_1_275' title='bbox 44 4456 218 4540; x_wconf 87' lang='lat' dir='ltr'><strong>basilicas.</strong></span> <span class='ocrx_word' id='word_1_276' title='bbox 238 4465 348 4540; x_wconf 89' lang='lat' dir='ltr'><strong>Petri.</strong></span> 
     </span>
    </p>

    <p class='ocr_par' dir='ltr' id='par_1_4' title="bbox 43 4591 1356 5197">
     <span class='ocr_line' id='line_1_34' title="bbox 84 4591 1355 4692; baseline 0.009 -32"><span class='ocrx_word' id='word_1_277' title='bbox 84 4591 142 4664; x_wconf 88' lang='lat' dir='ltr'><strong>SS.</strong></span> <span class='ocrx_word' id='word_1_278' title='bbox 171 4595 215 4665; x_wconf 94' lang='lat' dir='ltr'><strong>D.</strong></span> <span class='ocrx_word' id='word_1_279' title='bbox 241 4594 300 4684; x_wconf 93' lang='lat' dir='ltr'><strong>N.,</strong></span> <span class='ocrx_word' id='word_1_280' title='bbox 319 4598 402 4666; x_wconf 90' lang='lat' dir='ltr'><strong>ante</strong></span> <span class='ocrx_word' id='word_1_281' title='bbox 427 4591 539 4667; x_wconf 89' lang='lat' dir='ltr'><strong>altare</strong></span> <span class='ocrx_word' id='word_1_282' title='bbox 564 4595 695 4692; x_wconf 85' lang='lat' dir='ltr'><strong>majus,</strong></span> <span class='ocrx_word' id='word_1_283' title='bbox 722 4595 820 4671; x_wconf 88' lang='lat' dir='ltr'><strong>dedit</strong></span> <span class='ocrx_word' id='word_1_284' title='bbox 843 4596 1116 4671; x_wconf 91' lang='lat' dir='ltr'><strong>tabernaculum</strong></span> <span class='ocrx_word' id='word_1_285' title='bbox 1132 4619 1215 4670; x_wconf 91' lang='lat' dir='ltr'><strong>cum</strong></span> <span class='ocrx_word' id='word_1_286' title='bbox 1235 4619 1355 4671; x_wconf 88' lang='lat' dir='ltr'><strong>sacra-</strong></span> 
     </span>
     <span class='ocr_line' id='line_1_35' title="bbox 44 4717 1356 4818; baseline 0.011 -38"><span class='ocrx_word' id='word_1_287' title='bbox 44 4718 151 4784; x_wconf 88' lang='lat' dir='ltr'><strong>mento</strong></span> <span class='ocrx_word' id='word_1_288' title='bbox 167 4717 271 4788; x_wconf 89' lang='lat' dir='ltr'><strong>Rmo.</strong></span> <span class='ocrx_word' id='word_1_289' title='bbox 291 4719 334 4790; x_wconf 87' lang='lat' dir='ltr'><strong>D.</strong></span> <span class='ocrx_word' id='word_1_290' title='bbox 354 4717 527 4791; x_wconf 89' lang='lat' dir='ltr'><strong>cardinali</strong></span> <span class='ocrx_word' id='word_1_291' title='bbox 543 4719 696 4793; x_wconf 89' lang='lat' dir='ltr'><strong>Senensi</strong></span> <span class='ocrx_word' id='word_1_292' title='bbox 709 4720 768 4816; x_wconf 93' lang='lat' dir='ltr'><strong>qui</strong></span> <span class='ocrx_word' id='word_1_293' title='bbox 784 4721 870 4794; x_wconf 91' lang='lat' dir='ltr'><strong>illud</strong></span> <span class='ocrx_word' id='word_1_294' title='bbox 882 4721 1003 4818; x_wconf 92' lang='lat' dir='ltr'><strong>posuit</strong></span> <span class='ocrx_word' id='word_1_295' title='bbox 1013 4721 1049 4794; x_wconf 93' lang='lat' dir='ltr'><strong>iu</strong></span> <span class='ocrx_word' id='word_1_296' title='bbox 1065 4722 1223 4796; x_wconf 89' lang='lat' dir='ltr'><strong>medium</strong></span> <span class='ocrx_word' id='word_1_297' title='bbox 1235 4721 1356 4795; x_wconf 88' lang='lat' dir='ltr'><strong>altaris</strong></span> 
     </span>
     <span class='ocr_line' id='line_1_36' title="bbox 44 4841 1356 4944; baseline 0.008 -37"><span class='ocrx_word' id='word_1_298' title='bbox 44 4854 137 4931; x_wconf 76' lang='lat' dir='ltr'><strong>supra</strong></span> <span class='ocrx_word' id='word_1_299' title='bbox 155 4841 353 4935; x_wconf 82' lang='lat' dir='ltr'><strong>gradellum</strong></span> <span class='ocrx_word' id='word_1_300' title='bbox 370 4867 437 4941; x_wconf 93' lang='lat' dir='ltr'><strong>per</strong></span> <span class='ocrx_word' id='word_1_301' title='bbox 456 4843 644 4917; x_wconf 89' lang='lat' dir='ltr'><strong>sacristam</strong></span> <span class='ocrx_word' id='word_1_302' title='bbox 662 4845 796 4920; x_wconf 89' lang='lat' dir='ltr'><strong>adhoc</strong></span> <span class='ocrx_word' id='word_1_303' title='bbox 818 4846 1022 4920; x_wconf 90' lang='lat' dir='ltr'><strong>ordinatum</strong></span> <span class='ocrx_word' id='word_1_304' title='bbox 1051 4871 1060 4919; x_wconf 76' lang='grc' dir='ltr'><strong>ι</strong></span> <span class='ocrx_word' id='word_1_305' title='bbox 1086 4853 1162 4920; x_wconf 92' lang='lat' dir='ltr'><strong>tum</strong></span> <span class='ocrx_word' id='word_1_306' title='bbox 1186 4846 1356 4944; x_wconf 87' lang='lat' dir='ltr'><strong>imposuit</strong></span> 
     </span>
     <span class='ocr_line' id='line_1_37' title="bbox 43 4955 1356 5062; baseline 0.014 -35"><span class='ocrx_word' id='word_1_307' title='bbox 43 4955 217 5038; x_wconf 88' lang='lat' dir='ltr'><strong>incensum</strong></span> <span class='ocrx_word' id='word_1_308' title='bbox 242 4969 304 5042; x_wconf 91' lang='lat' dir='ltr'><strong>SS.</strong></span> <span class='ocrx_word' id='word_1_309' title='bbox 333 4971 376 5042; x_wconf 88' lang='lat' dir='ltr'><strong>D.</strong></span> <span class='ocrx_word' id='word_1_310' title='bbox 399 4970 442 5042; x_wconf 90' lang='lat' dir='ltr'><strong>N.</strong></span> <span class='ocrx_word' id='word_1_311' title='bbox 471 4967 509 5040; x_wconf 91' lang='lat' dir='ltr'><strong>in</strong></span> <span class='ocrx_word' id='word_1_312' title='bbox 529 4992 601 5044; x_wconf 91' lang='lat' dir='ltr'><strong>uno</strong></span> <span class='ocrx_word' id='word_1_313' title='bbox 624 4993 668 5044; x_wconf 86' lang='lat' dir='ltr'><strong>ex</strong></span> <span class='ocrx_word' id='word_1_314' title='bbox 689 4971 893 5062; x_wconf 86' lang='lat' dir='ltr'><strong>thuribulis,</strong></span> <span class='ocrx_word' id='word_1_315' title='bbox 916 4971 1139 5048; x_wconf 87' lang='lat' dir='ltr'><strong>ministrante</strong></span> <span class='ocrx_word' id='word_1_316' title='bbox 1158 4971 1356 5048; x_wconf 87' lang='lat' dir='ltr'><strong>naviculam</strong></span> 
     </span>
     <span class='ocr_line' id='line_1_38' title="bbox 44 5083 1355 5197; baseline 0.014 -45"><span class='ocrx_word' id='word_1_317' title='bbox 44 5083 136 5160; x_wconf 87' lang='lat' dir='ltr'><strong>ltmo.</strong></span> <span class='ocrx_word' id='word_1_318' title='bbox 155 5091 197 5163; x_wconf 91' lang='grc' dir='ltr'><strong>Ι).</strong></span> <span class='ocrx_word' id='word_1_319' title='bbox 215 5093 394 5169; x_wconf 87' lang='lat' dir='ltr'><strong>cardinale</strong></span> <span class='ocrx_word' id='word_1_320' title='bbox 412 5119 442 5168; x_wconf 91' lang='lat' dir='ltr'><strong>s.</strong></span> <span class='ocrx_word' id='word_1_321' title='bbox 459 5094 602 5192; x_wconf 80' lang='lat' dir='ltr'><strong>Angeli,</strong></span> <span class='ocrx_word' id='word_1_322' title='bbox 624 5101 660 5170; x_wconf 93' lang='lat' dir='ltr'><strong>et</strong></span> <span class='ocrx_word' id='word_1_323' title='bbox 679 5097 890 5195; x_wconf 87' lang='lat' dir='ltr'><strong>geuullexus</strong></span> <span class='ocrx_word' id='word_1_324' title='bbox 906 5097 942 5172; x_wconf 91' lang='lat' dir='ltr'><strong>in</strong></span> <span class='ocrx_word' id='word_1_325' title='bbox 962 5099 1081 5197; x_wconf 89' lang='lat' dir='ltr'><strong>primo</strong></span> <span class='ocrx_word' id='word_1_326' title='bbox 1103 5099 1215 5197; x_wconf 82' lang='lat' dir='ltr'><strong>gradu</strong></span> <span class='ocrx_word' id='word_1_327' title='bbox 1235 5097 1355 5173; x_wconf 87' lang='lat' dir='ltr'><strong>altaris</strong></span> 
     </span>
    </p>
   </div>
   <div class='ocr_carea' id='block_1_3' title="bbox 0 0 1716 6038">
    <p class='ocr_par' dir='ltr' id='par_1_5' title="bbox 0 0 1716 6038">
     <span class='ocr_line' id='line_1_39' title="bbox 0 0 1716 6038; baseline 0 1"><span class='ocrx_word' id='word_1_328' title='bbox 0 0 1716 6038; x_wconf 95' lang='lat' dir='ltr'><strong> </strong></span> 
     </span>
    </p>
   </div>
  </div>
 </body>
</html>
