<?xml version="1.0" encoding="UTF-8"?>
<!DOCTYPE html PUBLIC "-//W3C//DTD XHTML 1.0 Transitional//EN"
    "http://www.w3.org/TR/xhtml1/DTD/xhtml1-transitional.dtd">
<html xmlns="http://www.w3.org/1999/xhtml" xml:lang="en" lang="en">
 <head>
  <title>
</title>
<meta http-equiv="Content-Type" content="text/html;charset=utf-8" />
  <meta name='ocr-system' content='tesseract 3.04.00' />
  <meta name='ocr-capabilities' content='ocr_page ocr_carea ocr_par ocr_line ocrx_word'/>
</head>
<body>
  <div class='ocr_page' id='page_1' title='image "./johannisburchar02burcgoog/johannisburchar02burcgoog_0083.png"; bbox 0 0 3600 6094; ppageno 0'>
   <div class='ocr_carea' id='block_1_1' title="bbox 322 519 1655 594">
    <p class='ocr_par' dir='ltr' id='par_1_1' title="bbox 322 519 1655 594">
     <span class='ocr_line' id='line_1_1' title="bbox 322 519 1655 594; baseline -0.005 -13"><span class='ocrx_word' id='word_1_1' title='bbox 322 526 358 582; x_wconf 83' lang='lat'><strong>70</strong></span> <span class='ocrx_word' id='word_1_2' title='bbox 776 519 951 579; x_wconf 82' lang='lat' dir='ltr'>JOHANNIS</span> <span class='ocrx_word' id='word_1_3' title='bbox 976 519 1196 594; x_wconf 80' lang='lat' dir='ltr'><strong>BURCHAHDI,</strong></span> <span class='ocrx_word' id='word_1_4' title='bbox 1487 523 1568 590; x_wconf 74' lang='lat' dir='ltr'><strong>[bodl</strong></span> <span class='ocrx_word' id='word_1_5' title='bbox 1584 523 1655 588; x_wconf 72' lang='lat' dir='ltr'><strong>lltl}</strong></span> 
     </span>
    </p>
   </div>
   <div class='ocr_carea' id='block_1_2' title="bbox 323 675 1670 4800">
    <p class='ocr_par' dir='ltr' id='par_1_2' title="bbox 323 675 1662 1529">
     <span class='ocr_line' id='line_1_2' title="bbox 323 675 1660 776; baseline -0.006 -23"><span class='ocrx_word' id='word_1_6' title='bbox 323 679 436 753; x_wconf 90' lang='lat' dir='ltr'><strong>ralem</strong></span> <span class='ocrx_word' id='word_1_7' title='bbox 461 679 741 752; x_wconf 73' lang='lat' dir='ltr'><strong>reservationem</strong></span> <span class='ocrx_word' id='word_1_8' title='bbox 768 679 1002 776; x_wconf 89' lang='lat' dir='ltr'><strong>importante;</strong></span> <span class='ocrx_word' id='word_1_9' title='bbox 1026 683 1061 752; x_wconf 91' lang='lat' dir='ltr'><strong>et</strong></span> <span class='ocrx_word' id='word_1_10' title='bbox 1088 701 1170 752; x_wconf 94' lang='lat' dir='ltr'><strong>cum</strong></span> <span class='ocrx_word' id='word_1_11' title='bbox 1194 675 1421 754; x_wconf 60' lang='lat' dir='ltr'><strong>,absolutione</strong></span> <span class='ocrx_word' id='word_1_12' title='bbox 1446 697 1468 750; x_wconf 89' lang='lat' dir='ltr'><strong>a</strong></span> <span class='ocrx_word' id='word_1_13' title='bbox 1492 675 1660 750; x_wconf 83' lang='lat' dir='ltr'><strong>censuris</strong></span> 
     </span>
     <span class='ocr_line' id='line_1_3' title="bbox 324 799 1660 904; baseline -0.005 -25"><span class='ocrx_word' id='word_1_14' title='bbox 324 805 370 879; x_wconf 88' lang='lat' dir='ltr'><strong>ad</strong></span> <span class='ocrx_word' id='word_1_15' title='bbox 394 805 563 880; x_wconf 85' lang='lat' dir='ltr'><strong>ellectum</strong></span> <span class='ocrx_word' id='word_1_16' title='bbox 584 805 824 904; x_wconf 82' lang='lat' dir='ltr'><strong>presentium3</strong></span> <span class='ocrx_word' id='word_1_17' title='bbox 850 811 885 879; x_wconf 91' lang='lat' dir='ltr'><strong>et</strong></span> <span class='ocrx_word' id='word_1_18' title='bbox 915 805 1010 902; x_wconf 93' lang='lat' dir='ltr'><strong>quod</strong></span> <span class='ocrx_word' id='word_1_19' title='bbox 1037 803 1205 876; x_wconf 91' lang='lat' dir='ltr'><strong>instantie</strong></span> <span class='ocrx_word' id='word_1_20' title='bbox 1228 800 1460 876; x_wconf 87' lang='lat' dir='ltr'><strong>beneficiales</strong></span> <span class='ocrx_word' id='word_1_21' title='bbox 1481 799 1660 876; x_wconf 84' lang='lat' dir='ltr'><strong>lobannis</strong></span> 
     </span>
     <span class='ocr_line' id='line_1_4' title="bbox 325 927 1658 1029; baseline -0.004 -25"><span class='ocrx_word' id='word_1_22' title='bbox 325 931 526 1006; x_wconf 87' lang='lat' dir='ltr'><strong>habeantur</strong></span> <span class='ocrx_word' id='word_1_23' title='bbox 539 955 604 1029; x_wconf 93' lang='lat' dir='ltr'><strong>pro</strong></span> <span class='ocrx_word' id='word_1_24' title='bbox 620 929 818 1029; x_wconf 62' lang='lat' dir='ltr'><strong>expressim</strong></span> <span class='ocrx_word' id='word_1_25' title='bbox 837 937 872 1004; x_wconf 91' lang='lat' dir='ltr'><strong>et</strong></span> <span class='ocrx_word' id='word_1_26' title='bbox 891 930 987 1027; x_wconf 91' lang='lat' dir='ltr'><strong>quod</strong></span> <span class='ocrx_word' id='word_1_27' title='bbox 1006 931 1124 1028; x_wconf 86' lang='lat' dir='ltr'><strong>major</strong></span> <span class='ocrx_word' id='word_1_28' title='bbox 1139 927 1359 1026; x_wconf 88' lang='lat' dir='ltr'><strong>specificatio</strong></span> <span class='ocrx_word' id='word_1_29' title='bbox 1375 929 1535 1003; x_wconf 89' lang='lat' dir='ltr'><strong>valorum</strong></span> <span class='ocrx_word' id='word_1_30' title='bbox 1560 927 1658 1000; x_wconf 88' lang='lat' dir='ltr'><strong>dicte</strong></span> 
     </span>
     <span class='ocr_line' id='line_1_5' title="bbox 325 1053 1658 1152; baseline -0.001 -25"><span class='ocrx_word' id='word_1_31' title='bbox 325 1055 550 1152; x_wconf 79' lang='lat' dir='ltr'><strong>prepositure</strong></span> <span class='ocrx_word' id='word_1_32' title='bbox 571 1078 612 1128; x_wconf 88' lang='lat' dir='ltr'><strong>ac</strong></span> <span class='ocrx_word' id='word_1_33' title='bbox 632 1054 725 1128; x_wconf 89' lang='lat' dir='ltr'><strong>illius</strong></span> <span class='ocrx_word' id='word_1_34' title='bbox 745 1054 866 1128; x_wconf 92' lang='lat' dir='ltr'><strong>titulus</strong></span> <span class='ocrx_word' id='word_1_35' title='bbox 891 1059 927 1130; x_wconf 94' lang='lat' dir='ltr'><strong>et</strong></span> <span class='ocrx_word' id='word_1_36' title='bbox 947 1053 1048 1127; x_wconf 91' lang='lat' dir='ltr'><strong>locus</strong></span> <span class='ocrx_word' id='word_1_37' title='bbox 1073 1059 1109 1127; x_wconf 94' lang='lat' dir='ltr'><strong>et</strong></span> <span class='ocrx_word' id='word_1_38' title='bbox 1131 1055 1286 1128; x_wconf 90' lang='lat' dir='ltr'><strong>diecesis</strong></span> <span class='ocrx_word' id='word_1_39' title='bbox 1310 1055 1495 1152; x_wconf 90' lang='lat' dir='ltr'><strong>inquibus</strong></span> <span class='ocrx_word' id='word_1_40' title='bbox 1520 1053 1658 1143; x_wconf 80' lang='lat' dir='ltr'><strong>existit,</strong></span> 
     </span>
     <span class='ocr_line' id='line_1_6' title="bbox 327 1179 1659 1277; baseline -0.003 -23"><span class='ocrx_word' id='word_1_41' title='bbox 327 1187 363 1254; x_wconf 91' lang='lat' dir='ltr'><strong>et</strong></span> <span class='ocrx_word' id='word_1_42' title='bbox 378 1181 538 1254; x_wconf 90' lang='lat' dir='ltr'><strong>omnium</strong></span> <span class='ocrx_word' id='word_1_43' title='bbox 560 1181 711 1254; x_wconf 89' lang='lat' dir='ltr'><strong>aliorum</strong></span> <span class='ocrx_word' id='word_1_44' title='bbox 731 1181 828 1254; x_wconf 90' lang='lat' dir='ltr'><strong>circa</strong></span> <span class='ocrx_word' id='word_1_45' title='bbox 846 1179 1022 1277; x_wconf 91' lang='lat' dir='ltr'><strong>premissa</strong></span> <span class='ocrx_word' id='word_1_46' title='bbox 1041 1181 1344 1272; x_wconf 82' lang='lat' dir='ltr'><strong>necessariorum,</strong></span> <span class='ocrx_word' id='word_1_47' title='bbox 1368 1186 1544 1277; x_wconf 90' lang='lat' dir='ltr'><strong>quatenus</strong></span> <span class='ocrx_word' id='word_1_48' title='bbox 1566 1201 1659 1276; x_wconf 90' lang='lat' dir='ltr'><strong>opus</strong></span> 
     </span>
     <span class='ocr_line' id='line_1_7' title="bbox 328 1305 1662 1405; baseline -0.002 -26"><span class='ocrx_word' id='word_1_49' title='bbox 328 1307 386 1396; x_wconf 91' lang='lat' dir='ltr'><strong>sit,</strong></span> <span class='ocrx_word' id='word_1_50' title='bbox 416 1307 494 1380; x_wconf 84' lang='lat' dir='ltr'><strong>fieri</strong></span> <span class='ocrx_word' id='word_1_51' title='bbox 518 1306 648 1404; x_wconf 90' lang='lat' dir='ltr'><strong>possit;</strong></span> <span class='ocrx_word' id='word_1_52' title='bbox 676 1313 711 1382; x_wconf 90' lang='lat' dir='ltr'><strong>et</strong></span> <span class='ocrx_word' id='word_1_53' title='bbox 736 1329 818 1380; x_wconf 90' lang='lat' dir='ltr'><strong>cum</strong></span> <span class='ocrx_word' id='word_1_54' title='bbox 842 1308 1042 1381; x_wconf 88' lang='lat' dir='ltr'><strong>cassatione</strong></span> <span class='ocrx_word' id='word_1_55' title='bbox 1066 1329 1371 1405; x_wconf 88' lang='lat' dir='ltr'><strong>quarumcumque</strong></span> <span class='ocrx_word' id='word_1_56' title='bbox 1396 1305 1547 1380; x_wconf 88' lang='lat' dir='ltr'><strong>aliarum</strong></span> <span class='ocrx_word' id='word_1_57' title='bbox 1571 1327 1662 1402; x_wconf 90' lang='lat' dir='ltr'><strong>pro-</strong></span> 
     </span>
     <span class='ocr_line' id='line_1_8' title="bbox 329 1429 1661 1529; baseline -0.001 -27"><span class='ocrx_word' id='word_1_58' title='bbox 329 1431 504 1506; x_wconf 90' lang='lat' dir='ltr'><strong>visionum</strong></span> <span class='ocrx_word' id='word_1_59' title='bbox 522 1437 558 1506; x_wconf 94' lang='lat' dir='ltr'><strong>et</strong></span> <span class='ocrx_word' id='word_1_60' title='bbox 572 1431 813 1506; x_wconf 79' lang='lat' dir='ltr'><strong>declaratione</strong></span> <span class='ocrx_word' id='word_1_61' title='bbox 830 1432 975 1529; x_wconf 91' lang='lat' dir='ltr'><strong>quodid</strong></span> <span class='ocrx_word' id='word_1_62' title='bbox 991 1429 1625 1506; x_wconf 85' lang='lat' dir='ltr'><strong>tantumlocumlohenneshabeat.</strong></span> <span class='ocrx_word' id='word_1_63' title='bbox 1644 1458 1661 1493; x_wconf 93' lang='lat'>»</span> 
     </span>
    </p>

    <p class='ocr_par' dir='ltr' id='par_1_3' title="bbox 330 1555 1670 4800">
     <span class='ocr_line' id='line_1_9' title="bbox 379 1555 1664 1655; baseline -0.003 -23"><span class='ocrx_word' id='word_1_64' title='bbox 379 1557 527 1632; x_wconf 90' lang='lat' dir='ltr'><strong>Interim</strong></span> <span class='ocrx_word' id='word_1_65' title='bbox 543 1557 628 1631; x_wconf 93' lang='lat' dir='ltr'><strong>dum</strong></span> <span class='ocrx_word' id='word_1_66' title='bbox 643 1558 779 1632; x_wconf 89' lang='lat' dir='ltr'><strong>electus</strong></span> <span class='ocrx_word' id='word_1_67' title='bbox 794 1558 955 1655; x_wconf 80' lang='lat' dir='ltr'><strong>pontilex</strong></span> <span class='ocrx_word' id='word_1_68' title='bbox 976 1557 1269 1654; x_wconf 81' lang='lat' dir='ltr'><strong>supplicationes,</strong></span> <span class='ocrx_word' id='word_1_69' title='bbox 1291 1563 1329 1630; x_wconf 93' lang='lat' dir='ltr'><strong>ut</strong></span> <span class='ocrx_word' id='word_1_70' title='bbox 1349 1579 1468 1654; x_wconf 89' lang='lat' dir='ltr'><strong>supra,</strong></span> <span class='ocrx_word' id='word_1_71' title='bbox 1487 1555 1664 1652; x_wconf 82' lang='lat' dir='ltr'><strong>signaret,</strong></span> 
     </span>
     <span class='ocr_line' id='line_1_10' title="bbox 330 1683 1665 1781; baseline -0.004 -25"><span class='ocrx_word' id='word_1_72' title='bbox 330 1683 544 1772; x_wconf 65' lang='lat' dir='ltr'><strong>cardinales</strong></span> <span class='ocrx_word' id='word_1_73' title='bbox 584 1683 756 1780; x_wconf 86' lang='lat' dir='ltr'><strong>depositis</strong></span> <span class='ocrx_word' id='word_1_74' title='bbox 794 1683 947 1758; x_wconf 86' lang='lat' dir='ltr'><strong>craculis</strong></span> <span class='ocrx_word' id='word_1_75' title='bbox 990 1689 1025 1757; x_wconf 90' lang='lat' dir='ltr'><strong>et</strong></span> <span class='ocrx_word' id='word_1_76' title='bbox 1061 1683 1282 1781; x_wconf 89' lang='lat' dir='ltr'><strong>cappucciis‚</strong></span> <span class='ocrx_word' id='word_1_77' title='bbox 1326 1687 1546 1780; x_wconf 89' lang='lat' dir='ltr'><strong>acceperunt</strong></span> <span class='ocrx_word' id='word_1_78' title='bbox 1579 1702 1665 1753; x_wconf 89' lang='lat' dir='ltr'><strong>suas</strong></span> 
     </span>
     <span class='ocr_line' id='line_1_11' title="bbox 331 1807 1665 1908; baseline -0.003 -26"><span class='ocrx_word' id='word_1_79' title='bbox 331 1831 463 1908; x_wconf 90' lang='lat' dir='ltr'><strong>cappas</strong></span> <span class='ocrx_word' id='word_1_80' title='bbox 491 1813 695 1882; x_wconf 85' lang='lat' dir='ltr'><strong>consuetas.</strong></span> <span class='ocrx_word' id='word_1_81' title='bbox 727 1812 824 1883; x_wconf 91' lang='lat' dir='ltr'><strong>Tunc</strong></span> <span class='ocrx_word' id='word_1_82' title='bbox 853 1809 1028 1884; x_wconf 85' lang='lat' dir='ltr'><strong>Sanctitas</strong></span> <span class='ocrx_word' id='word_1_83' title='bbox 1053 1831 1129 1899; x_wconf 87' lang='lat' dir='ltr'><strong>sua,</strong></span> <span class='ocrx_word' id='word_1_84' title='bbox 1156 1807 1303 1881; x_wconf 89' lang='lat' dir='ltr'><strong>dimissa</strong></span> <span class='ocrx_word' id='word_1_85' title='bbox 1335 1808 1530 1905; x_wconf 83' lang='lat' dir='ltr'><strong>signatura,</strong></span> <span class='ocrx_word' id='word_1_86' title='bbox 1559 1827 1665 1878; x_wconf 89' lang='lat' dir='ltr'><strong>asse-</strong></span> 
     </span>
     <span class='ocr_line' id='line_1_12' title="bbox 332 1931 1666 2032; baseline -0.003 -22"><span class='ocrx_word' id='word_1_87' title='bbox 332 1933 444 2010; x_wconf 92' lang='lat' dir='ltr'><strong>rendo</strong></span> <span class='ocrx_word' id='word_1_88' title='bbox 469 1933 564 2030; x_wconf 93' lang='lat' dir='ltr'><strong>quod</strong></span> <span class='ocrx_word' id='word_1_89' title='bbox 590 1957 658 2030; x_wconf 94' lang='lat' dir='ltr'><strong>que</strong></span> <span class='ocrx_word' id='word_1_90' title='bbox 682 1933 741 2008; x_wconf 91' lang='lat' dir='ltr'><strong>hic</strong></span> <span class='ocrx_word' id='word_1_91' title='bbox 770 1958 842 2007; x_wconf 91' lang='lat' dir='ltr'><strong>non</strong></span> <span class='ocrx_word' id='word_1_92' title='bbox 875 1934 1089 2032; x_wconf 84' lang='lat' dir='ltr'><strong>signaverat,</strong></span> <span class='ocrx_word' id='word_1_93' title='bbox 1122 1933 1179 2005; x_wconf 85' lang='lat' dir='ltr'><strong>his</strong></span> <span class='ocrx_word' id='word_1_94' title='bbox 1210 1933 1337 2007; x_wconf 91' lang='lat' dir='ltr'><strong>diebus</strong></span> <span class='ocrx_word' id='word_1_95' title='bbox 1366 1932 1508 2029; x_wconf 91' lang='lat' dir='ltr'><strong>signare</strong></span> <span class='ocrx_word' id='word_1_96' title='bbox 1540 1931 1666 2018; x_wconf 88' lang='lat' dir='ltr'><strong>vellet,</strong></span> 
     </span>
     <span class='ocr_line' id='line_1_13' title="bbox 333 2057 1668 2158; baseline -0.002 -25"><span class='ocrx_word' id='word_1_97' title='bbox 333 2058 486 2152; x_wconf 78' lang='lat' dir='ltr'><strong>surrexit</strong></span> <span class='ocrx_word' id='word_1_98' title='bbox 509 2059 553 2132; x_wconf 95' lang='lat' dir='ltr'><strong>de</strong></span> <span class='ocrx_word' id='word_1_99' title='bbox 577 2058 662 2132; x_wconf 89' lang='lat' dir='ltr'><strong>sede</strong></span> <span class='ocrx_word' id='word_1_100' title='bbox 683 2059 857 2157; x_wconf 90' lang='lat' dir='ltr'><strong>predicta,</strong></span> <span class='ocrx_word' id='word_1_101' title='bbox 882 2066 917 2135; x_wconf 93' lang='lat' dir='ltr'><strong>et</strong></span> <span class='ocrx_word' id='word_1_102' title='bbox 939 2059 1146 2158; x_wconf 90' lang='lat' dir='ltr'><strong>impositum</strong></span> <span class='ocrx_word' id='word_1_103' title='bbox 1166 2059 1231 2132; x_wconf 86' lang='lat' dir='ltr'><strong>tuit</strong></span> <span class='ocrx_word' id='word_1_104' title='bbox 1252 2057 1319 2132; x_wconf 92' lang='lat' dir='ltr'><strong>sibi</strong></span> <span class='ocrx_word' id='word_1_105' title='bbox 1339 2057 1489 2155; x_wconf 86' lang='lat' dir='ltr'><strong>pluviale</strong></span> <span class='ocrx_word' id='word_1_106' title='bbox 1511 2057 1668 2156; x_wconf 83' lang='lat' dir='ltr'><strong>simplex</strong></span> 
     </span>
     <span class='ocr_line' id='line_1_14' title="bbox 332 2183 1670 2284; baseline -0.003 -24"><span class='ocrx_word' id='word_1_107' title='bbox 332 2184 463 2260; x_wconf 89' lang='lat' dir='ltr'><strong>nonde</strong></span> <span class='ocrx_word' id='word_1_108' title='bbox 480 2183 765 2283; x_wconf 62' lang='lat' dir='ltr'><strong>pretiosioribus</strong></span> <span class='ocrx_word' id='word_1_109' title='bbox 785 2193 820 2261; x_wconf 91' lang='lat' dir='ltr'><strong>ct</strong></span> <span class='ocrx_word' id='word_1_110' title='bbox 835 2211 856 2260; x_wconf 95' lang='lat' dir='ltr'><strong>a</strong></span> <span class='ocrx_word' id='word_1_111' title='bbox 872 2185 1110 2260; x_wconf 90' lang='lat' dir='ltr'><strong>cardinalibus</strong></span> <span class='ocrx_word' id='word_1_112' title='bbox 1126 2183 1263 2284; x_wconf 91' lang='lat' dir='ltr'><strong>positus</strong></span> <span class='ocrx_word' id='word_1_113' title='bbox 1279 2185 1324 2258; x_wconf 93' lang='lat' dir='ltr'><strong>ad</strong></span> <span class='ocrx_word' id='word_1_114' title='bbox 1341 2185 1540 2258; x_wconf 90' lang='lat' dir='ltr'><strong>sedendum</strong></span> <span class='ocrx_word' id='word_1_115' title='bbox 1555 2207 1670 2280; x_wconf 91' lang='lat' dir='ltr'><strong>super</strong></span> 
     </span>
     <span class='ocr_line' id='line_1_15' title="bbox 333 2308 1670 2410; baseline -0.004 -24"><span class='ocrx_word' id='word_1_116' title='bbox 333 2312 468 2386; x_wconf 88' lang='lat' dir='ltr'><strong>dictum</strong></span> <span class='ocrx_word' id='word_1_117' title='bbox 483 2311 593 2385; x_wconf 89' lang='lat' dir='ltr'><strong>altare</strong></span> <span class='ocrx_word' id='word_1_118' title='bbox 609 2310 646 2384; x_wconf 91' lang='lat' dir='ltr'><strong>in</strong></span> <span class='ocrx_word' id='word_1_119' title='bbox 668 2335 777 2409; x_wconf 89' lang='lat' dir='ltr'><strong>parva</strong></span> <span class='ocrx_word' id='word_1_120' title='bbox 801 2313 976 2410; x_wconf 89' lang='lat' dir='ltr'><strong>cappella,</strong></span> <span class='ocrx_word' id='word_1_121' title='bbox 1001 2318 1037 2386; x_wconf 94' lang='lat' dir='ltr'><strong>et</strong></span> <span class='ocrx_word' id='word_1_122' title='bbox 1061 2335 1105 2385; x_wconf 90' lang='lat' dir='ltr'><strong>eo</strong></span> <span class='ocrx_word' id='word_1_123' title='bbox 1132 2311 1183 2384; x_wconf 92' lang='lat' dir='ltr'><strong>sic</strong></span> <span class='ocrx_word' id='word_1_124' title='bbox 1207 2309 1369 2401; x_wconf 89' lang='lat' dir='ltr'><strong>sedente,</strong></span> <span class='ocrx_word' id='word_1_125' title='bbox 1396 2309 1527 2407; x_wconf 88' lang='lat' dir='ltr'><strong>singuli</strong></span> <span class='ocrx_word' id='word_1_126' title='bbox 1550 2308 1670 2384; x_wconf 88' lang='lat' dir='ltr'><strong>cardi-</strong></span> 
     </span>
     <span class='ocr_line' id='line_1_16' title="bbox 332 2433 1666 2526; baseline -0.001 -18"><span class='ocrx_word' id='word_1_127' title='bbox 332 2435 432 2509; x_wconf 91' lang='lat' dir='ltr'><strong>nales</strong></span> <span class='ocrx_word' id='word_1_128' title='bbox 460 2440 635 2510; x_wconf 91' lang='lat' dir='ltr'><strong>venerunt</strong></span> <span class='ocrx_word' id='word_1_129' title='bbox 664 2436 708 2509; x_wconf 91' lang='lat' dir='ltr'><strong>ad</strong></span> <span class='ocrx_word' id='word_1_130' title='bbox 735 2439 985 2512; x_wconf 85' lang='lat' dir='ltr'><strong>reverentiam.</strong></span> <span class='ocrx_word' id='word_1_131' title='bbox 1021 2436 1140 2511; x_wconf 90' lang='lat' dir='ltr'><strong>Primo</strong></span> <span class='ocrx_word' id='word_1_132' title='bbox 1169 2435 1496 2526; x_wconf 66' lang='lat' dir='ltr'><strong>vicecancellarius</strong></span> <span class='ocrx_word' id='word_1_133' title='bbox 1532 2433 1666 2508; x_wconf 91' lang='lat' dir='ltr'><strong>deinde</strong></span> 
     </span>
     <span class='ocr_line' id='line_1_17' title="bbox 335 2559 1666 2662; baseline 0 -26"><span class='ocrx_word' id='word_1_134' title='bbox 335 2559 394 2636; x_wconf 89' lang='lat' dir='ltr'><strong>alii</strong></span> <span class='ocrx_word' id='word_1_135' title='bbox 419 2585 482 2635; x_wconf 93' lang='lat' dir='ltr'><strong>suo</strong></span> <span class='ocrx_word' id='word_1_136' title='bbox 508 2561 647 2653; x_wconf 93' lang='lat' dir='ltr'><strong>ordine,</strong></span> <span class='ocrx_word' id='word_1_137' title='bbox 675 2563 878 2638; x_wconf 90' lang='lat' dir='ltr'><strong>osculantes</strong></span> <span class='ocrx_word' id='word_1_138' title='bbox 901 2563 1018 2662; x_wconf 92' lang='lat' dir='ltr'><strong>primo</strong></span> <span class='ocrx_word' id='word_1_139' title='bbox 1042 2563 1173 2662; x_wconf 89' lang='lat' dir='ltr'><strong>pedem</strong></span> <span class='ocrx_word' id='word_1_140' title='bbox 1201 2564 1379 2655; x_wconf 83' lang='lat' dir='ltr'><strong>dextrum,</strong></span> <span class='ocrx_word' id='word_1_141' title='bbox 1415 2567 1490 2636; x_wconf 91' lang='lat' dir='ltr'><strong>tum</strong></span> <span class='ocrx_word' id='word_1_142' title='bbox 1518 2585 1666 2636; x_wconf 87' lang='lat' dir='ltr'><strong>manum</strong></span> 
     </span>
     <span class='ocr_line' id='line_1_18' title="bbox 336 2687 1664 2788; baseline 0 -28"><span class='ocrx_word' id='word_1_143' title='bbox 336 2693 371 2762; x_wconf 93' lang='lat' dir='ltr'><strong>et</strong></span> <span class='ocrx_word' id='word_1_144' title='bbox 386 2710 426 2762; x_wconf 92' lang='lat' dir='ltr'><strong>os</strong></span> <span class='ocrx_word' id='word_1_145' title='bbox 448 2687 559 2784; x_wconf 93' lang='lat' dir='ltr'><strong>ipsius</strong></span> <span class='ocrx_word' id='word_1_146' title='bbox 580 2687 702 2776; x_wconf 92' lang='lat' dir='ltr'><strong>electi;</strong></span> <span class='ocrx_word' id='word_1_147' title='bbox 726 2687 821 2763; x_wconf 89' lang='lat' dir='ltr'><strong>lacta</strong></span> <span class='ocrx_word' id='word_1_148' title='bbox 840 2689 1052 2782; x_wconf 88' lang='lat' dir='ltr'><strong>reverentia,</strong></span> <span class='ocrx_word' id='word_1_149' title='bbox 1076 2689 1194 2763; x_wconf 92' lang='lat' dir='ltr'><strong>socius</strong></span> <span class='ocrx_word' id='word_1_150' title='bbox 1217 2712 1320 2762; x_wconf 90' lang='lat' dir='ltr'><strong>meus</strong></span> <span class='ocrx_word' id='word_1_151' title='bbox 1340 2688 1481 2788; x_wconf 89' lang='lat' dir='ltr'><strong>accepit</strong></span> <span class='ocrx_word' id='word_1_152' title='bbox 1501 2711 1664 2778; x_wconf 88' lang='lat' dir='ltr'><strong>crucem,</strong></span> 
     </span>
     <span class='ocr_line' id='line_1_19' title="bbox 336 2813 1666 2914; baseline 0.001 -29"><span class='ocrx_word' id='word_1_153' title='bbox 336 2836 394 2887; x_wconf 91' lang='lat' dir='ltr'><strong>me</strong></span> <span class='ocrx_word' id='word_1_154' title='bbox 419 2813 675 2910; x_wconf 87' lang='lat' dir='ltr'><strong>aliquantulum</strong></span> <span class='ocrx_word' id='word_1_155' title='bbox 699 2813 885 2910; x_wconf 89' lang='lat' dir='ltr'><strong>impedito,</strong></span> <span class='ocrx_word' id='word_1_156' title='bbox 912 2822 948 2890; x_wconf 94' lang='lat' dir='ltr'><strong>et</strong></span> <span class='ocrx_word' id='word_1_157' title='bbox 966 2813 1284 2914; x_wconf 89' lang='lat' dir='ltr'><strong>processionaliter</strong></span> <span class='ocrx_word' id='word_1_158' title='bbox 1306 2814 1468 2888; x_wconf 90' lang='lat' dir='ltr'><strong>venimus</strong></span> <span class='ocrx_word' id='word_1_159' title='bbox 1496 2815 1541 2888; x_wconf 89' lang='lat' dir='ltr'><strong>ad</strong></span> <span class='ocrx_word' id='word_1_160' title='bbox 1565 2814 1666 2888; x_wconf 89' lang='lat' dir='ltr'><strong>basi-</strong></span> 
     </span>
     <span class='ocr_line' id='line_1_20' title="bbox 333 2937 1667 3038; baseline 0.001 -27"><span class='ocrx_word' id='word_1_161' title='bbox 333 2937 441 3012; x_wconf 90' lang='lat' dir='ltr'><strong>licam</strong></span> <span class='ocrx_word' id='word_1_162' title='bbox 465 2963 494 3011; x_wconf 92' lang='lat' dir='ltr'><strong>s.</strong></span> <span class='ocrx_word' id='word_1_163' title='bbox 520 2937 615 3012; x_wconf 89' lang='lat' dir='ltr'><strong>Petri</strong></span> <span class='ocrx_word' id='word_1_164' title='bbox 632 2961 697 3036; x_wconf 93' lang='lat' dir='ltr'><strong>per</strong></span> <span class='ocrx_word' id='word_1_165' title='bbox 718 2939 817 3013; x_wconf 89' lang='lat' dir='ltr'><strong>illam</strong></span> <span class='ocrx_word' id='word_1_166' title='bbox 838 2941 933 3015; x_wconf 90' lang='lat' dir='ltr'><strong>viam</strong></span> <span class='ocrx_word' id='word_1_167' title='bbox 958 2965 1029 3038; x_wconf 90' lang='lat' dir='ltr'><strong>qua</strong></span> <span class='ocrx_word' id='word_1_168' title='bbox 1051 2941 1281 3015; x_wconf 89' lang='lat' dir='ltr'><strong>ascendimus</strong></span> <span class='ocrx_word' id='word_1_169' title='bbox 1301 2941 1346 3014; x_wconf 91' lang='lat' dir='ltr'><strong>ad</strong></span> <span class='ocrx_word' id='word_1_170' title='bbox 1370 2939 1559 3030; x_wconf 88' lang='lat' dir='ltr'><strong>conclave;</strong></span> <span class='ocrx_word' id='word_1_171' title='bbox 1588 2939 1667 3014; x_wconf 89' lang='lat' dir='ltr'><strong>sine</strong></span> 
     </span>
     <span class='ocr_line' id='line_1_21' title="bbox 337 3064 1670 3170; baseline -0.001 -32"><span class='ocrx_word' id='word_1_172' title='bbox 337 3070 458 3138; x_wconf 90' lang='lat' dir='ltr'><strong>tamen</strong></span> <span class='ocrx_word' id='word_1_173' title='bbox 472 3064 692 3170; x_wconf 82' lang='lat' dir='ltr'><strong>paramentis</strong></span> <span class='ocrx_word' id='word_1_174' title='bbox 707 3064 800 3139; x_wconf 88' lang='lat' dir='ltr'><strong>lacta</strong></span> <span class='ocrx_word' id='word_1_175' title='bbox 816 3073 870 3140; x_wconf 89' lang='lat' dir='ltr'><strong>est</strong></span> <span class='ocrx_word' id='word_1_176' title='bbox 891 3067 1075 3164; x_wconf 91' lang='lat' dir='ltr'><strong>processio</strong></span> <span class='ocrx_word' id='word_1_177' title='bbox 1096 3066 1178 3140; x_wconf 89' lang='lat' dir='ltr'><strong>hec.</strong></span> <span class='ocrx_word' id='word_1_178' title='bbox 1204 3065 1409 3140; x_wconf 87' lang='lat' dir='ltr'><strong>Cardinales</strong></span> <span class='ocrx_word' id='word_1_179' title='bbox 1426 3067 1670 3164; x_wconf 89' lang='lat' dir='ltr'><strong>sequebantur</strong></span> 
     </span>
     <span class='ocr_line' id='line_1_22' title="bbox 337 3189 1668 3291; baseline -0.002 -28"><span class='ocrx_word' id='word_1_180' title='bbox 337 3213 496 3264; x_wconf 90' lang='lat' dir='ltr'><strong>crucem.</strong></span> <span class='ocrx_word' id='word_1_181' title='bbox 515 3189 635 3263; x_wconf 89' lang='lat' dir='ltr'><strong>Primo</strong></span> <span class='ocrx_word' id='word_1_182' title='bbox 651 3189 807 3282; x_wconf 91' lang='lat' dir='ltr'><strong>diaconi,</strong></span> <span class='ocrx_word' id='word_1_183' title='bbox 831 3197 906 3264; x_wconf 91' lang='lat' dir='ltr'><strong>turn</strong></span> <span class='ocrx_word' id='word_1_184' title='bbox 925 3191 1126 3291; x_wconf 83' lang='lat' dir='ltr'><strong>presbyteri</strong></span> <span class='ocrx_word' id='word_1_185' title='bbox 1147 3190 1183 3266; x_wconf 86' lang='lat' dir='ltr'><strong>et</strong></span> <span class='ocrx_word' id='word_1_186' title='bbox 1203 3191 1381 3290; x_wconf 91' lang='lat' dir='ltr'><strong>episcopi.</strong></span> <span class='ocrx_word' id='word_1_187' title='bbox 1403 3195 1483 3265; x_wconf 89' lang='lat' dir='ltr'><strong>Duo</strong></span> <span class='ocrx_word' id='word_1_188' title='bbox 1504 3189 1668 3264; x_wconf 83' lang='lat' dir='ltr'><strong>seniores</strong></span> 
     </span>
     <span class='ocr_line' id='line_1_23' title="bbox 336 3309 1668 3414; baseline 0.003 -27"><span class='ocrx_word' id='word_1_189' title='bbox 336 3313 478 3389; x_wconf 90' lang='lat' dir='ltr'><strong>diaconi</strong></span> <span class='ocrx_word' id='word_1_190' title='bbox 507 3313 730 3405; x_wconf 87' lang='lat' dir='ltr'><strong>assistentes,</strong></span> <span class='ocrx_word' id='word_1_191' title='bbox 762 3316 930 3391; x_wconf 90' lang='lat' dir='ltr'><strong>videlicet</strong></span> <span class='ocrx_word' id='word_1_192' title='bbox 960 3317 1130 3392; x_wconf 88' lang='lat' dir='ltr'><strong>Senensis</strong></span> <span class='ocrx_word' id='word_1_193' title='bbox 1164 3323 1200 3392; x_wconf 93' lang='lat' dir='ltr'><strong>et</strong></span> <span class='ocrx_word' id='word_1_194' title='bbox 1224 3317 1347 3391; x_wconf 86' lang='lat' dir='ltr'><strong>&#39;suncti</strong></span> <span class='ocrx_word' id='word_1_195' title='bbox 1374 3317 1520 3414; x_wconf 89' lang='lat' dir='ltr'><strong>Georgii</strong></span> <span class='ocrx_word' id='word_1_196' title='bbox 1545 3309 1668 3414; x_wconf 90' lang='lat' dir='ltr'><strong>porta-</strong></span> 
     </span>
     <span class='ocr_line' id='line_1_24' title="bbox 337 3439 1666 3542; baseline 0.003 -30"><span class='ocrx_word' id='word_1_197' title='bbox 337 3445 463 3513; x_wconf 88' lang='lat' dir='ltr'><strong>verunt</strong></span> <span class='ocrx_word' id='word_1_198' title='bbox 479 3439 702 3537; x_wconf 80' lang='lat' dir='ltr'><strong>aurifrigium</strong></span> <span class='ocrx_word' id='word_1_199' title='bbox 721 3440 884 3538; x_wconf 89' lang='lat' dir='ltr'><strong>pluvialis</strong></span> <span class='ocrx_word' id='word_1_200' title='bbox 901 3467 1007 3542; x_wconf 91' lang='lat' dir='ltr'><strong>pape,</strong></span> <span class='ocrx_word' id='word_1_201' title='bbox 1029 3468 1119 3517; x_wconf 91' lang='lat' dir='ltr'><strong>unus</strong></span> <span class='ocrx_word' id='word_1_202' title='bbox 1139 3466 1160 3517; x_wconf 94' lang='lat' dir='ltr'><strong>a</strong></span> <span class='ocrx_word' id='word_1_203' title='bbox 1179 3444 1327 3534; x_wconf 78' lang='lat' dir='ltr'><strong>dextris,</strong></span> <span class='ocrx_word' id='word_1_204' title='bbox 1351 3444 1441 3517; x_wconf 83' lang='lat' dir='ltr'><strong>nlius</strong></span> <span class='ocrx_word' id='word_1_205' title='bbox 1458 3442 1666 3534; x_wconf 88' lang='lat' dir='ltr'><strong>asinistris;</strong></span> 
     </span>
     <span class='ocr_line' id='line_1_25' title="bbox 337 3563 1669 3667; baseline 0.005 -31"><span class='ocrx_word' id='word_1_206' title='bbox 337 3563 499 3636; x_wconf 88' lang='lat' dir='ltr'><strong>fimbrias</strong></span> <span class='ocrx_word' id='word_1_207' title='bbox 524 3563 597 3636; x_wconf 87' lang='lat' dir='ltr'><strong>sive</strong></span> <span class='ocrx_word' id='word_1_208' title='bbox 617 3564 768 3638; x_wconf 88' lang='lat' dir='ltr'><strong>caudam</strong></span> <span class='ocrx_word' id='word_1_209' title='bbox 792 3567 953 3666; x_wconf 85' lang='lat' dir='ltr'><strong>pluvialis</strong></span> <span class='ocrx_word' id='word_1_210' title='bbox 977 3567 1094 3642; x_wconf 88' lang='lat' dir='ltr'><strong>nullus</strong></span> <span class='ocrx_word' id='word_1_211' title='bbox 1119 3569 1303 3667; x_wconf 82' lang='lat' dir='ltr'><strong>portabat3</strong></span> <span class='ocrx_word' id='word_1_212' title='bbox 1332 3569 1467 3643; x_wconf 89' lang='lat' dir='ltr'><strong>electus</strong></span> <span class='ocrx_word' id='word_1_213' title='bbox 1494 3569 1669 3643; x_wconf 91' lang='lat' dir='ltr'><strong>continuo</strong></span> 
     </span>
     <span class='ocr_line' id='line_1_26' title="bbox 338 3687 1670 3793; baseline 0.006 -33"><span class='ocrx_word' id='word_1_214' title='bbox 338 3687 470 3785; x_wconf 93' lang='lat' dir='ltr'><strong>populo</strong></span> <span class='ocrx_word' id='word_1_215' title='bbox 494 3688 744 3780; x_wconf 90' lang='lat' dir='ltr'><strong>benedicebat,</strong></span> <span class='ocrx_word' id='word_1_216' title='bbox 774 3694 958 3793; x_wconf 91' lang='lat' dir='ltr'><strong>campanis</strong></span> <span class='ocrx_word' id='word_1_217' title='bbox 989 3695 1160 3769; x_wconf 91' lang='lat' dir='ltr'><strong>continuo</strong></span> <span class='ocrx_word' id='word_1_218' title='bbox 1189 3693 1431 3792; x_wconf 87' lang='lat' dir='ltr'><strong>pulsantibus;</strong></span> <span class='ocrx_word' id='word_1_219' title='bbox 1462 3700 1561 3769; x_wconf 88' lang='lat' dir='ltr'><strong>tanta</strong></span> <span class='ocrx_word' id='word_1_220' title='bbox 1593 3703 1670 3769; x_wconf 86' lang='lat' dir='ltr'><strong>erat</strong></span> 
     </span>
     <span class='ocr_line' id='line_1_27' title="bbox 339 3815 1670 3919; baseline 0.002 -31"><span class='ocrx_word' id='word_1_221' title='bbox 339 3815 461 3915; x_wconf 92' lang='lat' dir='ltr'><strong>populi</strong></span> <span class='ocrx_word' id='word_1_222' title='bbox 479 3816 666 3891; x_wconf 90' lang='lat' dir='ltr'><strong>multitudo</strong></span> <span class='ocrx_word' id='word_1_223' title='bbox 686 3819 723 3891; x_wconf 94' lang='lat' dir='ltr'><strong>in</strong></span> <span class='ocrx_word' id='word_1_224' title='bbox 744 3819 848 3894; x_wconf 89' lang='lat' dir='ltr'><strong>scalis</strong></span> <span class='ocrx_word' id='word_1_225' title='bbox 869 3826 904 3895; x_wconf 92' lang='lat' dir='ltr'><strong>et</strong></span> <span class='ocrx_word' id='word_1_226' title='bbox 925 3827 1137 3919; x_wconf 83' lang='lat' dir='ltr'><strong>pertulum,</strong></span> <span class='ocrx_word' id='word_1_227' title='bbox 1158 3821 1253 3916; x_wconf 93' lang='lat' dir='ltr'><strong>quod</strong></span> <span class='ocrx_word' id='word_1_228' title='bbox 1269 3821 1326 3894; x_wconf 85' lang='lat' dir='ltr'><strong>vix</strong></span> <span class='ocrx_word' id='word_1_229' title='bbox 1345 3821 1530 3894; x_wconf 90' lang='lat' dir='ltr'><strong>ambulare</strong></span> <span class='ocrx_word' id='word_1_230' title='bbox 1550 3820 1670 3918; x_wconf 89' lang='lat' dir='ltr'><strong>potui-</strong></span> 
     </span>
     <span class='ocr_line' id='line_1_28' title="bbox 341 3940 1670 4031; baseline 0.005 -19"><span class='ocrx_word' id='word_1_231' title='bbox 341 3963 435 4031; x_wconf 88' lang='lat' dir='ltr'><strong>mus,</strong></span> <span class='ocrx_word' id='word_1_232' title='bbox 479 3940 645 4016; x_wconf 90' lang='lat' dir='ltr'><strong>omnibus</strong></span> <span class='ocrx_word' id='word_1_233' title='bbox 682 3943 965 4020; x_wconf 87' lang='lat' dir='ltr'><strong>acclamantibus</strong></span> <span class='ocrx_word' id='word_1_234' title='bbox 998 3970 1005 4018; x_wconf 94' lang='lat'><strong>:</strong></span> <span class='ocrx_word' id='word_1_235' title='bbox 1036 3944 1263 4018; x_wconf 83' lang='lat' dir='ltr'><strong>Innocentiol</strong></span> <span class='ocrx_word' id='word_1_236' title='bbox 1311 3945 1538 4020; x_wconf 83' lang='lat' dir='ltr'><strong>Innocentio!</strong></span> <span class='ocrx_word' id='word_1_237' title='bbox 1580 3947 1670 4018; x_wconf 88' lang='lat' dir='ltr'><strong>Cum</strong></span> 
     </span>
     <span class='ocr_line' id='line_1_29' title="bbox 341 4067 1670 4166; baseline 0.004 -28"><span class='ocrx_word' id='word_1_238' title='bbox 341 4088 503 4138; x_wconf 88' lang='lat' dir='ltr'><strong>essemus</strong></span> <span class='ocrx_word' id='word_1_239' title='bbox 533 4070 632 4140; x_wconf 85' lang='lat' dir='ltr'><strong>extra</strong></span> <span class='ocrx_word' id='word_1_240' title='bbox 660 4074 802 4166; x_wconf 89' lang='lat' dir='ltr'><strong>portam</strong></span> <span class='ocrx_word' id='word_1_241' title='bbox 834 4069 913 4144; x_wconf 91' lang='lat' dir='ltr'><strong>aule</strong></span> <span class='ocrx_word' id='word_1_242' title='bbox 948 4069 1140 4161; x_wconf 90' lang='lat' dir='ltr'><strong>conclavis,</strong></span> <span class='ocrx_word' id='word_1_243' title='bbox 1179 4067 1324 4165; x_wconf 91' lang='lat' dir='ltr'><strong>quidam</strong></span> <span class='ocrx_word' id='word_1_244' title='bbox 1361 4095 1405 4145; x_wconf 86' lang='lat' dir='ltr'><strong>ex</strong></span> <span class='ocrx_word' id='word_1_245' title='bbox 1440 4070 1670 4145; x_wconf 87' lang='lat' dir='ltr'><strong>subdiaconis</strong></span> 
     </span>
     <span class='ocr_line' id='line_1_30' title="bbox 342 4191 1670 4295; baseline 0.002 -29"><span class='ocrx_word' id='word_1_246' title='bbox 342 4191 548 4290; x_wconf 89' lang='lat' dir='ltr'><strong>apostolicis</strong></span> <span class='ocrx_word' id='word_1_247' title='bbox 577 4195 718 4292; x_wconf 90' lang='lat' dir='ltr'><strong>accepit</strong></span> <span class='ocrx_word' id='word_1_248' title='bbox 746 4221 893 4271; x_wconf 89' lang='lat' dir='ltr'><strong>crucem</strong></span> <span class='ocrx_word' id='word_1_249' title='bbox 932 4203 968 4272; x_wconf 89' lang='lat' dir='ltr'><strong>et</strong></span> <span class='ocrx_word' id='word_1_250' title='bbox 1001 4221 1082 4271; x_wconf 89' lang='lat' dir='ltr'><strong>eam</strong></span> <span class='ocrx_word' id='word_1_251' title='bbox 1120 4195 1272 4295; x_wconf 89' lang='lat' dir='ltr'><strong>portavit</strong></span> <span class='ocrx_word' id='word_1_252' title='bbox 1300 4201 1383 4269; x_wconf 87' lang='lat' dir='ltr'><strong>ante</strong></span> <span class='ocrx_word' id='word_1_253' title='bbox 1412 4193 1524 4270; x_wconf 87' lang='lat' dir='ltr'><strong>altare</strong></span> <span class='ocrx_word' id='word_1_254' title='bbox 1553 4196 1670 4294; x_wconf 81' lang='lat' dir='ltr'><strong>majus</strong></span> 
     </span>
     <span class='ocr_line' id='line_1_31' title="bbox 340 4317 1669 4422; baseline 0.003 -32"><span class='ocrx_word' id='word_1_255' title='bbox 340 4317 489 4392; x_wconf 86' lang='lat' dir='ltr'><strong>basilice</strong></span> <span class='ocrx_word' id='word_1_256' title='bbox 519 4317 633 4393; x_wconf 86' lang='lat' dir='ltr'><strong>sancti</strong></span> <span class='ocrx_word' id='word_1_257' title='bbox 665 4321 781 4411; x_wconf 89' lang='lat' dir='ltr'><strong>Petri;</strong></span> <span class='ocrx_word' id='word_1_258' title='bbox 813 4323 948 4397; x_wconf 91' lang='lat' dir='ltr'><strong>electus</strong></span> <span class='ocrx_word' id='word_1_259' title='bbox 977 4322 1137 4422; x_wconf 80' lang='lat' dir='ltr'><strong>pontifex</strong></span> <span class='ocrx_word' id='word_1_260' title='bbox 1167 4324 1376 4422; x_wconf 84' lang='lat' dir='ltr'><strong>genuflexus</strong></span> <span class='ocrx_word' id='word_1_261' title='bbox 1406 4323 1443 4397; x_wconf 92' lang='lat' dir='ltr'><strong>in</strong></span> <span class='ocrx_word' id='word_1_262' title='bbox 1471 4321 1669 4397; x_wconf 78' lang='lat' dir='ltr'><strong>faldistorio</strong></span> 
     </span>
     <span class='ocr_line' id='line_1_32' title="bbox 341 4445 1666 4547; baseline 0.005 -29"><span class='ocrx_word' id='word_1_263' title='bbox 341 4445 598 4542; x_wconf 88' lang='lat' dir='ltr'><strong>aliquantulum</strong></span> <span class='ocrx_word' id='word_1_264' title='bbox 614 4448 737 4521; x_wconf 83' lang='lat' dir='ltr'><strong>oravit.</strong></span> <span class='ocrx_word' id='word_1_265' title='bbox 756 4451 868 4538; x_wconf 90' lang='lat' dir='ltr'><strong>Tunc,</strong></span> <span class='ocrx_word' id='word_1_266' title='bbox 886 4448 1028 4522; x_wconf 89' lang='lat' dir='ltr'><strong>detecto</strong></span> <span class='ocrx_word' id='word_1_267' title='bbox 1044 4448 1174 4547; x_wconf 88' lang='lat' dir='ltr'><strong>capite,</strong></span> <span class='ocrx_word' id='word_1_268' title='bbox 1193 4453 1304 4538; x_wconf 90' lang='lat' dir='ltr'><strong>stans,</strong></span> <span class='ocrx_word' id='word_1_269' title='bbox 1327 4447 1461 4546; x_wconf 89' lang='lat' dir='ltr'><strong>incepit</strong></span> <span class='ocrx_word' id='word_1_270' title='bbox 1481 4447 1640 4521; x_wconf 83' lang='lat' dir='ltr'><strong>incentu</strong></span> <span class='ocrx_word' id='word_1_271' title='bbox 1658 4470 1666 4524; x_wconf 91' lang='lat'><strong>:</strong></span> 
     </span>
     <span class='ocr_line' id='line_1_33' title="bbox 345 4566 1665 4672; baseline 0.003 -28"><span class='ocrx_word' id='word_1_272' title='bbox 345 4571 393 4644; x_wconf 86' lang='lat' dir='ltr'><strong>Te</strong></span> <span class='ocrx_word' id='word_1_273' title='bbox 410 4572 529 4647; x_wconf 84' lang='lat' dir='ltr'><strong>Deum</strong></span> <span class='ocrx_word' id='word_1_274' title='bbox 548 4573 748 4664; x_wconf 73' lang='lat' dir='ltr'><strong>lucedumue,</strong></span> <span class='ocrx_word' id='word_1_275' title='bbox 771 4579 808 4648; x_wconf 90' lang='lat' dir='ltr'><strong>et</strong></span> <span class='ocrx_word' id='word_1_276' title='bbox 831 4579 997 4648; x_wconf 87' lang='lat' dir='ltr'><strong>cantores</strong></span> <span class='ocrx_word' id='word_1_277' title='bbox 1024 4578 1106 4647; x_wconf 92' lang='lat' dir='ltr'><strong>sunt</strong></span> <span class='ocrx_word' id='word_1_278' title='bbox 1127 4597 1239 4672; x_wconf 91' lang='lat' dir='ltr'><strong>usque</strong></span> <span class='ocrx_word' id='word_1_279' title='bbox 1267 4574 1312 4648; x_wconf 93' lang='lat' dir='ltr'><strong>ad</strong></span> <span class='ocrx_word' id='word_1_280' title='bbox 1333 4574 1444 4648; x_wconf 87' lang='lat' dir='ltr'><strong>finem</strong></span> <span class='ocrx_word' id='word_1_281' title='bbox 1468 4566 1665 4671; x_wconf 83' lang='lat' dir='ltr'><strong>prosecuti.</strong></span> 
     </span>
     <span class='ocr_line' id='line_1_34' title="bbox 343 4698 1668 4800; baseline 0.003 -30"><span class='ocrx_word' id='word_1_282' title='bbox 343 4699 489 4797; x_wconf 92' lang='lat' dir='ltr'><strong>Incepto</strong></span> <span class='ocrx_word' id='word_1_283' title='bbox 504 4701 639 4800; x_wconf 83' lang='lat' dir='ltr'><strong>hymno</strong></span> <span class='ocrx_word' id='word_1_284' title='bbox 661 4700 720 4800; x_wconf 81' lang='lat' dir='ltr'><strong>(l),</strong></span> <span class='ocrx_word' id='word_1_285' title='bbox 743 4699 880 4798; x_wconf 92' lang='lat' dir='ltr'><strong>positus</strong></span> <span class='ocrx_word' id='word_1_286' title='bbox 895 4700 960 4774; x_wconf 87' lang='lat' dir='ltr'><strong>luit</strong></span> <span class='ocrx_word' id='word_1_287' title='bbox 984 4698 1120 4774; x_wconf 91' lang='lat' dir='ltr'><strong>electus</strong></span> <span class='ocrx_word' id='word_1_288' title='bbox 1136 4699 1181 4772; x_wconf 94' lang='lat' dir='ltr'><strong>ad</strong></span> <span class='ocrx_word' id='word_1_289' title='bbox 1197 4700 1395 4774; x_wconf 91' lang='lat' dir='ltr'><strong>sedendum</strong></span> <span class='ocrx_word' id='word_1_290' title='bbox 1425 4724 1533 4798; x_wconf 90' lang='lat' dir='ltr'><strong>super</strong></span> <span class='ocrx_word' id='word_1_291' title='bbox 1556 4701 1668 4775; x_wconf 91' lang='lat' dir='ltr'><strong>altare</strong></span> 
     </span>
    </p>
   </div>
   <div class='ocr_carea' id='block_1_3' title="bbox 341 4824 1670 4923">
    <p class='ocr_par' dir='ltr' id='par_1_4' title="bbox 341 4811 1791 4923">
     <span class='ocr_line' id='line_1_35' title="bbox 341 4824 1670 4923; baseline 0.001 -28"><span class='ocrx_word' id='word_1_292' title='bbox 341 4824 504 4920; x_wconf 87' lang='lat' dir='ltr'><strong>predicto</strong></span> <span class='ocrx_word' id='word_1_293' title='bbox 520 4831 555 4898; x_wconf 92' lang='lat' dir='ltr'><strong>et</strong></span> <span class='ocrx_word' id='word_1_294' title='bbox 575 4832 805 4900; x_wconf 91' lang='lat' dir='ltr'><strong>accesserunt</strong></span> <span class='ocrx_word' id='word_1_295' title='bbox 825 4825 956 4923; x_wconf 88' lang='lat' dir='ltr'><strong>singuli</strong></span> <span class='ocrx_word' id='word_1_296' title='bbox 971 4825 1184 4899; x_wconf 90' lang='lat' dir='ltr'><strong>cardinales.</strong></span> <span class='ocrx_word' id='word_1_297' title='bbox 1208 4825 1327 4899; x_wconf 90' lang='lat' dir='ltr'><strong>Primo</strong></span> <span class='ocrx_word' id='word_1_298' title='bbox 1353 4825 1670 4900; x_wconf 85' lang='lat' dir='ltr'><strong>vicecancellarius</strong></span> 
     </span>
    </p>
   </div>
   <div class='ocr_carea' id='block_1_4' title="bbox 343 4945 1666 5054">
    <p class='ocr_par' dir='ltr' id='par_1_5' title="bbox 343 4945 1666 5054">
     <span class='ocr_line' id='line_1_36' title="bbox 343 4945 1666 5054; baseline 0.005 -34"><span class='ocrx_word' id='word_1_299' title='bbox 343 4945 472 5023; x_wconf 90' lang='lat' dir='ltr'><strong>deinde</strong></span> <span class='ocrx_word' id='word_1_300' title='bbox 492 4947 551 5021; x_wconf 91' lang='lat' dir='ltr'><strong>alii</strong></span> <span class='ocrx_word' id='word_1_301' title='bbox 566 4972 706 5044; x_wconf 90' lang='lat' dir='ltr'><strong>omnes,</strong></span> <span class='ocrx_word' id='word_1_302' title='bbox 723 4959 760 5026; x_wconf 93' lang='lat' dir='ltr'><strong>et</strong></span> <span class='ocrx_word' id='word_1_303' title='bbox 771 4951 921 5026; x_wconf 87' lang='lat' dir='ltr'><strong>osculati</strong></span> <span class='ocrx_word' id='word_1_304' title='bbox 938 4957 1019 5026; x_wconf 90' lang='lat' dir='ltr'><strong>sunt</strong></span> <span class='ocrx_word' id='word_1_305' title='bbox 1029 4950 1174 5054; x_wconf 88' lang='lat' dir='ltr'><strong>pedem,</strong></span> <span class='ocrx_word' id='word_1_306' title='bbox 1192 4974 1342 5026; x_wconf 90' lang='lat' dir='ltr'><strong>manum</strong></span> <span class='ocrx_word' id='word_1_307' title='bbox 1357 4959 1394 5027; x_wconf 90' lang='lat' dir='ltr'><strong>et</strong></span> <span class='ocrx_word' id='word_1_308' title='bbox 1408 4975 1449 5027; x_wconf 91' lang='lat' dir='ltr'><strong>os</strong></span> <span class='ocrx_word' id='word_1_309' title='bbox 1462 4952 1567 5028; x_wconf 84' lang='lat' dir='ltr'><strong>electi</strong></span> <span class='ocrx_word' id='word_1_310' title='bbox 1583 4975 1666 5027; x_wconf 89' lang='lat' dir='ltr'><strong>cnm</strong></span> 
     </span>
    </p>
   </div>
   <div class='ocr_carea' id='block_1_5' title="bbox 377 5223 932 5302">
    <p class='ocr_par' dir='ltr' id='par_1_6' title="bbox 377 5223 932 5302">
     <span class='ocr_line' id='line_1_37' title="bbox 377 5223 932 5302; baseline 0 -18"><span class='ocrx_word' id='word_1_311' title='bbox 377 5225 402 5294; x_wconf 79' lang='lat' dir='ltr'><strong>l.</strong></span> <span class='ocrx_word' id='word_1_312' title='bbox 424 5223 557 5292; x_wconf 81' lang='lat' dir='ltr'><strong>Carmine.</strong></span> <span class='ocrx_word' id='word_1_313' title='bbox 573 5256 608 5270; x_wconf 90' lang='lat'>—</span> <span class='ocrx_word' id='word_1_314' title='bbox 621 5227 696 5296; x_wconf 73' lang='lat' dir='ltr'><strong>Dans</strong></span> <span class='ocrx_word' id='word_1_315' title='bbox 711 5227 831 5298; x_wconf 72' lang='lat' dir='ltr'><strong>ainaldi,</strong></span> <span class='ocrx_word' id='word_1_316' title='bbox 846 5245 873 5302; x_wconf 92' lang='lat' dir='ltr'><strong>p.</strong></span> <span class='ocrx_word' id='word_1_317' title='bbox 886 5230 932 5284; x_wconf 75' lang='lat'><strong>71:</strong></span> 
     </span>
    </p>
   </div>
   <div class='ocr_carea' id='block_1_6' title="bbox 0 0 1826 6090">
    <p class='ocr_par' dir='ltr' id='par_1_7' title="bbox 0 0 1826 6090">
     <span class='ocr_line' id='line_1_38' title="bbox 0 0 1826 6090; baseline 0 0"><span class='ocrx_word' id='word_1_318' title='bbox 0 0 1826 6090; x_wconf 95' lang='lat' dir='ltr'><strong> </strong></span> 
     </span>
    </p>
   </div>
  </div>
 </body>
</html>
