3578 6032
340 499 395 556 530
490 522 496 534 ·
903 494 1117 552 APPENDIOE.

342 667 420 715 vero
434 653 595 732 Zygymy,
609 648 660 714 cui
683 665 742 728 per
757 647 932 712 licaoniam
946 646 1186 728 bithiniamque
1206 651 1362 712 terrestre
1376 643 1578 710 iaciumdum
1596 645 1677 718 iter,

342 753 393 813 est
416 747 587 830 paululum
611 751 777 822 moratus;
797 747 947 810 affectato
968 745 1146 810 frustratur
1167 745 1365 828 principatu.
1390 745 1537 808 Allectus
1560 747 1677 808 tamen

343 865 404 911 sue
418 847 569 910 factionis
588 845 792 909 clandestino
813 845 958 920 hortatu,
982 861 1042 925 spe
1065 844 1217 925 potiundi
1241 843 1336 925 regni
1357 841 1505 923 prusiam
1528 847 1676 906 veterem

342 947 475 1028 quidem
492 945 627 1026 Regiam
643 947 750 1008 erecto
770 943 880 1006 animo
906 944 952 1006 ire
974 943 1096 1024 pergit;
1120 942 1330 1022 exercituque
1351 945 1459 1020 pacto,
1475 955 1675 1024 germanum

343 1045 377 1106 in
393 1047 679 1106 certamenrocat.
698 1041 864 1105 coniectat
879 1041 972 1103 enim*
985 1040 1136 1104 nondum
1154 1039 1261 1102 fratris
1282 1037 1546 1102 firmatumesse
1564 1037 1675 1116 impe·

341 1141 439 1215 rium,
462 1156 500 1203 ac
523 1139 703 1202 imbecilles
722 1138 851 1201 animos
875 1139 909 1200 in
937 1138 1111 1202 adversam
1131 1143 1257 1218 partem
1279 1154 1415 1200 mouere
1438 1135 1534 1199 facile
1558 1151 1673 1214 posse.

341 1239 427 1302 Dum
439 1253 616 1320 germanos
631 1237 823 1298 turbulenta
848 1233 963 1318 fatigat
980 1237 1110 1312 seditio,
1132 1235 1217 1298 alios
1233 1235 1387 1318 Bagyazit
1401 1231 1491 1297 iilius
1505 1239 1625 1314 quator
1639 1237 1675 1294 et

341 1337 454 1422 decem
469 1352 575 1400 annos
592 1339 721 1410 nactus,
738 1333 852 1415 fugam
865 1333 976 1398 animo
988 1333 1154 1398 destimat.
1169 1336 1200 1396 ls
1210 1340 1262 1396 est
1277 1333 1420 1416 eleganti
1434 1331 1538 1397 torma
1551 1332 1674 1412 pubes,

341 1453 441 1517 quem
457 1433 647 1516 (plusquam
666 1433 729 1496 iert
747 1431 832 1513 etas)
855 1449 985 1496 morum
1007 1433 1155 1514 grauitas
1178 1436 1210 1496 et
1231 1431 1400 1512 ingenium
1418 1435 1524 1494 ornat.
1545 1429 1676 1496 cariam

342 1549 475 1615 quoque
490 1537 523 1596 et
537 1531 656 1609 liciam,
681 1547 746 1594 auo
767 1530 957 1594 mahumete
978 1546 1058 1594 aura
1077 1535 1231 1596 vescente
1250 1529 1394 1607 etherea,
1409 1529 1580 1594 basiarum
1594 1545 1677 1592 eon-

344 1633 417 1698 silio
433 1631 575 1708 iunctus,
591 1631 740 1714 regebat.
757 1629 863 1694 Timet
874 1631 963 1694 enim
978 1635 1134 1709 patruum
1147 1646 1289 1712 regnum
1299 1629 1508 1692 affectantem
1527 1629 1677 1708 Zyzymy

341 1729 452 1794 valido
469 1730 613 1794 exercitu
629 1729 832 1794 succinctum
847 1727 981 1790 iamlam
1002 1727 1066 1792 sibi
1086 1727 1313 1792 imminentem
1331 1743 1374 1790 ne
1390 1742 1449 1806 per
1462 1725 1602 1790 insidias
1613 1730 1675 1788 aut

340 1829 372 1890 vi
384 1829 604 1909 interceptum
624 1825 759 1890 occidat.
784 1826 820 1888 id
845 1831 932 1890 certe
954 1825 1145 1890 mortalium
1165 1843 1275 1908 genus
1289 1844 1297 1888 τ
1313 1825 1492 1889 domestico
1514 1823 1675 1904 sanguini

341 1923 437 2008 (dum
448 1926 490 1989 de
507 1941 611 2008 regno
628 1922 850 2006 contenditur)
875 1941 1009 2004 parcere
1027 1925 1144 1988 nescit.
1170 1921 1277 1988 blentc
1298 1922 1451 2003 proponit
1464 1921 1674 1996 adolescens,

342 2024 530 2104 pernicibus
543 2025 638 2106 equis
659 2021 701 2088 ad
722 2023 835 2104 lugam
858 2021 1044 2099 destinatis,
1066 2021 1258 2086 rhodiorum
1280 2020 1415 2100 opidum
1436 2017 1537 2100 (quod
1556 2023 1675 2084 sancto

341 2127 436 2204 petro
453 2121 605 2204 apostolo
629 2120 773 2184 dicatum
796 2124 848 2182 est
872 2120 907 2182 in
931 2119 1140 2184 halicarnaso
1162 2119 1220 2200 qui
1242 2119 1329 2182 carie
1352 2118 1458 2198 portio
1481 2121 1533 2182 est
1556 2115 1676 2197 situm)

341 2225 466 2300 petere,
478 2217 746 2298 Rhodiorumque
757 2215 915 2282 fideiscse
922 2217 1066 2282 credere.
1076 2220 1233 2301 Magister
1241 2224 1354 2283 autem
1363 2219 1498 2284 solertia
1507 2218 1670 2298 preditus.

340 2317 580 2384 adolescentuli
595 2316 709 2400 fugam
724 2320 834 2380 mente
849 2317 1051 2395 coniectans,
1067 2315 1212 2384 destinat
1233 2319 1362 2401 regium
1376 2319 1527 2398 excipere
1538 2321 1669 2382 natum.

343 2418 406 2482 Sed
420 2415 501 2480 dum
513 2416 624 2480 animo
634 2415 757 2479 dubius
770 2419 821 2478 est
835 2415 983 2498 Regulus
998 2419 1030 2478 et
1042 2415 1163 2482 hesitat
1174 2435 1242 2500 quo
1257 2422 1349 2498 pacto
1365 2421 1519 2480 terrestre
1531 2415 1595 2480 iter
1605 2433 1675 2496 quo

343 2514 386 2578 ad
402 2513 538 2594 opidum
552 2514 655 2578 sancti
671 2513 756 2594 petri
771 2511 917 2576 eundum
931 2518 1002 2576 crat
1017 2518 1109 2578 tutus
1120 2520 1243 2596 ageret,
1264 2531 1306 2580 ne
1321 2515 1404 2580 iorte
1421 2516 1454 2578 in
1469 2515 1675 2596 zyrymytice

342 2612 494 2676 iectionis
518 2611 676 2676 incideret
690 2627 822 2688 manus,
851 2611 1000 2676 oneraria
1018 2614 1115 2676 nauis
1129 2615 1217 2678 carie
1230 2613 1341 2678 littora
1355 2613 1494 2693 appulit,
1515 2614 1675 2693 apudque

341 2709 485 2772 tenellus
505 2707 657 2790 princeps
681 2707 916 2772 tremebundos
941 2708 1096 2788 degebat.
1124 2713 1219 2776 Paeto
1250 2713 1413 2794 vectigali,
1436 2710 1502 2776 lide
1523 2717 1672 2792 accepta,

342 2809 455 2872 neuim
470 2807 672 2886 conscendit,
688 2813 721 2872 et
736 2809 770 2872 in
784 2807 954 2887 Calipolim
971 2808 1092 2890 migrat
1110 2810 1220 2875 :iama'
1233 2815 1361 2878 estnon
1379 2811 1519 2876 obscura
1542 2810 1605 2876 hac
1619 2812 1672 2874 ria

343 2904 519 2972 discrimen
543 2905 677 2970 vitasse.
699 2905 838 2984 Quidam
859 2909 1035 2970 autumant
1050 2908 1088 2972 in
1105 2907 1272 2986 prouincia
1294 2907 1480 2982 delicuisse,
1504 2907 1601 2987 equis
1619 2906 1669 2972 ad

340 3004 454 3086 lugam
469 3005 498 3067 si
513 3020 587 3068 sors
602 3003 734 3068 tulisset
747 3004 888 3084 paratis;
905 3009 938 3070 et
959 3021 1034 3068 cum
1053 3005 1191 3084 patrinis
1209 3005 1311 3084 rebus
1331 3004 1515 3084 desperatis
1529 3021 1670 3085 prorsus

342 3103 562 3180 discessisset,
579 3102 765 3166 bisanciurn
788 3107 943 3168 terrestre
961 3119 1067 3186 agens
1084 3102 1147 3168 iter
1161 3103 1354 3184 qrrantotius
1375 3104 1521 3182 petiisse.
1543 3103 1613 3168 Sub
1634 3100 1671 3166 id

341 3205 473 3282 tempus
484 3204 629 3284 Zyzymy
644 3218 719 3264 cum
734 3202 897 3266 exercitus
915 3200 1099 3282 procedens
1114 3203 1246 3281 prucios
1257 3201 1321 3266 sibi
1335 3201 1500 3277 vendicat3
1513 3220 1534 3268 a
1548 3202 1673 3282 quibus

340 3299 413 3364 auri
424 3298 754 3380 pondusseuamore
775 3315 837 3364 seu
860 3299 977 3364 timore
1004 3299 1107 3380 (quod
1126 3299 1237 3379 potius
1260 3297 1468 3380 crediderim)
1481 3303 1670 3380 extorquet.

341 3401 498 3482 Bagyazit
514 3415 643 3464 summe
657 3414 766 3462 rarum
781 3413 856 3462 cum
869 3397 1039 3478 vigilantia
1055 3398 1196 3462 intendit
1204 3414 1245 3462 ne
1257 3397 1482 3477 asia,imperii
1490 3397 1579 3462 baud
1589 3413 1672 3462 con·

340 3497 517 3566 umoeoda
537 3497 655 3578 portio,
675 3495 767 3562 tratri
782 3501 906 3576 pareat.
932 3495 1068 3560 hcbmat
1086 3496 1180 3561 basia
1201 3495 1338 3560 consilio
1357 3495 1498 3575 poliens,
1514 3495 1672 3576 principis

342 3596 520 3662 exercitum
544 3596 578 3660 in
603 3596 709 3660 asiam
739 3611 798 3675 per
823 3594 1056 3676 propontidem
1083 3594 1261 3670 traiiciens,
1287 3597 1431 3675 Zyzymy
1458 3595 1562 3674 copiis
1583 3596 1673 3660 rires

342 3694 488 3776 opponit.
516 3693 715 3756 prestantior
737 3693 861 3773 quippe
884 3695 935 3756 est
956 3707 994 3754 ac
1017 3692 1185 3758 robustior
1207 3695 1326 3756 tractus
1349 3691 1481 3756 asiatico
1500 3693 1673 3758 examita:

341 3807 419 3854 nam
433 3805 556 3870 europe
570 3789 674 3854 incole
690 3793 722 3852 et
731 3789 841 3854 animo
854 3789 1053 3866 audatiores,
1067 3795 1245 3872 etcorpore
1253 3785 1428 3854 validiores
1441 3789 1485 3854 ad
1495 3791 1673 3858 subeunda

341 3887 485 3968 pericula
505 3891 672 3970 putantur.
689 3887 823 3952 Asiatici
839 3888 928 3952 enim
944 3888 1062 3954 molles
1077 3893 1110 3952 et
1123 3887 1278 3952 imbecilli
1296 3884 1406 3952 animo
1421 3903 1553 3966 semper
1566 3887 1674 3956 habiti

341 3992 431 4064 sunt,
447 3987 600 4068 quamuis
615 3986 796 4068 pauxillum
815 3986 888 4051 irati
908 4004 967 4054 eos
984 3987 1163 4068 disiungat.
1185 3985 1283 4050 Ducis
1305 3985 1404 4050 etiam
1427 3984 1567 4050 Acbmat
1580 3986 1673 4053 Artis

340 4085 491 4150 militaris
506 4085 627 4165 pericia
642 4083 897 4167 magnanimitas
912 4090 945 4150 et
958 4083 1118 4150 tortitudo
1133 4085 1251 4150 terrori
1264 4083 1337 4150 luit.

383 4495 482 4560 Zizim
508 4513 544 4560 sa
564 4495 671 4561 rendit
684 4495 704 4560 a
717 4495 914 4572 Jerusalem,
931 4496 1060 4576 puisen
1072 4481 1199 4578 l'igyptc
1213 4494 1335 4577 auprdt
1349 4494 1395 4560 du
1406 4493 1540 4560 Soudan
1553 4498 1674 4561 Kalbai

343 4592 423 4658 dont
436 4593 460 4656 il
474 4591 637 4658 demanda
652 4594 789 4675 l'appui.
802 4593 934 4658 celui-ci
949 4593 1076 4674 prefers
1097 4595 1275 4676 reprendre
1290 4595 1338 4660 les
1350 4595 1579 4678 negociatione
1592 4611 1673 4660 arec

341 4691 473 4772 Balaam
487 4695 525 4769 lt,
539 4693 650 4757 tandis
665 4709 730 4773 que
746 4693 846 4756 Zirim
860 4693 1023 4756 faisaitun
1036 4690 1225 4774 palerinage
1237 4690 1256 4755 'a
1270 4693 1300 4756 ta
1313 4689 1520 4772 llocqueetir
1532 4691 1672 4756 lledinc.

341 4789 428 4852 litias
443 4789 665 4854 n'aboutirent
679 4808 750 4871 pas.
768 4790 867 4852 zutm
880 4797 969 4854 tenta
981 4807 1046 4854 unc
1060 4789 1212 4855 dernibre
1225 4789 1289 4854 lois
1298 4791 1329 4854 ia
1344 4789 1475 4854 fortune
1486 4791 1547 4854 das
1561 4805 1672 4853 armes

343 4887 401 4966 qui
415 4887 461 4950 lui
475 4887 525 4952 iut
542 4891 706 4953 contraire
726 4894 760 4952 at
780 4887 891 4954 reiusa
914 4890 956 4954 de
976 4886 1140 4969 repondre
1159 4886 1179 4952 h
1199 4889 1241 4953 de
1261 4889 1431 4953 nouvelles
1446 4887 1670 4969 propositione

342 5001 407 5063 que
417 4985 465 5048 lui
479 4985 517 5050 iit
531 4985 662 5068 maaet
673 4988 710 5050 lt.
725 4985 830 5067 Apros
844 4986 937 5052 avoir
944 4986 1017 5052 erre
1027 4989 1171 5068 quelque
1185 4991 1294 5069 temps
1309 4987 1394 5052 dans
1408 4985 1603 5052 lesroehors
1613 4987 1672 5066 qui

341 5081 483 5148 bordent
496 5085 527 5148 la
544 5103 626 5162 mer,
653 5085 686 5150 le
706 5087 818 5167 prince
836 5084 951 5168 iugitti
968 5101 1012 5150 nc
1026 5085 1073 5150 rit
1095 5085 1225 5151 bientot
1242 5086 1369 5151 d'autrc
1387 5087 1499 5167 espolr
1515 5085 1559 5151 de
1578 5085 1667 5149 salut

341 5181 440 5261 qu'an
454 5199 491 5246 se
500 5183 609 5264 jetant
622 5183 707 5248 dans
719 5185 770 5248 les
784 5185 862 5250 bras
876 5183 937 5248 des
951 5184 1139 5250 cherchoro
1151 5185 1194 5250 de
1208 5185 1350 5252 Rhodes.
