3436 6038
319 463 372 518 210
773 457 948 515 lOHANNlS
972 454 1195 522 adnatabant,
1403 459 1562 524 [Septembre
1575 460 1632 525 tras}

319 616 364 689 de
380 614 531 690 Sabellis
547 615 642 688 etde
659 613 846 702 Columna,
868 618 1054 709 tamquam
1073 609 1308 709 particulares
1333 606 1454 700 amici,
1478 609 1537 708 qui
1560 636 1631 686 eum

318 765 432 836 usque
455 740 501 814 ad
520 739 691 837 palatium
719 739 957 836 apostolicum
980 737 1075 834 apud
1089 761 1116 810 s.
1138 741 1298 828 Petrum,
1317 759 1388 832 quo
1412 735 1574 834 primitus
1595 738 1632 810 ad

317 869 381 939 SS.
401 869 443 937 D.
460 868 501 938 N.
511 889 642 964 papam
656 865 837 962 equitavit,
855 861 1139 938 associaverunt.

366 991 470 1064 Faria
484 998 624 1088 quarta,
638 994 678 1064 13
696 990 831 1067 mensis
847 989 1075 1088 septembris,
1089 989 1179 1062 hora
1192 1013 1261 1062 xru
1276 987 1332 1062 rel
1347 987 1456 1078 circa,
1471 995 1630 1062 venerunt

315 1117 361 1191 ad
374 1117 507 1191 Urbem
525 1117 737 1216 magnificus
751 1121 794 1190 D.
808 1121 949 1191 unecus
961 1119 1079 1213 Lopez
1094 1115 1138 1188 de
1155 1113 1329 1188 Mendoza
1344 1135 1469 1188 comes
1484 1113 1629 1186 Tendilla

314 1248 350 1316 et
376 1242 446 1318 duo
475 1242 713 1340 protonotarii
739 1241 929 1340 apostolici
957 1241 993 1314 iu
1022 1239 1202 1314 mantellis
1235 1239 1354 1337 longis
1384 1262 1468 1312 cum
1496 1237 1628 1335 capellis

311 1366 436 1464 nigris,
455 1368 692 1464 protonotarii
707 1368 784 1443 sine
800 1367 958 1466 capuciis
974 1373 1008 1441 et
1020 1365 1216 1463 capuanis,
1230 1371 1393 1438 oratores
1409 1361 1627 1437 illustrissimi

311 1492 527 1566 Ferdinandi
552 1493 647 1590 regis
667 1499 704 1567 et
723 1491 909 1568 Elisabeth
932 1490 1057 1588 regine
1076 1491 1243 1582 CasteNe,
1266 1489 1411 1580 Leonis,
1432 1491 1626 1586 aragonum

311 1625 347 1692 et
364 1619 497 1711 Sicilie,
516 1643 582 1717 pro
603 1619 809 1694 obedientia
832 1619 1027 1717 prestanda
1046 1617 1159 1692 missi.
1187 1620 1365 1691 Fecerunt
1383 1613 1571 1712 prandium
1590 1614 1628 1686 ad

308 1743 429 1819 sontes
455 1745 659 1838 Mallianos3
686 1749 862 1820 venerunt
891 1743 942 1818 cis
972 1743 1113 1818 obviam
1138 1741 1272 1816 familie
1303 1745 1522 1814 RRmorum.
1557 1741 1624 1812 Ul).

306 1869 556 1960 cardinalium,
575 1878 611 1945 et
624 1875 687 1947 SS.
707 1875 749 1945 Ι).
768 1875 810 1944 Ν.
826 1893 918 1969 papa
936 1891 1039 1943 mora
1055 1867 1179 1958 solito;
1198 1872 1234 1942 et
1256 1865 1340 1963 quia
1355 1889 1480 1940 comes
1496 1864 1626 1939 nescie-

305 2003 366 2078 bat
390 2003 556 2102 expeditc
583 1997 683 2098 loqui
702 1997 867 2088 latinum,
897 1993 1132 2094 protonotarii
1161 1992 1428 2090 responderunt
1449 1989 1623 2065 alternatis

304 2126 454 2218 vicibus,
475 2125 730 2225 recipientibus
746 2147 823 2198 eos.
842 2126 1067 2196 Intraverunt
1082 2123 1300 2217 perportam
1308 2116 1477 2194 Viridarii
1492 2123 1624 2190 elassa

304 2251 386 2327 clati
416 2260 500 2327 suut
529 2252 574 2326 ad
597 2250 768 2350 palatium
806 2247 1019 2324 Ursinorum
1051 2246 1089 2320 in
1118 2269 1246 2343 campo
1280 2245 1385 2318 Flore
1411 2267 1478 2340 pro
1507 2264 1621 2317 eorum

302 2374 460 2474 hospitio
475 2382 681 2476 preparato.

354 2503 510 2576 Sabbata
527 2507 570 2575 16
585 2499 720 2574 mensis
741 2499 969 2598 septembris,
988 2497 1141 2596 equitavi
1155 2496 1272 2573 solatii
1288 2518 1396 2572 causa
1405 2495 1575 2571 Tiburtim
1590 2500 1619 2569 et

301 2651 445 2702 mecum
462 2632 588 2703 Petrus
603 2631 678 2704 N..
698 2633 733 2702 et
750 2625 934 2701 familiaris
952 2649 1067 2700 meus

350 2753 452 2827 Redii
467 2754 595 2828 exinde
610 2753 743 2828 Urbem
763 2752 945 2827 dominica
962 2759 1003 2826 17
1022 2749 1238 2850 septembris
1250 2750 1347 2827 circa
1359 2751 1491 2826 boram
1505 2745 1619 2846 vigesi-

299 2901 398 2952 mam
410 2879 619 2953 secundam.

347 3006 469 3081 Inveni
484 3006 520 3080 iu
532 3008 627 3081 Urbe
640 3005 798 3080 Ulricum
812 3006 955 3081 Biresth
974 3005 1033 3102 qui
1048 3006 1119 3081 hoc
1136 3029 1244 3080 mane
1259 3003 1355 3079 circa
1374 3004 1503 3078 horam
1520 3024 1616 3077 unam

298 3139 381 3207 aute
396 3133 491 3208 diam
506 3133 552 3206 ad
572 3131 705 3207 Urbem
732 3132 828 3207 veuit
851 3158 917 3231 pro
939 3133 1211 3231 impetractioua
1236 3131 1434 3230 capellanie
1452 3130 1498 3206 ad
1516 3131 1615 3204 altare

297 3259 401 3334 beate
418 3259 530 3334 llarie
545 3257 692 3356 virginis
717 3257 824 3332 situm
844 3259 880 3332 in
901 3257 1097 3356 parochiali
1118 3257 1273 3332 ecclesie
1304 3282 1337 3330 s.
1374 3257 1509 3332 Nicolai
1534 3257 1616 3329 ultra

296 3386 446 3459 lrustam
462 3385 697 3484 argentinam
712 3409 820 3482 quam
838 3383 1040 3483 impetravit
1058 3389 1094 3458 et
1108 3383 1260 3458 recessit
1280 3406 1323 3458 ex
1347 3383 1542 3480 argentina
1564 3382 1614 3454 dia

297 3515 318 3583 8
332 3509 439 3608 hujus
455 3509 591 3584 mensis
606 3509 642 3582 in
660 3533 779 3584 mane.

345 3637 449 3711 Faria
464 3636 636 3727 secunda,
665 3641 707 3710 18
723 3636 859 3711 mensis
880 3635 1108 3734 septembris,
1135 3635 1172 3707 in
1198 3633 1314 3732 prima
1338 3640 1374 3708 et
1392 3633 1520 3730 majori
1542 3629 1615 3705 aula

294 3761 417 3858 palatii
433 3761 620 3858 apostolici
646 3762 742 3860 apud
762 3788 792 3835 s.
815 3767 961 3836 Petrum
989 3761 1056 3835 luit
1077 3759 1260 3858 publicum
1281 3758 1533 3834 consistorium
1554 3778 1612 3852 pro

294 3884 497 3960 oratoribus
515 3886 609 3982 regis
632 3893 667 3960 et
692 3887 816 3984 regine
844 3887 1027 3985 Hispanie,
1054 3886 1112 3984 qui
1140 3886 1183 3959 iis
1209 3887 1335 3961 diebus
1360 3890 1531 3961 venerunt
1554 3904 1612 3980 pro

293 4009 500 4084 obedientia
518 4013 581 4084 SS.
597 4013 638 4083 n.
659 4013 700 4085 N.
714 4011 921 4109 prestanda.
935 4015 1085 4086 Causam
1099 4012 1287 4110 proposuit
1306 4011 1379 4087 siva
1395 4008 1610 4086 commissio·

291 4159 376 4210 nem
393 4139 434 4210 b.
446 4135 678 4227 Octavianus3
693 4136 838 4212 interim
850 4144 1027 4212 venerunt
1042 4137 1194 4237 predicti
1208 4143 1369 4212 oratores
1385 4137 1447 4236 qui
1462 4139 1555 4212 aSS.
1572 4137 1608 4206 U.

291 4265 333 4336 Ν.
347 4261 480 4359 recepti
491 4267 574 4335 sunt
585 4261 630 4334 ad
645 4262 807 4335 osculum
823 4261 939 4360 pedis,
958 4287 1087 4338 manus
1101 4271 1137 4338 et
1152 4263 1237 4338 oris.
1257 4267 1425 4338 Oratores
1438 4267 1609 4360 presenta-

290 4395 417 4463 verunt
436 4387 567 4461 deinda
586 4387 746 4485 duplices
771 4389 908 4480 literas,
931 4389 969 4462 iu
986 4389 1176 4488 hispanico
1192 4389 1357 4464 videlicet
1373 4396 1409 4463 et
1423 4389 1532 4463 latino
1544 4409 1610 4461 ser·

288 4539 410 4606 mone,
429 4522 586 4589 atuuum
597 4513 879 4588 instrumentum
895 4515 1142 4613 procuratorie
1161 4514 1445 4592 etiamlatinum.
1466 4519 1507 4588 R.
1520 4519 1556 4588 P.
1573 4515 1608 4584 U.

288 4641 517 4717 Antoniottus
549 4636 739 4737 episcopus
763 4641 947 4716 Auriensis
967 4642 1125 4717 datarius
1147 4642 1235 4740 legit
1255 4641 1379 4716 literas
1404 4639 1608 4739 hispanicas,

288 4767 667 4865 deindellieronymus
685 4767 863 4841 Balbanus
880 4768 1109 4858 secretarius,
1127 4767 1256 4842 latinas
1272 4771 1307 4841 et
1322 4765 1609 4850 instrumentum

287 4892 414 4989 quibus
428 4891 531 4969 lectis
549 4895 590 4964 U.
608 4891 785 4966 Antonius
807 4893 851 4967 de
873 4893 1066 4968 Giraldiuis
1091 4893 1361 4993 protonotarius
1388 4891 1608 4991 apostolicus.

285 5016 322 5088 in
347 5014 511 5088 ordinem
539 5015 665 5089 tertius
693 5023 827 5108 orator,
856 5017 942 5091 lecit
963 5017 1183 5111 orationem
1207 5039 1279 5116 qua
1306 5018 1488 5094 linitaSS.
1507 5022 1547 5092 n.
1563 5018 1604 5088 Ν.

284 5139 383 5218 dedit
399 5163 628 5238 responsum,
647 5147 683 5217 et
705 5143 775 5218 alia
789 5168 891 5218 more
905 5143 1011 5219 sclito
1027 5149 1110 5220 sunt
1125 5139 1325 5222 observata.
