<?xml version="1.0" encoding="UTF-8"?>
<!DOCTYPE html PUBLIC "-//W3C//DTD XHTML 1.0 Transitional//EN"
    "http://www.w3.org/TR/xhtml1/DTD/xhtml1-transitional.dtd">
<html xmlns="http://www.w3.org/1999/xhtml" xml:lang="en" lang="en">
 <head>
  <title>
</title>
<meta http-equiv="Content-Type" content="text/html;charset=utf-8" />
  <meta name='ocr-system' content='tesseract 3.04.00' />
  <meta name='ocr-capabilities' content='ocr_page ocr_carea ocr_par ocr_line ocrx_word'/>
</head>
<body>
  <div class='ocr_page' id='page_1' title='image "./johannisburchar02burcgoog/johannisburchar02burcgoog_0169.png"; bbox 0 0 3496 6056; ppageno 0'>
   <div class='ocr_carea' id='block_1_1' title="bbox 361 478 1678 554">
    <p class='ocr_par' dir='ltr' id='par_1_1' title="bbox 361 478 1678 554">
     <span class='ocr_line' id='line_1_1' title="bbox 361 478 1678 554; baseline -0.001 -15"><span class='ocrx_word' id='word_1_1' title='bbox 361 489 413 550; x_wconf 78' lang='lat'><strong>156</strong></span> <span class='ocrx_word' id='word_1_2' title='bbox 811 481 986 539; x_wconf 84' lang='lat' dir='ltr'>JOHANNIS</span> <span class='ocrx_word' id='word_1_3' title='bbox 1011 478 1232 553; x_wconf 77' lang='lat' dir='ltr'><strong>BURCHeRot,</strong></span> <span class='ocrx_word' id='word_1_4' title='bbox 1442 484 1599 548; x_wconf 74' lang='lat' dir='ltr'><strong>[Novembres</strong></span> <span class='ocrx_word' id='word_1_5' title='bbox 1614 489 1678 554; x_wconf 78' lang='lat' dir='ltr'><strong>stas]</strong></span> 
     </span>
    </p>
   </div>
   <div class='ocr_carea' id='block_1_2' title="bbox 284 635 1687 5264">
    <p class='ocr_par' dir='ltr' id='par_1_2' title="bbox 364 635 1685 1468">
     <span class='ocr_line' id='line_1_2' title="bbox 364 635 1683 738; baseline -0.002 -23"><span class='ocrx_word' id='word_1_6' title='bbox 364 639 475 715; x_wconf 86' lang='lat' dir='ltr'><strong>Maria</strong></span> <span class='ocrx_word' id='word_1_7' title='bbox 495 641 540 715; x_wconf 94' lang='lat' dir='ltr'><strong>de</strong></span> <span class='ocrx_word' id='word_1_8' title='bbox 561 639 710 738; x_wconf 92' lang='lat' dir='ltr'><strong>Populo,</strong></span> <span class='ocrx_word' id='word_1_9' title='bbox 739 636 884 712; x_wconf 87' lang='lat' dir='ltr'><strong>lamiliis</strong></span> <span class='ocrx_word' id='word_1_10' title='bbox 907 641 1002 737; x_wconf 90' lang='lat' dir='ltr'><strong>Pape</strong></span> <span class='ocrx_word' id='word_1_11' title='bbox 1027 643 1063 712; x_wconf 89' lang='lat' dir='ltr'><strong>et</strong></span> <span class='ocrx_word' id='word_1_12' title='bbox 1084 635 1318 712; x_wconf 81' lang='lat' dir='ltr'><strong>cardinalium</strong></span> <span class='ocrx_word' id='word_1_13' title='bbox 1339 638 1581 736; x_wconf 76' lang='lat' dir='ltr'><strong>presentibus.</strong></span> <span class='ocrx_word' id='word_1_14' title='bbox 1604 639 1683 714; x_wconf 87' lang='lat' dir='ltr'><strong>llis-</strong></span> 
     </span>
     <span class='ocr_line' id='line_1_3' title="bbox 366 763 1683 864; baseline -0.001 -24"><span class='ocrx_word' id='word_1_15' title='bbox 366 789 443 842; x_wconf 90' lang='lat' dir='ltr'><strong>sam</strong></span> <span class='ocrx_word' id='word_1_16' title='bbox 467 765 649 864; x_wconf 80' lang='lat' dir='ltr'><strong>publicam</strong></span> <span class='ocrx_word' id='word_1_17' title='bbox 674 763 866 838; x_wconf 88' lang='lat' dir='ltr'><strong>celebravit</strong></span> <span class='ocrx_word' id='word_1_18' title='bbox 884 769 925 838; x_wconf 90' lang='lat' dir='ltr'><strong>R.</strong></span> <span class='ocrx_word' id='word_1_19' title='bbox 950 767 989 840; x_wconf 92' lang='lat' dir='ltr'><strong>P.</strong></span> <span class='ocrx_word' id='word_1_20' title='bbox 1008 769 1051 840; x_wconf 87' lang='lat' dir='ltr'><strong>D.</strong></span> <span class='ocrx_word' id='word_1_21' title='bbox 1075 765 1281 839; x_wconf 88' lang='lat' dir='ltr'><strong>Leonardus</strong></span> <span class='ocrx_word' id='word_1_22' title='bbox 1302 763 1495 863; x_wconf 87' lang='lat' dir='ltr'><strong>episcopus</strong></span> <span class='ocrx_word' id='word_1_23' title='bbox 1509 765 1683 863; x_wconf 80' lang='lat' dir='ltr'><strong>Albenga-</strong></span> 
     </span>
     <span class='ocr_line' id='line_1_4' title="bbox 366 887 1684 987; baseline -0.002 -22"><span class='ocrx_word' id='word_1_24' title='bbox 366 891 488 968; x_wconf 86' lang='lat' dir='ltr'><strong>nensis</strong></span> <span class='ocrx_word' id='word_1_25' title='bbox 500 892 653 966; x_wconf 90' lang='lat' dir='ltr'><strong>vicarius</strong></span> <span class='ocrx_word' id='word_1_26' title='bbox 669 891 787 981; x_wconf 66' lang='lat' dir='ltr'><strong>Urbis</strong></span> <span class='ocrx_word' id='word_1_27' title='bbox 806 913 1011 965; x_wconf 91' lang='lat' dir='ltr'><strong>sermonem</strong></span> <span class='ocrx_word' id='word_1_28' title='bbox 1024 889 1110 964; x_wconf 84' lang='lat' dir='ltr'><strong>tecit</strong></span> <span class='ocrx_word' id='word_1_29' title='bbox 1125 893 1168 964; x_wconf 88' lang='lat' dir='ltr'><strong>D.</strong></span> <span class='ocrx_word' id='word_1_30' title='bbox 1185 887 1385 964; x_wconf 82' lang='lat' dir='ltr'><strong>Hieremias</strong></span> <span class='ocrx_word' id='word_1_31' title='bbox 1401 892 1684 987; x_wconf 81' lang='lat' dir='ltr'><strong>consanguineus</strong></span> 
     </span>
     <span class='ocr_line' id='line_1_5' title="bbox 366 1014 1683 1106; baseline 0.002 -14"><span class='ocrx_word' id='word_1_32' title='bbox 366 1017 558 1092; x_wconf 89' lang='lat' dir='ltr'><strong>cardinalis</strong></span> <span class='ocrx_word' id='word_1_33' title='bbox 573 1015 791 1094; x_wconf 87' lang='lat' dir='ltr'><strong>Vultorrani.</strong></span> <span class='ocrx_word' id='word_1_34' title='bbox 811 1019 889 1102; x_wconf 88' lang='lat' dir='ltr'><strong>Quo</strong></span> <span class='ocrx_word' id='word_1_35' title='bbox 903 1015 1017 1106; x_wconf 82' lang='lat' dir='ltr'><strong>linito,</strong></span> <span class='ocrx_word' id='word_1_36' title='bbox 1036 1020 1109 1090; x_wconf 86' lang='lat' dir='ltr'><strong>RR.</strong></span> <span class='ocrx_word' id='word_1_37' title='bbox 1128 1018 1197 1090; x_wconf 88' lang='lat' dir='ltr'><strong>PP.</strong></span> <span class='ocrx_word' id='word_1_38' title='bbox 1221 1018 1298 1089; x_wconf 82' lang='lat' dir='ltr'><strong>llll.</strong></span> <span class='ocrx_word' id='word_1_39' title='bbox 1315 1014 1473 1089; x_wconf 87' lang='lat' dir='ltr'><strong>Thomas</strong></span> <span class='ocrx_word' id='word_1_40' title='bbox 1491 1014 1683 1095; x_wconf 80' lang='lat' dir='ltr'><strong>Exinensis.</strong></span> 
     </span>
     <span class='ocr_line' id='line_1_6' title="bbox 368 1141 1685 1240; baseline -0.003 -23"><span class='ocrx_word' id='word_1_41' title='bbox 368 1149 478 1218; x_wconf 89' lang='lat' dir='ltr'><strong>Ursus</strong></span> <span class='ocrx_word' id='word_1_42' title='bbox 505 1142 742 1233; x_wconf 80' lang='lat' dir='ltr'><strong>TheanensiS,</strong></span> <span class='ocrx_word' id='word_1_43' title='bbox 767 1143 948 1217; x_wconf 90' lang='lat' dir='ltr'><strong>Marianus</strong></span> <span class='ocrx_word' id='word_1_44' title='bbox 975 1141 1220 1217; x_wconf 91' lang='lat' dir='ltr'><strong>Slandatensis</strong></span> <span class='ocrx_word' id='word_1_45' title='bbox 1245 1148 1282 1216; x_wconf 90' lang='lat' dir='ltr'><strong>et</strong></span> <span class='ocrx_word' id='word_1_46' title='bbox 1303 1141 1476 1216; x_wconf 77' lang='lat' dir='ltr'><strong>silvester</strong></span> <span class='ocrx_word' id='word_1_47' title='bbox 1496 1142 1685 1240; x_wconf 82' lang='lat' dir='ltr'><strong>Clugiensis</strong></span> 
     </span>
     <span class='ocr_line' id='line_1_7' title="bbox 368 1267 1685 1367; baseline 0.001 -24"><span class='ocrx_word' id='word_1_48' title='bbox 368 1269 527 1367; x_wconf 84' lang='lat' dir='ltr'><strong>episcopi</strong></span> <span class='ocrx_word' id='word_1_49' title='bbox 555 1291 625 1342; x_wconf 88' lang='lat' dir='ltr'><strong>una</strong></span> <span class='ocrx_word' id='word_1_50' title='bbox 653 1291 735 1343; x_wconf 92' lang='lat' dir='ltr'><strong>cum</strong></span> <span class='ocrx_word' id='word_1_51' title='bbox 755 1268 961 1343; x_wconf 76' lang='lat' dir='ltr'><strong>celebrante</strong></span> <span class='ocrx_word' id='word_1_52' title='bbox 983 1267 1212 1342; x_wconf 92' lang='lat' dir='ltr'><strong>absolverunt</strong></span> <span class='ocrx_word' id='word_1_53' title='bbox 1238 1267 1337 1344; x_wconf 89' lang='lat' dir='ltr'><strong>circa</strong></span> <span class='ocrx_word' id='word_1_54' title='bbox 1357 1268 1574 1344; x_wconf 82' lang='lat' dir='ltr'><strong>catalectum</strong></span> <span class='ocrx_word' id='word_1_55' title='bbox 1596 1293 1685 1344; x_wconf 85' lang='lat' dir='ltr'><strong>more</strong></span> 
     </span>
     <span class='ocr_line' id='line_1_8' title="bbox 368 1394 486 1468; baseline -0.025 0"><span class='ocrx_word' id='word_1_56' title='bbox 368 1394 486 1468; x_wconf 91' lang='lat' dir='ltr'><strong>solito.</strong></span> 
     </span>
    </p>

    <p class='ocr_par' dir='ltr' id='par_1_3' title="bbox 284 1517 1686 2240">
     <span class='ocr_line' id='line_1_9' title="bbox 416 1517 1686 1618; baseline 0.001 -28"><span class='ocrx_word' id='word_1_57' title='bbox 416 1517 506 1591; x_wconf 88' lang='lat' dir='ltr'><strong>Dedi</strong></span> <span class='ocrx_word' id='word_1_58' title='bbox 530 1527 650 1593; x_wconf 87' lang='lat' dir='ltr'><strong>autem</strong></span> <span class='ocrx_word' id='word_1_59' title='bbox 668 1519 767 1618; x_wconf 92' lang='lat' dir='ltr'><strong>prius</strong></span> <span class='ocrx_word' id='word_1_60' title='bbox 785 1521 994 1595; x_wconf 86' lang='lat' dir='ltr'><strong>schedulam</strong></span> <span class='ocrx_word' id='word_1_61' title='bbox 1015 1542 1080 1618; x_wconf 97' lang='lat' dir='ltr'><strong>pro</strong></span> <span class='ocrx_word' id='word_1_62' title='bbox 1096 1517 1211 1592; x_wconf 79' lang='lat' dir='ltr'><strong>&#39;rebus</strong></span> <span class='ocrx_word' id='word_1_63' title='bbox 1231 1518 1467 1615; x_wconf 86' lang='lat' dir='ltr'><strong>exequiarum</strong></span> <span class='ocrx_word' id='word_1_64' title='bbox 1488 1519 1686 1594; x_wconf 85' lang='lat' dir='ltr'><strong>ordinandis</strong></span> 
     </span>
     <span class='ocr_line' id='line_1_10' title="bbox 367 1645 1686 1744; baseline 0.002 -28"><span class='ocrx_word' id='word_1_65' title='bbox 367 1647 410 1717; x_wconf 89' lang='lat' dir='ltr'><strong>R.</strong></span> <span class='ocrx_word' id='word_1_66' title='bbox 430 1646 467 1717; x_wconf 87' lang='lat' dir='ltr'><strong>P.</strong></span> <span class='ocrx_word' id='word_1_67' title='bbox 484 1647 527 1717; x_wconf 87' lang='lat' dir='ltr'><strong>n.</strong></span> <span class='ocrx_word' id='word_1_68' title='bbox 560 1645 720 1734; x_wconf 87' lang='lat' dir='ltr'><strong>Falconi,</strong></span> <span class='ocrx_word' id='word_1_69' title='bbox 739 1648 802 1720; x_wconf 92' lang='lat' dir='ltr'><strong>SS.</strong></span> <span class='ocrx_word' id='word_1_70' title='bbox 827 1651 870 1720; x_wconf 89' lang='lat' dir='ltr'><strong>D.</strong></span> <span class='ocrx_word' id='word_1_71' title='bbox 894 1651 935 1721; x_wconf 91' lang='lat' dir='ltr'><strong>N.</strong></span> <span class='ocrx_word' id='word_1_72' title='bbox 962 1650 1057 1744; x_wconf 90' lang='lat' dir='ltr'><strong>Papa</strong></span> <span class='ocrx_word' id='word_1_73' title='bbox 1078 1645 1238 1743; x_wconf 82' lang='lat' dir='ltr'><strong>generali</strong></span> <span class='ocrx_word' id='word_1_74' title='bbox 1259 1645 1501 1738; x_wconf 88' lang='lat' dir='ltr'><strong>thesaurario,</strong></span> <span class='ocrx_word' id='word_1_75' title='bbox 1521 1647 1582 1742; x_wconf 92' lang='lat' dir='ltr'><strong>qui</strong></span> <span class='ocrx_word' id='word_1_76' title='bbox 1599 1647 1686 1720; x_wconf 90' lang='lat' dir='ltr'><strong>ordi-</strong></span> 
     </span>
     <span class='ocr_line' id='line_1_11' title="bbox 303 1767 1684 1868; baseline 0.002 -28"><span class='ocrx_word' id='word_1_77' title='bbox 303 1827 307 1832; x_wconf 94' lang='lat'><strong>.</strong></span> <span class='ocrx_word' id='word_1_78' title='bbox 368 1767 462 1842; x_wconf 84' lang='lat' dir='ltr'><strong>navit</strong></span> <span class='ocrx_word' id='word_1_79' title='bbox 474 1775 580 1866; x_wconf 90' lang='lat' dir='ltr'><strong>prout</strong></span> <span class='ocrx_word' id='word_1_80' title='bbox 595 1770 632 1843; x_wconf 95' lang='lat' dir='ltr'><strong>in</strong></span> <span class='ocrx_word' id='word_1_81' title='bbox 649 1770 777 1844; x_wconf 88' lang='lat' dir='ltr'><strong>eadem</strong></span> <span class='ocrx_word' id='word_1_82' title='bbox 791 1771 964 1846; x_wconf 90' lang='lat' dir='ltr'><strong>schedula</strong></span> <span class='ocrx_word' id='word_1_83' title='bbox 978 1771 1240 1860; x_wconf 80' lang='lat' dir='ltr'><strong>continebatur,</strong></span> <span class='ocrx_word' id='word_1_84' title='bbox 1265 1771 1369 1868; x_wconf 86' lang='lat' dir='ltr'><strong>cujus</strong></span> <span class='ocrx_word' id='word_1_85' title='bbox 1384 1777 1491 1845; x_wconf 82' lang='lat' dir='ltr'><strong>tenor</strong></span> <span class='ocrx_word' id='word_1_86' title='bbox 1510 1779 1586 1848; x_wconf 87' lang='lat' dir='ltr'><strong>erat</strong></span> <span class='ocrx_word' id='word_1_87' title='bbox 1600 1772 1684 1846; x_wconf 85' lang='lat' dir='ltr'><strong>isle:</strong></span> 
     </span>
     <span class='ocr_line' id='line_1_12' title="bbox 417 1893 1593 1993; baseline 0.004 -28"><span class='ocrx_word' id='word_1_88' title='bbox 417 1895 486 1965; x_wconf 91' lang='lat' dir='ltr'><strong>Pro</strong></span> <span class='ocrx_word' id='word_1_89' title='bbox 508 1893 697 1986; x_wconf 90' lang='lat' dir='ltr'><strong>catalecto,</strong></span> <span class='ocrx_word' id='word_1_90' title='bbox 723 1894 905 1968; x_wconf 91' lang='lat' dir='ltr'><strong>intorticia</strong></span> <span class='ocrx_word' id='word_1_91' title='bbox 928 1903 1083 1993; x_wconf 91' lang='lat' dir='ltr'><strong>quatuor</strong></span> <span class='ocrx_word' id='word_1_92' title='bbox 1102 1897 1276 1971; x_wconf 89' lang='lat' dir='ltr'><strong>librarum</strong></span> <span class='ocrx_word' id='word_1_93' title='bbox 1296 1917 1449 1969; x_wconf 88' lang='lat' dir='ltr'><strong>numero</strong></span> <span class='ocrx_word' id='word_1_94' title='bbox 1469 1920 1593 1986; x_wconf 78' lang='lat' dir='ltr'><strong>xxuu3</strong></span> 
     </span>
     <span class='ocr_line' id='line_1_13' title="bbox 417 2018 1489 2120; baseline 0.005 -29"><span class='ocrx_word' id='word_1_95' title='bbox 417 2020 485 2091; x_wconf 92' lang='lat' dir='ltr'><strong>Pro</strong></span> <span class='ocrx_word' id='word_1_96' title='bbox 501 2018 700 2094; x_wconf 84' lang='lat' dir='ltr'><strong>elevatione</strong></span> <span class='ocrx_word' id='word_1_97' title='bbox 716 2023 932 2096; x_wconf 88' lang='lat' dir='ltr'><strong>sacramenti</strong></span> <span class='ocrx_word' id='word_1_98' title='bbox 947 2023 1093 2120; x_wconf 88' lang='lat' dir='ltr'><strong>majoris</strong></span> <span class='ocrx_word' id='word_1_99' title='bbox 1109 2023 1218 2097; x_wconf 90' lang='lat' dir='ltr'><strong>misse</strong></span> <span class='ocrx_word' id='word_1_100' title='bbox 1234 2046 1387 2099; x_wconf 90' lang='lat' dir='ltr'><strong>numero</strong></span> <span class='ocrx_word' id='word_1_101' title='bbox 1402 2047 1489 2114; x_wconf 81' lang='lat' dir='ltr'><strong>vrn3</strong></span> 
     </span>
     <span class='ocr_line' id='line_1_14' title="bbox 284 2143 1156 2240; baseline 0.008 -26"><span class='ocrx_word' id='word_1_102' title='bbox 284 2211 285 2214; x_wconf 74' lang='grc'>,</span> <span class='ocrx_word' id='word_1_103' title='bbox 417 2145 485 2216; x_wconf 91' lang='lat' dir='ltr'><strong>Pro</strong></span> <span class='ocrx_word' id='word_1_104' title='bbox 501 2143 707 2218; x_wconf 88' lang='lat' dir='ltr'><strong>celebrante</strong></span> <span class='ocrx_word' id='word_1_105' title='bbox 723 2151 760 2220; x_wconf 88' lang='lat' dir='ltr'><strong>et</strong></span> <span class='ocrx_word' id='word_1_106' title='bbox 774 2153 900 2221; x_wconf 90' lang='lat' dir='ltr'><strong>orante</strong></span> <span class='ocrx_word' id='word_1_107' title='bbox 915 2147 1096 2224; x_wconf 85' lang='lat' dir='ltr'><strong>intortlcia</strong></span> <span class='ocrx_word' id='word_1_108' title='bbox 1116 2173 1156 2240; x_wconf 89' lang='lat' dir='ltr'><strong>u,</strong></span> 
     </span>
    </p>

    <p class='ocr_par' dir='ltr' id='par_1_4' title="bbox 416 2269 754 2367">
     <span class='ocr_line' id='line_1_15' title="bbox 416 2269 754 2367; baseline 0.006 -26"><span class='ocrx_word' id='word_1_109' title='bbox 416 2271 485 2342; x_wconf 84' lang='lat' dir='ltr'><strong>Pro</strong></span> <span class='ocrx_word' id='word_1_110' title='bbox 501 2269 696 2367; x_wconf 89' lang='lat' dir='ltr'><strong>sepultura,</strong></span> <span class='ocrx_word' id='word_1_111' title='bbox 714 2295 754 2344; x_wconf 92' lang='lat' dir='ltr'><strong>u.</strong></span> 
     </span>
    </p>

    <p class='ocr_par' dir='ltr' id='par_1_5' title="bbox 416 2395 1193 2490">
     <span class='ocr_line' id='line_1_16' title="bbox 416 2395 1193 2490; baseline 0.006 -22"><span class='ocrx_word' id='word_1_112' title='bbox 416 2395 453 2468; x_wconf 91' lang='lat' dir='ltr'><strong>Si</strong></span> <span class='ocrx_word' id='word_1_113' title='bbox 466 2395 666 2470; x_wconf 86' lang='lat' dir='ltr'><strong>cardinales</strong></span> <span class='ocrx_word' id='word_1_114' title='bbox 682 2396 873 2490; x_wconf 90' lang='lat' dir='ltr'><strong>intersunt,</strong></span> <span class='ocrx_word' id='word_1_115' title='bbox 891 2399 1038 2474; x_wconf 90' lang='lat' dir='ltr'><strong>cuilibet</strong></span> <span class='ocrx_word' id='word_1_116' title='bbox 1053 2399 1193 2474; x_wconf 88' lang='lat' dir='ltr'><strong>delurr.</strong></span> 
     </span>
    </p>

    <p class='ocr_par' dir='ltr' id='par_1_6' title="bbox 417 2520 1406 2624">
     <span class='ocr_line' id='line_1_17' title="bbox 417 2520 1406 2624; baseline 0.01 -31"><span class='ocrx_word' id='word_1_117' title='bbox 417 2523 455 2593; x_wconf 94' lang='lat' dir='ltr'><strong>ln</strong></span> <span class='ocrx_word' id='word_1_118' title='bbox 477 2544 618 2594; x_wconf 90' lang='lat' dir='ltr'><strong>summa</strong></span> <span class='ocrx_word' id='word_1_119' title='bbox 634 2520 721 2594; x_wconf 89' lang='lat' dir='ltr'><strong>liant</strong></span> <span class='ocrx_word' id='word_1_120' title='bbox 736 2521 917 2598; x_wconf 86' lang='lat' dir='ltr'><strong>intorticia</strong></span> <span class='ocrx_word' id='word_1_121' title='bbox 933 2547 1005 2598; x_wconf 79' lang='lat' dir='ltr'><strong>unu</strong></span> <span class='ocrx_word' id='word_1_122' title='bbox 1019 2525 1192 2600; x_wconf 89' lang='lat' dir='ltr'><strong>librarum</strong></span> <span class='ocrx_word' id='word_1_123' title='bbox 1208 2528 1406 2624; x_wconf 89' lang='lat' dir='ltr'><strong>quodlibet.</strong></span> 
     </span>
    </p>

    <p class='ocr_par' dir='ltr' id='par_1_7' title="bbox 369 2645 1685 2871">
     <span class='ocr_line' id='line_1_18' title="bbox 414 2645 1685 2752; baseline 0.006 -33"><span class='ocrx_word' id='word_1_124' title='bbox 414 2645 544 2720; x_wconf 88' lang='lat' dir='ltr'><strong>Faculc</strong></span> <span class='ocrx_word' id='word_1_125' title='bbox 578 2653 718 2743; x_wconf 88' lang='lat' dir='ltr'><strong>septem</strong></span> <span class='ocrx_word' id='word_1_126' title='bbox 752 2646 925 2721; x_wconf 89' lang='lat' dir='ltr'><strong>librarum</strong></span> <span class='ocrx_word' id='word_1_127' title='bbox 961 2649 1120 2746; x_wconf 86' lang='lat' dir='ltr'><strong>quelibet</strong></span> <span class='ocrx_word' id='word_1_128' title='bbox 1152 2651 1369 2749; x_wconf 87' lang='lat' dir='ltr'><strong>prolunestis</strong></span> <span class='ocrx_word' id='word_1_129' title='bbox 1395 2660 1431 2728; x_wconf 85' lang='lat' dir='ltr'><strong>et</strong></span> <span class='ocrx_word' id='word_1_130' title='bbox 1455 2653 1599 2752; x_wconf 90' lang='lat' dir='ltr'><strong>prelatis</strong></span> <span class='ocrx_word' id='word_1_131' title='bbox 1627 2681 1685 2730; x_wconf 92' lang='lat' dir='ltr'><strong>uu-</strong></span> 
     </span>
     <span class='ocr_line' id='line_1_19' title="bbox 369 2795 879 2871; baseline 0.004 -27"><span class='ocrx_word' id='word_1_132' title='bbox 369 2795 470 2847; x_wconf 89' lang='lat' dir='ltr'><strong>mero</strong></span> <span class='ocrx_word' id='word_1_133' title='bbox 490 2795 590 2864; x_wconf 84' lang='lat' dir='ltr'><strong>cxxv,</strong></span> <span class='ocrx_word' id='word_1_134' title='bbox 876 2865 879 2871; x_wconf 19' lang='grc' dir='ltr'>Ι</span> 
     </span>
    </p>

    <p class='ocr_par' dir='ltr' id='par_1_8' title="bbox 368 2897 1684 3114">
     <span class='ocr_line' id='line_1_20' title="bbox 417 2897 1684 3005; baseline 0.007 -33"><span class='ocrx_word' id='word_1_135' title='bbox 417 2898 547 2974; x_wconf 85' lang='lat' dir='ltr'><strong>Facula</strong></span> <span class='ocrx_word' id='word_1_136' title='bbox 577 2897 680 2972; x_wconf 87' lang='lat' dir='ltr'><strong>unius</strong></span> <span class='ocrx_word' id='word_1_137' title='bbox 714 2897 805 2972; x_wconf 92' lang='lat' dir='ltr'><strong>libre</strong></span> <span class='ocrx_word' id='word_1_138' title='bbox 843 2922 908 2996; x_wconf 92' lang='lat' dir='ltr'><strong>pro</strong></span> <span class='ocrx_word' id='word_1_139' title='bbox 950 2899 1122 2975; x_wconf 88' lang='lat' dir='ltr'><strong>ministris</strong></span> <span class='ocrx_word' id='word_1_140' title='bbox 1161 2903 1389 2978; x_wconf 91' lang='lat' dir='ltr'><strong>cubiculariis</strong></span> <span class='ocrx_word' id='word_1_141' title='bbox 1423 2911 1459 2979; x_wconf 91' lang='lat' dir='ltr'><strong>et</strong></span> <span class='ocrx_word' id='word_1_142' title='bbox 1487 2907 1684 3005; x_wconf 90' lang='lat' dir='ltr'><strong>capellanis,</strong></span> 
     </span>
     <span class='ocr_line' id='line_1_21' title="bbox 368 3015 589 3114; baseline 0.005 -17"><span class='ocrx_word' id='word_1_143' title='bbox 368 3015 519 3098; x_wconf 90' lang='lat' dir='ltr'><strong>numero</strong></span> <span class='ocrx_word' id='word_1_144' title='bbox 535 3047 589 3114; x_wconf 89' lang='lat' dir='ltr'><strong>cc,</strong></span> 
     </span>
    </p>

    <p class='ocr_par' dir='ltr' id='par_1_9' title="bbox 369 3149 1686 3368">
     <span class='ocr_line' id='line_1_22' title="bbox 412 3149 1686 3254; baseline 0.005 -30"><span class='ocrx_word' id='word_1_145' title='bbox 412 3151 543 3226; x_wconf 83' lang='lat' dir='ltr'><strong>Facula</strong></span> <span class='ocrx_word' id='word_1_146' title='bbox 560 3151 679 3226; x_wconf 90' lang='lat' dir='ltr'><strong>medie</strong></span> <span class='ocrx_word' id='word_1_147' title='bbox 688 3149 779 3226; x_wconf 95' lang='lat' dir='ltr'><strong>libre</strong></span> <span class='ocrx_word' id='word_1_148' title='bbox 790 3175 856 3250; x_wconf 94' lang='lat' dir='ltr'><strong>pro</strong></span> <span class='ocrx_word' id='word_1_149' title='bbox 872 3152 1041 3228; x_wconf 87' lang='lat' dir='ltr'><strong>tratribus</strong></span> <span class='ocrx_word' id='word_1_150' title='bbox 1056 3160 1092 3228; x_wconf 89' lang='lat' dir='ltr'><strong>et</strong></span> <span class='ocrx_word' id='word_1_151' title='bbox 1103 3153 1284 3229; x_wconf 81' lang='lat' dir='ltr'><strong>scutiferis</strong></span> <span class='ocrx_word' id='word_1_152' title='bbox 1299 3177 1452 3230; x_wconf 90' lang='lat' dir='ltr'><strong>numero</strong></span> <span class='ocrx_word' id='word_1_153' title='bbox 1468 3179 1523 3250; x_wconf 87' lang='lat' dir='ltr'><strong>cc,</strong></span> <span class='ocrx_word' id='word_1_154' title='bbox 1540 3181 1603 3254; x_wconf 92' lang='lat' dir='ltr'><strong>pro</strong></span> <span class='ocrx_word' id='word_1_155' title='bbox 1617 3157 1686 3232; x_wconf 89' lang='lat' dir='ltr'><strong>aliis</strong></span> 
     </span>
     <span class='ocr_line' id='line_1_23' title="bbox 369 3276 628 3368; baseline 0 -18"><span class='ocrx_word' id='word_1_156' title='bbox 369 3276 484 3351; x_wconf 88' lang='lat' dir='ltr'><strong>trihus</strong></span> <span class='ocrx_word' id='word_1_157' title='bbox 498 3276 628 3368; x_wconf 88' lang='lat' dir='ltr'><strong>unciis,</strong></span> 
     </span>
    </p>

    <p class='ocr_par' dir='ltr' id='par_1_10' title="bbox 419 3403 1491 3503">
     <span class='ocr_line' id='line_1_24' title="bbox 419 3403 1491 3503; baseline 0.004 -28"><span class='ocrx_word' id='word_1_158' title='bbox 419 3406 488 3475; x_wconf 89' lang='lat' dir='ltr'><strong>Pro</strong></span> <span class='ocrx_word' id='word_1_159' title='bbox 503 3403 623 3477; x_wconf 89' lang='lat' dir='ltr'><strong>missis</strong></span> <span class='ocrx_word' id='word_1_160' title='bbox 638 3405 753 3479; x_wconf 87' lang='lat' dir='ltr'><strong>bassis</strong></span> <span class='ocrx_word' id='word_1_161' title='bbox 766 3407 915 3481; x_wconf 89' lang='lat' dir='ltr'><strong>candele</strong></span> <span class='ocrx_word' id='word_1_162' title='bbox 930 3407 975 3480; x_wconf 91' lang='lat' dir='ltr'><strong>de</strong></span> <span class='ocrx_word' id='word_1_163' title='bbox 990 3405 1223 3502; x_wconf 85' lang='lat' dir='ltr'><strong>quadraginta</strong></span> <span class='ocrx_word' id='word_1_164' title='bbox 1233 3429 1299 3503; x_wconf 91' lang='lat' dir='ltr'><strong>pro</strong></span> <span class='ocrx_word' id='word_1_165' title='bbox 1313 3405 1403 3481; x_wconf 88' lang='lat' dir='ltr'><strong>libre</strong></span> <span class='ocrx_word' id='word_1_166' title='bbox 1418 3431 1452 3496; x_wconf 90' lang='lat' dir='ltr'><strong>v,</strong></span> <span class='ocrx_word' id='word_1_167' title='bbox 1485 3435 1491 3443; x_wconf 93' lang='lat'><em>·</em></span> 
     </span>
    </p>

    <p class='ocr_par' dir='ltr' id='par_1_11' title="bbox 420 3528 1105 3622">
     <span class='ocr_line' id='line_1_25' title="bbox 420 3528 1105 3622; baseline 0.004 -20"><span class='ocrx_word' id='word_1_168' title='bbox 420 3528 653 3603; x_wconf 89' lang='lat' dir='ltr'><strong>Provideatur</strong></span> <span class='ocrx_word' id='word_1_169' title='bbox 666 3529 710 3604; x_wconf 90' lang='lat' dir='ltr'><strong>de</strong></span> <span class='ocrx_word' id='word_1_170' title='bbox 727 3529 932 3605; x_wconf 90' lang='lat' dir='ltr'><strong>celebrante</strong></span> <span class='ocrx_word' id='word_1_171' title='bbox 948 3537 1105 3622; x_wconf 92' lang='lat' dir='ltr'><strong>oraturo,</strong></span> 
     </span>
    </p>

    <p class='ocr_par' dir='ltr' id='par_1_12' title="bbox 373 3654 1684 3879">
     <span class='ocr_line' id='line_1_26' title="bbox 423 3654 1684 3755; baseline 0 -27"><span class='ocrx_word' id='word_1_172' title='bbox 423 3659 583 3740; x_wconf 83' lang='lat' dir='ltr'><strong>Quatuor</strong></span> <span class='ocrx_word' id='word_1_173' title='bbox 607 3654 753 3753; x_wconf 89' lang='lat' dir='ltr'><strong>prelatis</strong></span> <span class='ocrx_word' id='word_1_174' title='bbox 777 3655 837 3752; x_wconf 93' lang='lat' dir='ltr'><strong>qui</strong></span> <span class='ocrx_word' id='word_1_175' title='bbox 866 3656 1068 3747; x_wconf 90' lang='lat' dir='ltr'><strong>absolvant,</strong></span> <span class='ocrx_word' id='word_1_176' title='bbox 1095 3680 1248 3753; x_wconf 90' lang='lat' dir='ltr'><strong>quorum</strong></span> <span class='ocrx_word' id='word_1_177' title='bbox 1271 3658 1422 3755; x_wconf 89' lang='lat' dir='ltr'><strong>quilibet</strong></span> <span class='ocrx_word' id='word_1_178' title='bbox 1444 3657 1579 3732; x_wconf 88' lang='lat' dir='ltr'><strong>haheat</strong></span> <span class='ocrx_word' id='word_1_179' title='bbox 1598 3679 1684 3729; x_wconf 90' lang='lat' dir='ltr'><strong>suam</strong></span> 
     </span>
     <span class='ocr_line' id='line_1_27' title="bbox 373 3780 687 3879; baseline 0.006 -25"><span class='ocrx_word' id='word_1_180' title='bbox 373 3780 516 3854; x_wconf 89' lang='lat' dir='ltr'><strong>mitram</strong></span> <span class='ocrx_word' id='word_1_181' title='bbox 531 3781 687 3879; x_wconf 89' lang='lat' dir='ltr'><strong>planam,</strong></span> 
     </span>
    </p>

    <p class='ocr_par' dir='ltr' id='par_1_13' title="bbox 371 3906 1687 4387">
     <span class='ocr_line' id='line_1_28' title="bbox 422 3906 1687 4008; baseline -0.002 -28"><span class='ocrx_word' id='word_1_182' title='bbox 422 3906 604 3982; x_wconf 82' lang='lat' dir='ltr'><strong>Catalecto</strong></span> <span class='ocrx_word' id='word_1_183' title='bbox 629 3932 695 4006; x_wconf 95' lang='lat' dir='ltr'><strong>pro</strong></span> <span class='ocrx_word' id='word_1_184' title='bbox 718 3910 886 4002; x_wconf 89' lang='lat' dir='ltr'><strong>ecclesia,</strong></span> <span class='ocrx_word' id='word_1_185' title='bbox 909 3910 1068 3984; x_wconf 90' lang='lat' dir='ltr'><strong>scamnis</strong></span> <span class='ocrx_word' id='word_1_186' title='bbox 1093 3933 1159 4008; x_wconf 92' lang='lat' dir='ltr'><strong>pro</strong></span> <span class='ocrx_word' id='word_1_187' title='bbox 1179 3907 1346 4002; x_wconf 90' lang='lat' dir='ltr'><strong>lunestis,</strong></span> <span class='ocrx_word' id='word_1_188' title='bbox 1365 3909 1523 3984; x_wconf 92' lang='lat' dir='ltr'><strong>scamnis</strong></span> <span class='ocrx_word' id='word_1_189' title='bbox 1537 3933 1603 4006; x_wconf 94' lang='lat' dir='ltr'><strong>pro</strong></span> <span class='ocrx_word' id='word_1_190' title='bbox 1618 3929 1687 4004; x_wconf 87' lang='lat' dir='ltr'><strong>pre·</strong></span> 
     </span>
     <span class='ocr_line' id='line_1_29' title="bbox 371 4033 1686 4134; baseline -0.005 -26"><span class='ocrx_word' id='word_1_191' title='bbox 371 4033 453 4108; x_wconf 89' lang='lat' dir='ltr'><strong>latis</strong></span> <span class='ocrx_word' id='word_1_192' title='bbox 474 4041 510 4108; x_wconf 91' lang='lat' dir='ltr'><strong>et</strong></span> <span class='ocrx_word' id='word_1_193' title='bbox 534 4035 746 4126; x_wconf 90' lang='lat' dir='ltr'><strong>oratoribus,</strong></span> <span class='ocrx_word' id='word_1_194' title='bbox 768 4035 876 4134; x_wconf 92' lang='lat' dir='ltr'><strong>pallio</strong></span> <span class='ocrx_word' id='word_1_195' title='bbox 896 4059 961 4134; x_wconf 93' lang='lat' dir='ltr'><strong>pro</strong></span> <span class='ocrx_word' id='word_1_196' title='bbox 982 4034 1173 4126; x_wconf 85' lang='lat' dir='ltr'><strong>catalecta,</strong></span> <span class='ocrx_word' id='word_1_197' title='bbox 1194 4034 1304 4108; x_wconf 89' lang='lat' dir='ltr'><strong>armis</strong></span> <span class='ocrx_word' id='word_1_198' title='bbox 1333 4059 1398 4133; x_wconf 91' lang='lat' dir='ltr'><strong>pro</strong></span> <span class='ocrx_word' id='word_1_199' title='bbox 1418 4035 1540 4133; x_wconf 90' lang='lat' dir='ltr'><strong>pallio,</strong></span> <span class='ocrx_word' id='word_1_200' title='bbox 1562 4033 1686 4108; x_wconf 86' lang='lat' dir='ltr'><strong>duobus</strong></span> 
     </span>
     <span class='ocr_line' id='line_1_30' title="bbox 373 4155 1686 4259; baseline -0.006 -26"><span class='ocrx_word' id='word_1_201' title='bbox 373 4160 597 4235; x_wconf 89' lang='lat' dir='ltr'><strong>candelabris</strong></span> <span class='ocrx_word' id='word_1_202' title='bbox 618 4161 758 4258; x_wconf 81' lang='lat' dir='ltr'><strong>magnis</strong></span> <span class='ocrx_word' id='word_1_203' title='bbox 778 4185 843 4259; x_wconf 92' lang='lat' dir='ltr'><strong>pro</strong></span> <span class='ocrx_word' id='word_1_204' title='bbox 865 4161 1060 4259; x_wconf 89' lang='lat' dir='ltr'><strong>sepultura,</strong></span> <span class='ocrx_word' id='word_1_205' title='bbox 1086 4160 1239 4234; x_wconf 86' lang='lat' dir='ltr'><strong>diacono</strong></span> <span class='ocrx_word' id='word_1_206' title='bbox 1260 4166 1296 4234; x_wconf 89' lang='lat' dir='ltr'><strong>et</strong></span> <span class='ocrx_word' id='word_1_207' title='bbox 1311 4159 1532 4235; x_wconf 89' lang='lat' dir='ltr'><strong>subdiacono</strong></span> <span class='ocrx_word' id='word_1_208' title='bbox 1547 4155 1686 4236; x_wconf 89' lang='lat' dir='ltr'><strong>cantori-</strong></span> 
     </span>
     <span class='ocr_line' id='line_1_31' title="bbox 372 4287 1148 4387; baseline 0.004 -28"><span class='ocrx_word' id='word_1_209' title='bbox 372 4287 438 4360; x_wconf 91' lang='lat' dir='ltr'><strong>bus</strong></span> <span class='ocrx_word' id='word_1_210' title='bbox 456 4291 564 4384; x_wconf 87' lang='lat' dir='ltr'><strong>Pape,</strong></span> <span class='ocrx_word' id='word_1_211' title='bbox 582 4293 619 4361; x_wconf 91' lang='lat' dir='ltr'><strong>et</strong></span> <span class='ocrx_word' id='word_1_212' title='bbox 633 4310 698 4384; x_wconf 95' lang='lat' dir='ltr'><strong>pro</strong></span> <span class='ocrx_word' id='word_1_213' title='bbox 714 4287 766 4361; x_wconf 92' lang='lat' dir='ltr'><strong>eis</strong></span> <span class='ocrx_word' id='word_1_214' title='bbox 782 4295 927 4386; x_wconf 89' lang='lat' dir='ltr'><strong>paretur</strong></span> <span class='ocrx_word' id='word_1_215' title='bbox 940 4287 1148 4387; x_wconf 88' lang='lat' dir='ltr'><strong>prandium;</strong></span> 
     </span>
    </p>

    <p class='ocr_par' dir='ltr' id='par_1_14' title="bbox 373 4408 1685 4640">
     <span class='ocr_line' id='line_1_32' title="bbox 415 4408 1685 4512; baseline -0.006 -25"><span class='ocrx_word' id='word_1_216' title='bbox 415 4413 467 4488; x_wconf 86' lang='lat' dir='ltr'><strong>De</strong></span> <span class='ocrx_word' id='word_1_217' title='bbox 483 4413 703 4512; x_wconf 82' lang='lat' dir='ltr'><strong>preshyteris</strong></span> <span class='ocrx_word' id='word_1_218' title='bbox 720 4414 780 4510; x_wconf 93' lang='lat' dir='ltr'><strong>qui</strong></span> <span class='ocrx_word' id='word_1_219' title='bbox 796 4414 925 4490; x_wconf 92' lang='lat' dir='ltr'><strong>missas</strong></span> <span class='ocrx_word' id='word_1_220' title='bbox 941 4415 1065 4488; x_wconf 90' lang='lat' dir='ltr'><strong>bassas</strong></span> <span class='ocrx_word' id='word_1_221' title='bbox 1081 4414 1279 4507; x_wconf 86' lang='lat' dir='ltr'><strong>celebrent,</strong></span> <span class='ocrx_word' id='word_1_222' title='bbox 1297 4415 1470 4511; x_wconf 90' lang='lat' dir='ltr'><strong>usquead</strong></span> <span class='ocrx_word' id='word_1_223' title='bbox 1490 4420 1624 4489; x_wconf 91' lang='lat' dir='ltr'><strong>centum</strong></span> <span class='ocrx_word' id='word_1_224' title='bbox 1636 4408 1685 4480; x_wconf 87' lang='lat' dir='ltr'><strong>vel</strong></span> 
     </span>
     <span class='ocr_line' id='line_1_33' title="bbox 373 4519 1554 4640; baseline 0.003 -28"><span class='ocrx_word' id='word_1_225' title='bbox 373 4539 483 4630; x_wconf 92' lang='lat' dir='ltr'><strong>circa,</strong></span> <span class='ocrx_word' id='word_1_226' title='bbox 502 4561 653 4635; x_wconf 90' lang='lat' dir='ltr'><strong>quorum</strong></span> <span class='ocrx_word' id='word_1_227' title='bbox 669 4538 815 4614; x_wconf 87' lang='lat' dir='ltr'><strong>cuilibet</strong></span> <span class='ocrx_word' id='word_1_228' title='bbox 829 4539 933 4614; x_wconf 88' lang='lat' dir='ltr'><strong>datur</strong></span> <span class='ocrx_word' id='word_1_229' title='bbox 947 4563 1012 4638; x_wconf 94' lang='lat' dir='ltr'><strong>pro</strong></span> <span class='ocrx_word' id='word_1_230' title='bbox 1029 4519 1261 4640; x_wconf 82' lang='lat' dir='ltr'><strong>eleemosyna</strong></span> <span class='ocrx_word' id='word_1_231' title='bbox 1274 4541 1554 4632; x_wconf 90' lang='lat' dir='ltr'><strong>unuscarlenus,</strong></span> 
     </span>
    </p>

    <p class='ocr_par' dir='ltr' id='par_1_15' title="bbox 420 4663 1618 4764">
     <span class='ocr_line' id='line_1_34' title="bbox 420 4663 1618 4764; baseline 0.005 -25"><span class='ocrx_word' id='word_1_232' title='bbox 420 4669 472 4739; x_wconf 82' lang='lat' dir='ltr'><strong>oe</strong></span> <span class='ocrx_word' id='word_1_233' title='bbox 488 4663 608 4764; x_wconf 86' lang='lat' dir='ltr'><strong>aliquo</strong></span> <span class='ocrx_word' id='word_1_234' title='bbox 622 4689 731 4762; x_wconf 88' lang='lat' dir='ltr'><strong>super</strong></span> <span class='ocrx_word' id='word_1_235' title='bbox 746 4665 953 4741; x_wconf 89' lang='lat' dir='ltr'><strong>attendente</strong></span> <span class='ocrx_word' id='word_1_236' title='bbox 970 4666 1030 4763; x_wconf 92' lang='lat' dir='ltr'><strong>qui</strong></span> <span class='ocrx_word' id='word_1_237' title='bbox 1048 4672 1259 4764; x_wconf 91' lang='lat' dir='ltr'><strong>computum</strong></span> <span class='ocrx_word' id='word_1_238' title='bbox 1282 4666 1474 4740; x_wconf 90' lang='lat' dir='ltr'><strong>missarum</strong></span> <span class='ocrx_word' id='word_1_239' title='bbox 1495 4669 1618 4744; x_wconf 75' lang='lat' dir='ltr'><strong>teneat.</strong></span> 
     </span>
    </p>

    <p class='ocr_par' dir='ltr' id='par_1_16' title="bbox 377 4782 1683 5014">
     <span class='ocr_line' id='line_1_35' title="bbox 425 4782 1683 4888; baseline -0.01 -25"><span class='ocrx_word' id='word_1_240' title='bbox 425 4793 477 4864; x_wconf 88' lang='lat' dir='ltr'><strong>De</strong></span> <span class='ocrx_word' id='word_1_241' title='bbox 494 4790 632 4864; x_wconf 89' lang='lat' dir='ltr'><strong>duobus</strong></span> <span class='ocrx_word' id='word_1_242' title='bbox 647 4790 702 4864; x_wconf 88' lang='lat' dir='ltr'><strong>vel</strong></span> <span class='ocrx_word' id='word_1_243' title='bbox 714 4789 874 4888; x_wconf 94' lang='lat' dir='ltr'><strong>pluribus</strong></span> <span class='ocrx_word' id='word_1_244' title='bbox 895 4791 955 4888; x_wconf 93' lang='lat' dir='ltr'><strong>qui</strong></span> <span class='ocrx_word' id='word_1_245' title='bbox 977 4815 1098 4865; x_wconf 90' lang='lat' dir='ltr'><strong>ceram</strong></span> <span class='ocrx_word' id='word_1_246' title='bbox 1118 4789 1275 4866; x_wconf 90' lang='lat' dir='ltr'><strong>fideliter</strong></span> <span class='ocrx_word' id='word_1_247' title='bbox 1293 4791 1498 4866; x_wconf 87' lang='lat' dir='ltr'><strong>custodiant</strong></span> <span class='ocrx_word' id='word_1_248' title='bbox 1512 4796 1548 4864; x_wconf 94' lang='lat' dir='ltr'><strong>et</strong></span> <span class='ocrx_word' id='word_1_249' title='bbox 1561 4782 1683 4862; x_wconf 86' lang='lat' dir='ltr'><strong>clericis</strong></span> 
     </span>
     <span class='ocr_line' id='line_1_36' title="bbox 377 4914 1353 5014; baseline 0.001 -26"><span class='ocrx_word' id='word_1_250' title='bbox 377 4914 670 4990; x_wconf 87' lang='lat' dir='ltr'><strong>ceremoniarum</strong></span> <span class='ocrx_word' id='word_1_251' title='bbox 685 4914 890 4991; x_wconf 89' lang='lat' dir='ltr'><strong>ministrent</strong></span> <span class='ocrx_word' id='word_1_252' title='bbox 900 4940 965 5014; x_wconf 88' lang='lat' dir='ltr'><strong>per</strong></span> <span class='ocrx_word' id='word_1_253' title='bbox 980 4939 1043 4992; x_wconf 89' lang='lat' dir='ltr'><strong>eos</strong></span> <span class='ocrx_word' id='word_1_254' title='bbox 1057 4915 1353 4992; x_wconf 90' lang='lat' dir='ltr'><strong>distribuendam.</strong></span> 
     </span>
    </p>

    <p class='ocr_par' dir='ltr' id='par_1_17' title="bbox 377 5041 1684 5264">
     <span class='ocr_line' id='line_1_37' title="bbox 426 5041 1684 5142; baseline -0.008 -27"><span class='ocrx_word' id='word_1_255' title='bbox 426 5041 575 5116; x_wconf 88' lang='lat' dir='ltr'><strong>Familia</strong></span> <span class='ocrx_word' id='word_1_256' title='bbox 592 5042 754 5118; x_wconf 78' lang='lat' dir='ltr'><strong>defuncti</strong></span> <span class='ocrx_word' id='word_1_257' title='bbox 774 5043 947 5118; x_wconf 87' lang='lat' dir='ltr'><strong>vestiatur</strong></span> <span class='ocrx_word' id='word_1_258' title='bbox 960 5048 996 5116; x_wconf 93' lang='lat' dir='ltr'><strong>et</strong></span> <span class='ocrx_word' id='word_1_259' title='bbox 1009 5049 1091 5116; x_wconf 91' lang='lat' dir='ltr'><strong>ante</strong></span> <span class='ocrx_word' id='word_1_260' title='bbox 1114 5042 1237 5142; x_wconf 89' lang='lat' dir='ltr'><strong>ompia</strong></span> <span class='ocrx_word' id='word_1_261' title='bbox 1250 5042 1398 5117; x_wconf 92' lang='lat' dir='ltr'><strong>cuilibet</strong></span> <span class='ocrx_word' id='word_1_262' title='bbox 1420 5042 1527 5118; x_wconf 87' lang='lat' dir='ltr'><strong>detur</strong></span> <span class='ocrx_word' id='word_1_263' title='bbox 1550 5041 1684 5115; x_wconf 89' lang='lat' dir='ltr'><strong>biretum</strong></span> 
     </span>
     <span class='ocr_line' id='line_1_38' title="bbox 377 5189 532 5264; baseline -0.006 -25"><span class='ocrx_word' id='word_1_264' title='bbox 377 5189 532 5264; x_wconf 72' lang='lat' dir='ltr'><strong>nigrum.</strong></span> 
     </span>
    </p>
   </div>
   <div class='ocr_carea' id='block_1_3' title="bbox 0 0 1762 6056">
    <p class='ocr_par' dir='ltr' id='par_1_18' title="bbox 0 0 1762 6056">
     <span class='ocr_line' id='line_1_39' title="bbox 0 0 1762 6056; baseline 0 0"><span class='ocrx_word' id='word_1_265' title='bbox 0 0 1762 6056; x_wconf 95' lang='lat' dir='ltr'><strong> </strong></span> 
     </span>
    </p>
   </div>
  </div>
 </body>
</html>
