3508 6034
119 444 194 518 [tuin
212 445 283 516 1191]
457 441 584 498 RERUM
607 439 836 497 URBANARUM
859 439 1120 498 COMMENTARll.
1398 445 1451 501 189

169 596 276 670 Faria
291 603 431 692 quarta,
450 598 471 666 6
487 593 572 668 dicti
586 593 721 666 mensis
735 593 842 690 junii,
860 593 951 667 hora
970 594 1113 668 decima
1130 603 1256 670 octava
1270 596 1326 670 vel
1339 599 1447 688 circa,

119 725 219 796 lllus.
239 723 408 820 princeps
421 726 542 818 Capua
560 719 701 794 medius
717 721 810 794 inter
825 725 978 794 RRmos.
999 725 1074 795 DD.
1094 722 1297 798 cardinales
1312 726 1450 799 Senen-

119 869 200 918 sem
215 868 237 918 a
250 844 403 918 sinistris
425 849 461 918 et
480 845 773 916 Beneuentanum
791 866 812 914 a
831 841 980 932 dextris,
1002 843 1063 940 qui
1077 868 1192 940 usqua
1208 847 1253 922 ad
1267 873 1449 924 cameram

120 969 357 1067 apostolicam
372 969 550 1066 equitans,
566 968 602 1040 in
618 990 690 1063 quo
711 975 746 1041 et
762 974 862 1041 extra
880 991 1007 1041 omues
1020 969 1155 1044 familie
1171 976 1267 1070 Pape
1280 984 1317 1048 et
1333 977 1451 1050 cardi-

119 1095 259 1168 nalium
279 1096 419 1191 equites
441 1095 560 1190 ipsum
581 1092 833 1188 expectabant,
859 1093 1023 1180 recessit,
1047 1097 1233 1192 Neapolim
1255 1101 1447 1188 rediturus,

119 1219 321 1292 associatus
344 1217 554 1315 apredictis
576 1219 720 1291 RRmis.
746 1222 821 1292 uu.
846 1221 1087 1294 cardinalibus
1110 1229 1145 1295 et
1167 1225 1314 1320 prelatis
1335 1249 1377 1299 ac
1398 1227 1415 1298 1
1435 1271 1452 1282 -

120 1343 232 1416 miliis
255 1345 351 1440 Papo
376 1349 412 1416 et
432 1343 593 1416 omnium
618 1342 855 1416 cardinalium
877 1369 990 1442 usque
1013 1353 1115 1421 extra
1138 1353 1279 1443 portam
1306 1352 1451 1422 Latera-

119 1491 275 1542 nensem
305 1467 378 1541 siva
407 1465 624 1539 Asinariam.
655 1469 695 1538 ln
727 1465 817 1538 locis
851 1467 984 1541 strictis
1016 1468 1236 1565 precedebat
1263 1470 1448 1566 princeps,

121 1592 343 1690 sequebatur
365 1595 641 1665 Beneventanus
658 1589 789 1686 primo,
814 1589 945 1666 deinde
968 1591 1139 1666 Senensis
1165 1617 1173 1664 :
1197 1595 1368 1690 equitavit
1387 1618 1454 1692 por

118 1717 289 1792 eamdem
304 1717 396 1789 viam
409 1738 474 1812 per
488 1715 623 1790 Urbem
636 1737 702 1811 per
712 1717 819 1810 qua'm
829 1723 977 1791 venerat
989 1745 997 1802 ;
1010 1719 1233 1814 pernoctavit
1249 1719 1286 1791 in
1297 1720 1449 1809 Marino,

118 1843 186 1918 sed
201 1865 330 1917 cenam
345 1841 430 1916 iecit
443 1841 480 1913 in
495 1843 621 1914 Grotta
635 1843 795 1926 Ferrata,
815 1840 876 1913 ubi
892 1845 1016 1916 Rmus.
1034 1845 1077 1916 l).
1096 1843 1289 1916 cardinalis
1306 1868 1335 1917 s.
1356 1846 1450 1918 Petri

117 1969 164 2042 ad
178 1967 333 2044 Vincula
347 1969 408 2066 (1).
418 2023 441 2042 ..

168 2092 326 2166 Sabbato
340 2097 361 2164 9
374 2093 481 2188 junii,
506 2093 627 2188 vigilia
646 2097 880 2165 Pentecostes
899 2091 1044 2164 luerunt
1062 2114 1211 2189 vespere
1232 2095 1392 2190 papales
1416 2094 1450 2166 in

115 2216 258 2313 capella
281 2216 417 2313 majore
440 2210 576 2314 palatii,
608 2220 705 2312 Papa
731 2221 915 2313 presente.
943 2214 1112 2288 Officium
1139 2217 1224 2292 lecit
1250 2221 1374 2292 Rmus.
1405 2221 1447 2291 D.

118 2341 314 2415 cardinalis
330 2342 550 2416 Parmensis.

165 2469 205 2537 ln
231 2463 288 2537 die
317 2466 498 2561 sequenti,
517 2465 587 2538 luit
608 2466 720 2538 missa
741 2466 913 2540 solemnis
934 2470 970 2541 in
992 2471 1143 2543 basilica
1167 2495 1195 2542 s.
1223 2473 1320 2545 Petri
1341 2494 1448 2568 quam
1553 2463 1555 2468 ’

117 2586 303 2686 predictus
332 2589 524 2662 cardinalis
557 2589 762 2678 celebravit,
789 2591 887 2686 Papa
911 2592 1020 2666 etiam
1048 2594 1210 2668 absente.
1236 2596 1449 2672 Sermonem

116 2715 203 2787 iecit
218 2713 368 2810 quidam
388 2715 500 2787 irater
519 2715 656 2788 ordinis
677 2712 943 2787 carmelitarum
964 2723 1001 2788 et
1019 2716 1055 2787 in
1069 2715 1141 2790 fine
1160 2717 1355 2814 publicavit
1369 2717 1448 2814 ple-

115 2839 236 2914 narias
258 2839 502 2935 indulgentias
522 2863 587 2936 per
608 2841 670 2912 SS.
694 2841 736 2912 D.
759 2842 801 2912 N.
818 2862 947 2937 papam
963 2863 1029 2936 pro
1046 2839 1143 2914 dicto
1158 2841 1341 2916 cardinale
1362 2847 1450 2916 Par-

116 2965 234 3037 mensi
260 2987 470 3052 concessas;
493 2970 530 3037 et
556 2965 640 3060 quia
662 2963 728 3036 suit
749 2963 786 3035 in
805 2963 899 3036 Urbe
914 2969 950 3036 et
968 2963 1004 3034 in
1026 2964 1182 3038 ecclesia
1206 2966 1312 3039 beate
1334 2969 1447 3040 Maria

114 3090 379 3186 Transpontinc
405 3089 603 3185 capitulum
627 3088 798 3184 generale
824 3087 975 3160 fratrum
1001 3087 1087 3160 dicti
1117 3087 1253 3160 ordinis
1278 3091 1446 3162 carmeli-

114 3221 232 3288 tarum
260 3213 531 3310 praelectione
561 3214 641 3285 novi
670 3212 849 3308 generalis
879 3213 1043 3309 ejusdem
1064 3213 1201 3286 ordinis
1221 3215 1277 3288 vel
1296 3215 1444 3290 alterius

113 3338 402 3428 confirmatione,
421 3339 515 3412 sacta
530 3347 586 3412 est
598 3361 664 3434 per
678 3337 809 3410 iratres
829 3337 992 3433 ejusdem
1009 3337 1145 3410 ordinis
1162 3339 1341 3434 generalis
1356 3363 1441 3437 pro-

111 3464 242 3556 cessio,
275 3487 357 3560 que,
389 3487 558 3537 sermone
585 3464 744 3558 incepto,
775 3461 945 3536 inchoata
970 3469 1038 3552 est,
1070 3469 1106 3536 et
1135 3465 1233 3536 veuit
1264 3465 1444 3559 usquead

109 3587 291 3662 caucellos
304 3589 441 3684 capelle
457 3587 604 3684 majoris
619 3591 728 3684 Papa,
745 3586 914 3661 videlicet
927 3611 1017 3682 quos
1033 3610 1107 3660 non
1127 3587 1284 3678 intravit,
1304 3590 1368 3662 sad
1380 3612 1446 3686 por

112 3713 220 3786 aliam
244 3735 373 3786 navem
403 3713 595 3787 ecclesiam
627 3712 752 3802 exivit3
782 3711 1017 3786 confirmatus
1043 3712 1110 3786 fuit
1132 3713 1169 3784 in
1190 3712 1262 3785 hoc
1287 3713 1442 3810 capitulo

109 3837 290 3932 generalis
305 3839 486 3935 antiquus.
1376 3827 1378 3833 ⁸

161 3963 266 4034 Feria
280 3963 419 4057 quinta,
441 3967 483 4035 11
505 3961 591 4036 dicti
608 3964 743 4036 mensis
756 3963 861 4060 junii,
879 3963 970 4036 bora
987 3962 1240 4037 decimanona
1260 3965 1316 4038 vel
1331 3967 1440 4054 circa,

109 4113 174 4186 per
188 4097 331 4187 portam
354 4089 522 4166 Viridorii
543 4090 685 4163 intravit
705 4089 839 4162 Urbem
860 4092 902 4160 R.
918 4087 955 4158 iu
971 4086 1114 4159 Christo
1130 4089 1169 4158 P.
1193 4091 1236 4160 D.
1260 4088 1443 4162 lohannes

109 4216 302 4312 episcopus
326 4214 593 4304 Duuelmensis,
612 4208 845 4309 oratorreg'is
860 4211 1001 4307 Anglie,
1024 4233 1046 4281 a
1068 4209 1213 4282 familiis
1239 4213 1301 4284 SS.
1327 4215 1369 4283 D.
1397 4215 1439 4285 N.

108 4409 192 4473 ayant
207 4399 313 4454 declara
326 4415 360 4454 en
381 4397 544 4455 consistoire
558 4398 649 4473 publio
670 4399 707 4454 du
730 4397 797 4454 mois
812 4395 845 4453 de
865 4395 1012 4453 novembre
1028 4397 1097 4453 1189
1117 4397 1142 4452 te
1160 4397 1198 4454 roi
1217 4396 1371 4454 Ferdinand
1394 4399 1441 4454 de-

108 4487 226 4563 possedd
241 4488 274 4544 de
289 4503 340 4544 son
355 4504 485 4561 royaume
495 4489 542 4562 qui
553 4488 728 4545 retouraaita
742 4477 852 4560 l'Eglise
865 4485 995 4542 romaine.
1012 4486 1082 4560 Voy.
1093 4485 1232 4542 Infessura
1244 4487 1313 4542 dans
1327 4485 1441 4556 Ecoard,

108 4579 158 4634 col.
177 4579 245 4634 1991
267 4585 294 4634 et
311 4577 458 4652 Raynaldi,
473 4579 552 4635 Anu.
569 4579 661 4646 Ecct,
676 4583 697 4634 t.
713 4575 800 4646 XXX,
816 4593 844 4650 p.
862 4576 922 4646 158,
939 4585 970 4631 n⁰
986 4577 1003 4631 8
1017 4581 1044 4632 et
1058 4593 1086 4649 p.
1103 4577 1166 4644 180,
1182 4589 1214 4630 no
1230 4575 1350 4632 1111111ο
1368 4577 1399 4631 11
1415 4575 1441 4632 la

111 4668 184 4724 bulla
200 4665 387 4723 d'investitura
405 4687 411 4718 :
429 4667 549 4722 Dudum
570 4669 666 4738 felicis
684 4667 906 4734 recordationis,
921 4664 1028 4738 publiea
1046 4682 1096 4740 par
1113 4665 1214 4738 Lunig,
1230 4665 1326 4720 Codes
1344 4665 1442 4724 Italiae

108 4759 325 4828 diplomaticus,
341 4763 362 4813 t.
380 4757 414 4827 ll,
430 4765 461 4812 u⁰
477 4756 541 4825 128,
556 4757 607 4814 col.
626 4757 705 4812 1295.

142 4846 181 4902 Le
196 4845 236 4901 roi
247 4846 282 4901 de
301 4845 405 4902 France
419 4851 542 4918 protecta
555 4863 604 4918 par
620 4845 646 4901 la
660 4861 796 4919 personna
812 4844 846 4900 da
863 4861 908 4900 ses
930 4843 1141 4902 ambassadeurs
1156 4849 1249 4901 contro
1263 4844 1441 4903 l'iuvestiture

106 4935 143 4991 du
158 4951 291 5008 royaume
302 4935 336 4991 de
351 4933 502 5008 Naples31e
516 4934 557 4990 roi
569 4933 724 4990 Ferdinand
740 4950 846 5007 europa
860 4935 877 4988 1
890 4950 921 4988 ce
938 4934 1009 5007 sujet
1022 4934 1072 4990 des
1082 4934 1260 4991 instructions
1275 4936 1292 4989 a
1308 4932 1441 4992 Giovanni

108 5025 229 5082 Ballista
252 5025 381 5099 Coppola.
405 5023 476 5098 Voy.
497 5024 655 5093 Trinchera,
672 5027 774 5081 Codice
792 5026 967 5096 Araponesa
985 5021 1038 5084 vol.
1056 5023 1092 5093 ll,
1113 5034 1145 5079 11⁰
1164 5023 1310 5096 CXXXIV,
1326 5041 1353 5098 p.
1375 5025 1438 5082 115.

142 5119 168 5170 t.
191 5115 279 5170 bieme
297 5114 394 5171 lacuna
410 5115 479 5171 daus
494 5120 557 5170 tous
572 5113 611 5168 les
627 5130 693 5169 mss.
1270 5109 1273 5115 ’
