3496 6056
367 455 419 520 i24
820 454 996 515 ,IOHANNIS
1019 457 1241 530 BURCHARDI,
1455 460 1672 526 [baeemnnusu

368 611 514 704 paratus
533 629 637 683 moro
659 607 779 698 solito,
805 611 1123 708 processionaliter
1144 613 1240 686 venit
1264 612 1310 687 ad
1330 612 1516 688 basilicam
1532 638 1561 686 s.
1581 615 1673 693 Petu'.

367 729 427 801 ubi
460 729 622 803 osticium
658 731 868 806 solemniter
902 735 1107 826 celebravit,
1146 737 1362 812 ceremoniis
1393 737 1588 814 consuetis.
1614 741 1675 824 Quo
1731 809 1732 812 ,

368 852 483 942 finito,
502 855 607 929 rediit
623 856 670 930 ad
684 856 856 954 palatium
874 845 1169 951 sanctitatis‘sue,
1192 862 1274 936 data
1299 861 1366 936 sub
1384 862 1526 960 porticu
1550 861 1675 936 basilice

368 978 528 1075 predicta
545 980 785 1054 cardinalibus
799 982 957 1058 licentia.
977 987 1170 1083 Postquam
1185 987 1357 1062 sanctitas
1373 1011 1440 1060 sua
1453 987 1501 1061 ad
1514 1008 1674 1061 cameram

365 1109 484 1201 rediit,
504 1110 704 1186 associatus
719 1108 782 1184 suit
796 1109 976 1208 aprelutis
992 1110 1218 1186 cubiculariis
1238 1119 1274 1187 et
1295 1111 1475 1188 scutiferis
1499 1113 1675 1188 sanctitatis

365 1257 430 1309 sue
445 1259 466 1310 a
481 1235 613 1334 palatio
634 1259 699 1310 suo
722 1235 883 1334 predicto
904 1225 1016 1336 usque
1037 1238 1083 1313 ad
1101 1239 1249 1312 domum
1268 1238 1483 1312 Ursinorum
1507 1237 1545 1310 in
1569 1261 1677 1334 campo

364 1360 482 1450 Flore,
500 1383 610 1457 quam
627 1361 736 1437 modo
748 1363 1012 1438 Illustrissimus
1023 1369 1066 1440 D.
1081 1365 1292 1439 l'ranoiscus
1306 1363 1352 1438 de
1362 1364 1547 1460 aragonia
1560 1363 1678 1436 inhabi-

362 1491 426 1574 tat,
441 1483 537 1558 idem
553 1485 765 1560 Franciscus
785 1486 847 1582 qui
869 1486 1038 1583 equitavit
1055 1489 1245 1564 asinistris
1264 1489 1356 1562 Rmi.
1374 1491 1417 1562 b.
1441 1487 1630 1562 cardinalis
1643 1487 1677 1560 de

363 1609 557 1707 Aragonia,
572 1609 690 1686 iratris
704 1611 771 1701 sui,
787 1618 823 1686 et
838 1619 918 1710 post
931 1635 1008 1703 eos,
1025 1614 1150 1710 prelati
1164 1614 1288 1711 palatii
1306 1619 1342 1688 et
1357 1613 1431 1702 alii,
1444 1635 1486 1688 ao
1500 1613 1678 1688 comitante

365 1739 448 1808 anto
464 1757 548 1808 eum
565 1733 624 1808 illo
638 1735 697 1832 qui
713 1758 839 1810 ensem
855 1758 937 1812 oum
953 1735 1048 1834 pileo
1063 1739 1241 1834 portabat,
1260 1747 1296 1812 et
1311 1737 1371 1812 alii
1383 1737 1509 1812 ordine
1523 1745 1679 1812 consueto

364 1857 587 1934 honorantes
603 1859 720 1956 ipsum
733 1867 881 1958 propter
895 1883 1021 1937 ensem
1036 1886 1058 1937 a
1073 1866 1136 1937 SS.
1155 1867 1198 1938 D.
1218 1867 1261 1939 N.
1281 1863 1347 1937 sibi
1363 1863 1552 1938 donatum.

413 1985 614 2077 Dominica,
642 1990 687 2060 26
721 1985 807 2060 dicti
841 1987 977 2063 mensis
1010 1988 1227 2079 decembris,
1264 1992 1389 2064 Rmus.
1424 1989 1467 2061 D.
1501 1985 1676 2062 cardinalis

363 2108 615 2200 Novariensis,
642 2110 671 2184 si
699 2118 798 2186 reete
825 2109 995 2202 memini,
1027 2111 1221 2186 celebravit
1249 2111 1398 2186 missam
1427 2111 1626 2186 solemnem
1652 2111 1680 2182 in

363 2234 511 2310 basilica
530 2233 704 2332 predicta,
733 2239 830 2334 Papa
851 2243 1020 2332 presente
1043 2243 1080 2310 et
1103 2237 1248 2312 babitus
1275 2243 1331 2313 est
1355 2259 1476 2312 sermo
1506 2260 1550 2312 ac
1576 2238 1681 2310 omnia

365 2383 467 2436 more
482 2359 588 2434 solito
604 2368 687 2434 sunt
702 2360 905 2436 observata.

415 2484 519 2562 Feria
543 2484 704 2560 secunda
724 2485 888 2584 ejusdam
915 2487 1052 2562 mensis
1078 2485 1285 2562 decembris
1310 2486 1443 2560 testum
1467 2510 1497 2560 s.
1522 2485 1682 2560 iohannis

367 2609 600 2706 evangeliste,
620 2614 749 2704 ‚Rmus
780 2613 823 2688 D.
849 2611 1039 2686 cardinalis
1070 2611 1275 2707 Agricnsis,
1310 2611 1346 2684 in
1377 2609 1529 2684 basilica
1562 2609 1684 2708 pretato

365 2733 558 2810 celebravit
572 2734 721 2810 missam
737 2735 951 2828 solemnem,
970 2739 1066 2832 Papa
1080 2741 1265 2830 presente,
1280 2742 1317 2810 et
1331 2735 1477 2810 habitus
1490 2740 1547 2808 est
1562 2755 1682 2820 sermo,

366 2865 406 2931 ut
420 2857 509 2932 mibi
525 2858 678 2947 videtur,
695 2866 731 2934 et
746 2860 815 2935 alia
831 2883 933 2935 more
949 2867 1135 2935 consueto.

412 2983 527 3058 Finita
542 2983 653 3058 missa
669 2985 732 3060 SS.
752 2987 795 3058 D.
806 2988 849 3060 N.
865 2984 1002 3060 insolio
1016 2993 1116 3060 stans
1132 2986 1315 3062 benedixit
1329 2985 1541 3060 duovexilla
1552 3005 1683 3080 magna,

363 3134 474 3184 unum
492 3131 677 3184 armorum
698 3109 874 3201 Ecclesia,
900 3119 936 3184 et
957 3110 1055 3184 aliud
1072 3133 1220 3184 suorum
1241 3133 1439 3184 armorum.
1464 3113 1543 3196 Qua
1567 3107 1682 3182 deinde

360 3235 416 3308 lll.
435 3238 477 3308 D.
493 3233 650 3308 iohanni
667 3235 713 3310 da
730 3239 861 3325 Ruere,
877 3235 971 3310 alma
986 3234 1090 3310 Urbis
1104 3235 1268 3332 prefecto
1284 3240 1320 3310 et
1335 3235 1429 3308 Rmi.
1447 3237 1490 3307 D.
1507 3231 1684 3307 cardinalis

362 3383 392 3432 s.
418 3360 513 3434 Petri
528 3360 575 3435 ad
588 3361 742 3437 Vincula
762 3360 859 3434 tratri
878 3382 1066 3456 germano,
1086 3383 1207 3434 curam
1227 3383 1266 3434 sa
1292 3360 1497 3458 genuflexo,
1521 3382 1595 3432 una
1613 3377 1682 3430 cun
1736 3365 1737 3392 ¹

362 3483 492 3558 baculo
508 3483 589 3558 albo
611 3491 787 3560 consueto
808 3483 1013 3582 assignavit,
1037 3503 1079 3556 nc
1102 3482 1219 3580 ipsum
1238 3483 1467 3579 capitaneum
1490 3479 1684 3578 generalem

360 3635 390 3684 s.
415 3635 444 3684 r.
465 3613 505 3684 E.
529 3610 715 3684 constituit
742 3617 779 3684 et
798 3607 986 3700 ordinavit,
1007 3613 1156 3703 recepto
1178 3607 1277 3704 prius
1304 3607 1349 3680 ab
1365 3631 1423 3698 eo,
1440 3630 1482 3681 aa
1498 3629 1565 3702 per
1583 3605 1685 3702 ipsum

366 3735 569 3810 Johanncm
593 3735 796 3833 predictum
820 3735 926 3810 tactis
947 3733 1132 3831 scripturis
1157 3732 1413 3823 sacrosanctis,
1433 3732 1477 3805 ad
1494 3725 1685 3804 sanoteDei

366 3859 551 3958 evangelis
565 3861 743 3958 corporali
758 3861 908 3958 prestito
919 3861 1126 3958 juramento
1140 3858 1175 3932 in
1191 3857 1311 3934 torma
1325 3857 1432 3932 solita
1451 3865 1488 3932 et
1506 3861 1679 3932 consueta.

366 3985 432 4072 Qui
448 3985 596 4082 quidem
612 3987 822 4082 capitaneus
837 3991 918 4082 post
937 3983 1175 4058 elevationem
1198 3983 1418 4058 sacramenti
1439 3983 1475 4056 in
1503 3983 1614 4056 missa
1634 4003 1684 4053 ca-

362 4109 457 4209 pella
474 4108 631 4184 exiverat
646 4133 729 4184 cum
745 4109 869 4206 paucis
881 4131 925 4184 ex
941 4107 1029 4198 suis,
1048 4131 1089 4182 ac
1103 4107 1180 4182 aliis
1196 4108 1394 4197 nobilibus,
1410 4108 1522 4181 etiam
1540 4103 1684 4181 romanis

362 4258 429 4332 pro
449 4233 559 4309 armis
580 4234 808 4332 recipiendis.
837 4233 972 4321 Quibus
990 4232 1122 4309 deinde
1144 4231 1315 4328 receptis,
1341 4237 1424 4306 ante
1448 4229 1562 4306 finem
1588 4229 1683 4304 misse

361 4360 467 4434 rediit
483 4359 529 4435 ad
544 4359 720 4457 capellam
742 4358 924 4448 eamdem,
944 4357 1200 4447 brachialibus,
1219 4356 1441 4430 bancalibus
1457 4362 1492 4430 et
1508 4351 1684 4429 sobineriis

360 4491 521 4560 armatus
541 4507 642 4560 more
673 4483 791 4558 solito.
822 4484 1017 4580 Capitaneo
1042 4483 1251 4574 constituto,
1287 4485 1351 4556 SS.
1384 4485 1429 4556 D.
1459 4485 1502 4555 N.
1531 4475 1681 4555 rediitad

360 4633 557 4701 cameram,
576 4609 658 4684 data
671 4609 737 4684 sub
755 4609 894 4706 porticu
913 4608 1075 4706 predicto
1096 4606 1337 4682 cardinalibus
1351 4607 1511 4688 licentia,
1530 4607 1679 4703 quicum

360 4733 433 4806 suis
449 4733 591 4808 familiis
608 4733 653 4807 ad
671 4757 735 4807 sua
749 4732 882 4831 palatia
896 4733 1092 4808 redierunt.
1115 4732 1252 4806 Deinde
1273 4731 1457 4830 pradictus
1479 4731 1678 4826 capitaneus

357 4857 536 4954 apralatis
552 4857 672 4955 palatii
688 4866 723 4930 et
737 4858 938 4930 oratoribus
956 4866 992 4932 et
1010 4857 1240 4932 cubiculariis
1260 4879 1302 4930 ac
1323 4855 1504 4930 scutiferis
1529 4859 1621 4950 Pape
1639 4855 1670 4921 et

358 4981 436 5055 aliis
451 4983 650 5056 associatus
666 4989 734 5072 est,
753 4983 893 5056 medius
908 4982 1001 5057 inter
1017 4983 1068 5055 lll.
1088 4986 1131 5056 D.
1150 4981 1382 5068 Franciscum
1402 4979 1448 5054 da
1469 4976 1677 5076 dragoniaa

358 5107 515 5182 dexteris
531 5115 568 5182 et
581 5106 897 5182 vicecamerarium
916 5129 937 5180 a
957 5107 1122 5196 sinistris,
1140 5105 1305 5202 equitans
1324 5129 1438 5202 usqua
1455 5105 1502 5178 ad
1517 5102 1674 5202 palatium
