3508 6034
136 415 196 488 [arar
215 417 285 488 nea]
473 417 601 474 RERUM
625 419 851 478 URBANARUM
875 421 1136 482 Cot1MENTARH.
1410 431 1464 486 479

133 568 288 642 venitin
310 569 429 664 platea
449 577 532 646 ante
553 574 745 648 ecclesiam
765 578 975 652 monasterii
997 585 1120 652 sancte
1135 578 1270 667 llarie3
1300 579 1383 652 inde
1399 605 1465 678 per

132 695 384 792 pelliciarium,
399 720 464 795 per
478 700 656 795 Angelum
672 701 716 774 de
732 703 897 776 Maximis
913 705 959 778 ad
974 731 1143 803 campum
1161 707 1265 781 Flore
1288 707 1465 781 diverten-

131 829 200 912 tes,
220 821 353 897 deinde
368 825 425 896 via
437 831 537 897 recta
552 825 597 896 ad
612 825 784 922 palatium
803 831 1060 925 apostolicum,
1079 831 1137 904 ubi
1152 831 1188 904 in
1205 855 1351 905 camera
1365 832 1464 928 prin-

133 971 220 1044 ceps
242 949 397 1024 extraxit
411 973 456 1024 ex
471 953 694 1026 ornamentis
710 977 835 1028 ensem
855 979 925 1051 quo
948 955 1087 1028 cinctus
1107 961 1183 1029 erat
1203 963 1238 1028 ot
1257 956 1358 1028 illum
1377 957 1464 1028 mibi

132 1074 232 1149 dedit
248 1075 552 1164 conservandum3
570 1101 677 1174 quem
694 1103 790 1170 cum,
804 1087 953 1178 propter
965 1082 1191 1155 ceremonias
1207 1081 1337 1178 quibus
1351 1081 1466 1155 inten-

132 1199 219 1274 dere
236 1199 359 1291 debui,
379 1202 536 1279 retinere
553 1225 626 1278 non
648 1227 809 1301 possem,
827 1207 1004 1304 assignavi
1022 1207 1144 1280 comiti
1161 1208 1316 1280 Antonio
1332 1208 1467 1280 Miran-

134 1325 217 1399 dule
234 1326 295 1424 qui
315 1327 518 1402 custodivit.

180 1453 292 1526 Venit
327 1452 458 1526 deinde
493 1453 660 1552 princeps
690 1455 736 1528 ad
765 1480 947 1530 cameram
979 1459 1175 1556 papagalli,
1209 1458 1268 1533 ubi
1304 1459 1466 1556 pontifex

133 1579 285 1669 amictu,
302 1579 396 1669 alba,
415 1579 561 1675 cingulo
578 1587 613 1654 et
629 1580 722 1654 stola
733 1582 894 1678 pretiosa
909 1591 1071 1680 paratus.
1094 1584 1131 1656 in
1153 1583 1238 1657 sede
1257 1585 1395 1681 majore
1412 1609 1467 1657 se-

134 1705 239 1794 dens,
271 1703 618 1780 circumsedentibus
646 1731 748 1782 more
776 1710 1014 1784 consistoriali
1043 1711 1297 1798 cardinalibus,
1329 1713 1467 1809 recepit

133 1829 336 1928 principem
363 1830 409 1902 ad
427 1829 544 1927 pedis,
567 1807 754 1904 manus'et
780 1831 853 1904 oris
874 1833 1057 1923 osculu1n;
1083 1835 1211 1930 quibus
1233 1835 1464 1924 deosculatis,

131 1956 302 2054 princeps
323 1954 424 2052 quasi
446 1955 661 2052 genuflexus
681 1955 746 2028 sed
769 1962 903 2030 terram
923 1983 997 2032 non
1019 1967 1185 2058 tangens,
1208 1985 1333 2060 regem
1354 1969 1389 2034 et
1408 1985 1468 2058 pa-

134 2089 228 2156 trem
245 2105 350 2156 suum
366 2105 408 2155 ac
424 2105 462 2156 se
478 2082 664 2156 Sanctitati
679 2105 743 2154 sue
762 2083 1029 2159 commendavit
1045 2087 1170 2183 paucis¹
1181 2087 1316 2176 verbis;
1336 2087 1466 2182 quibus

133 2215 168 2282 et
184 2213 282 2306 Papa
295 2208 481 2305 respondit
493 2208 661 2282 breviter.
679 2209 842 2283 Accessit
858 2209 988 2285 deinde
1004 2212 1186 2310 princeps,
1205 2237 1226 2284 a
1240 2210 1465 2285 vicecancel-

132 2331 223 2407 lario
236 2333 425 2430 incipiens
438 2341 473 2407 et
484 2332 528 2406 ab
541 2333 707 2406 omnibus
721 2335 963 2408 cardinalibus
974 2337 1020 2409 ad
1032 2339 1104 2410 oris
1114 2338 1279 2412 osculum
1293 2343 1464 2434 acceptus

133 2466 205 2549 est3
224 2482 295 2556 quo
319 2460 415 2534 lacto
431 2459 478 2549 ei,
508 2459 741 2534 demandato
762 2464 871 2558 Papa,
899 2469 981 2558 post
1001 2465 1145 2535 Rmum.
1173 2465 1215 2534 D.
1244 2461 1464 2534 cardinalem

134 2589 350 2676 senensem,
369 2585 603 2659 diaconorum
619 2586 792 2680 priorem,
810 2586 932 2658 locum
949 2587 1044 2678 dedi,
1063 2588 1122 2660 ubi
1139 2588 1249 2679 sedit;
1269 2593 1305 2662 et
1321 2612 1404 2662 cum
1420 2611 1463 2662 eo

132 2733 261 2784 omnes
290 2709 490 2784 cardinales
521 2718 765 2786 accesserunt.
798 2712 937 2787 Deinde
966 2713 1011 2786 ad
1042 2714 1205 2787 osculum
1235 2713 1337 2811 pedis
1368 2717 1462 2811 Papo

132 2835 298 2910 marchio
315 2837 532 2925 Giracensis,
551 2835 623 2910 dux
641 2838 916 2935 Amalphitanus
938 2845 973 2912 et
994 2839 1053 2912 alii
1074 2865 1201 2914 omnes
1222 2840 1376 2914 barones
1392 2839 1461 2911 mi-

130 2961 227 3053 lites,
247 2969 283 3037 et
296 2986 423 3038 omnes
439 2963 594 3038 barones
609 2965 751 3040 nobiles
767 2965 804 3037 in
819 2965 991 3062 principis
1007 2968 1175 3040 comitiva
1191 2967 1387 3040 existentes
1401 2989 1463 3038 ac-

131 3097 343 3176 cesseruut;
371 3113 441 3186 quo
470 3090 565 3165 lacto
591 3115 755 3166 reversus
781 3097 835 3164 cst
856 3091 902 3164 ad
924 3091 1134 3188 pontificem
1158 3089 1326 3186 princeps
1351 3113 1460 3184 quem

131 3212 220 3287 lecit
235 3213 397 3308 pontifex
407 3216 775 3309 perBeneventanum
789 3221 824 3288 et
839 3219 1038 3289 Senensem
1053 3215 1252 3288 cardinales
1263 3213 1460 3312 predictos,

131 3342 176 3414 ad
192 3365 355 3415 cameras
372 3341 465 3414 Rmi.
484 3345 527 3414 D.
552 3341 744 3414 cardinalis
766 3340 953 3415 camerarii
970 3342 1074 3438 juxta
1091 3364 1272 3414 cameram
1292 3339 1465 3436 apostoli·

130 3492 213 3542 cam
228 3468 438 3557 existentes,
457 3492 527 3563 quo
540 3491 605 3564 pro
619 3490 663 3540 eo
680 3491 762 3539 cum
780 3463 946 3538 omnibus
960 3465 1140 3562 prioribus
1156 3465 1245 3538 aulis
1261 3463 1463 3562 peroptime

130 3601 167 3668 et
183 3593 414 3668 amatissime
430 3603 553 3690 parate
571 3598 685 3681 erant,
705 3591 889 3664 associari.

180 3719 286 3793 Faria
307 3716 477 3808 secunda,
497 3723 541 3791 28
558 3718 693 3790 mensis
710 3717 808 3804 maii,
824 3716 868 3788 de
884 3711 1054 3788 mandato
1069 3717 1289 3788 thmorum.
1309 3717 1384 3788 Dll.
1400 3717 1465 3788 Be-

130 3846 324 3919 neventani
341 3851 377 3919 et
393 3851 516 3918 sancte
538 3845 729 3919 Anastasio
757 3844 1009 3922 cardinalium,
1032 3841 1192 3914 intimavi
1209 3845 1252 3913 R.
1273 3841 1308 3912 in
1324 3840 1463 3915 Christo

131 3975 170 4043 P.
188 3974 232 4042 Ι),
249 3969 385 4044 Jacobo
405 3970 627 4043 Terdonensi
648 3969 781 4044 vicario
799 3969 915 4058 Urbis,
934 3967 1031 4064 quod
1046 3967 1235 4040 mandaret
1252 3967 1350 4040 omni
1367 3966 1463 4038 clero

131 4105 167 4170 et
185 4097 367 4194 religiosis
383 4098 501 4186 Urbis,
520 4097 630 4171 etiam
651 4097 765 4168 sancti
787 4095 902 4183 Pauli,
923 4118 964 4166 ac
985 4092 1154 4166 omnibus
1175 4092 1268 4180 aliis,
1288 4092 1354 4164 sub
1370 4116 1465 4188 pena

131 4247 200 4319 que
217 4221 286 4295 sibi
302 4221 495 4310 videretur,
518 4228 695 4318 quatenus
710 4220 801 4292 hora
820 4243 928 4308 nona,
947 4217 1060 4290 ultimi
1074 4218 1144 4290 diei
1162 4217 1341 4314 presentis
1359 4241 1462 4290 men-

131 4349 179 4420 sis
196 4349 351 4444 quaerit
373 4349 504 4422 lestum
527 4345 750 4420 ascensionis
770 4343 964 4418 Salvatoris
986 4341 1112 4434 nostri,
1137 4367 1217 4416 osse
1234 4347 1361 4416 curent
1377 4365 1460 4414 cum

132 4473 205 4548 suis
221 4474 442 4570 paramentis
454 4471 763 4570 juxtaecclesiam
782 4469 888 4544 beate
908 4467 1019 4541 Mario
1043 4468 1087 4542 de
1110 4467 1257 4565 Populo,
1279 4466 1362 4539 inde
1384 4491 1464 4563 pro-

131 4597 382 4672 cessionaliter
397 4597 479 4672 ituri
496 4621 561 4692 pro
576 4596 809 4670 veneratione
826 4593 1058 4666 sacratissimi
1079 4593 1164 4667 lerri
1187 4592 1312 4666 lancee
1330 4591 1460 4665 Christi

130 4750 243 4823 usque
261 4727 306 4799 ad
324 4727 508 4800 basilicam
522 4727 635 4800 saneti
651 4721 760 4797 Petri.

177 4853 298 4924 Tener
316 4849 524 4924 cedularum
547 4847 812 4922 intimationum
833 4845 1007 4918 factarum
1028 4843 1241 4917 osticialibus
1261 4849 1299 4915 ut
1314 4866 1461 4940 proces-

128 4973 221 5047 sioni
237 4975 458 5072 receptionis
473 4975 599 5048 lancee
616 4973 748 5048 Christi
766 4973 996 5046 interessent.

181 5133 198 5167 «ι
218 5106 268 5176 De
285 5101 456 5176 mandato
473 5107 537 5176 SS.
557 5105 599 5174 D.
618 5104 657 5176 N.
674 5125 766 5198 pape
783 5099 969 5172 intimetur
984 5103 1019 5170 et
1035 5094 1228 5170 mandetur
1241 5097 1457 5172 officialibus
