3600 6094
173 475 254 546 [Aodt
269 475 340 540 rtet]
511 469 637 529 RERUM
656 469 885 528 Uaaauaauut
909 469 1171 530 COMMENTARII.
1470 479 1507 534 39

172 627 485 730 superioritatem,
502 632 737 725 potestatem,
760 625 1032 723 dispositionem
1053 632 1089 700 et
1110 650 1373 726 quamcumque
1394 631 1508 704 facul-

172 763 305 846 tatem,
332 753 589 830 authoritatem
608 759 645 828 et
662 752 785 828 literas
805 752 940 848 absque
961 752 1080 850 aliqua
1099 754 1342 846 restrictione,
1370 755 1510 830 moditi-

172 881 336 972 catioue,
367 878 582 954 limitatione
607 884 644 952 et
672 877 742 952 alio
767 877 1025 974 impedimento
1049 903 1279 976 quocumque
1304 881 1417 956 libere
1443 906 1510 980 per

173 1005 335 1103 seipsos,
368 1003 424 1078 vel
452 1003 574 1078 locum
600 1007 766 1076 tenentes
794 1025 861 1100 per
892 1002 991 1100 ipsos
1016 1006 1241 1102 deputandos
1273 1029 1444 1080 exercere
1474 1013 1510 1081 et

173 1129 291 1204 solitis
316 1129 570 1204 emolumentis
593 1127 700 1225 potiri
723 1127 899 1219 debeant;
926 1134 962 1202 et
986 1130 1082 1227 quod
1108 1153 1183 1222 eos,
1211 1137 1271 1204 aut
1295 1155 1420 1205 eorum
1442 1131 1507 1205 ali-

167 1279 280 1352 quem
303 1255 340 1328 in
361 1254 571 1329 eorumdem
591 1253 919 1328 emolumentorum
939 1253 1059 1327 debita
1077 1253 1192 1328 libera
1210 1256 1443 1353 perceptione
1463 1280 1506 1330 ac

166 1381 390 1454 officiorum·
416 1403 564 1454 suorum
606 1379 797 1454 collatione
836 1387 872 1454 et
914 1379 1125 1454 executione
1162 1381 1430 1478 privilegiorum
1468 1388 1504 1455 et

167 1506 377 1582 facultatum
407 1507 478 1596 eis,
510 1512 550 1579 ut
572 1506 770 1604 prefertur,
797 1529 1055 1580 concessorum
1084 1512 1121 1579 et
1149 1506 1431 1604 competentium
1460 1509 1506 1581 ad

163 1655 323 1729 unguem
343 1633 447 1729 juxta
469 1631 657 1706 literarum
686 1631 737 1706 eis
760 1632 930 1730 desuper,
961 1637 999 1705 ut
1026 1631 1223 1728 prefertur,
1248 1656 1505 1707 concessarum

165 1757 429 1830 continentiam
452 1764 558 1854 atque
580 1757 733 1830 formem
755 1781 821 1854 per
839 1780 911 1846 me,
930 1764 991 1831 aut
1006 1781 1250 1854 quoscumque
1267 1758 1356 1831 alios
1376 1759 1506 1833 autho-

163 1883 274 1957 ritate
302 1906 397 1972 mea,
426 1882 630 1956 nullatenus
654 1880 885 1979 perturbabo,
913 1881 1079 1954 antedius
1101 1881 1372 1977 quomodolibet
1395 1883 1507 1982 impe-

161 2009 262 2081 diam
283 2013 345 2080 aut
367 2007 572 2104 perturbari
592 2007 647 2080 val
666 2005 831 2104 impediri
851 2006 1075 2104 permittam;
1098 2007 1171 2080 imo
1191 2007 1313 2081 literas
1333 2007 1428 2105 ipsas
1451 2009 1503 2083 eis

159 2155 377 2222 concessae,
405 2139 441 2207 et
462 2135 499 2206 in
521 2133 591 2208 illis
611 2139 799 2222 contenta,
822 2132 1067 2222 evaluerunt,
1090 2133 1298 2230 approbabo
1319 2139 1354 2208 et
1374 2134 1505 2208 confir-

160 2258 274 2332 mabo
299 2264 335 2332 et
361 2283 426 2356 pro
447 2259 576 2356 potiori
598 2257 738 2333 cautela
759 2257 820 2330 ille
843 2257 965 2330 omnia
984 2257 1035 2330 eis
1057 2258 1100 2330 de
1126 2281 1218 2330 novo
1243 2258 1441 2332 concedam
1466 2265 1502 2332 et

162 2384 276 2456 etiam
299 2385 497 2458 concedam
517 2384 561 2458 de
577 2398 754 2483 'expresso
778 2383 846 2481 ipsi
867 2383 1120 2481 penitentiario
1144 2385 1273 2481 majori
1300 2383 1336 2456 iu
1356 2385 1498 2458 casibus

159 2508 348 2582 consuetis
363 2513 527 2605 tempore
544 2515 667 2582 sancte
683 2509 858 2582 memorie
875 2532 1099 2582 summorum
1115 2509 1340 2606 pontificum,
1362 2511 1497 2585 Nicolai

158 2632 276 2726 quinti
291 2639 327 2706 et
343 2632 470 2706 Calixti
486 2633 580 2706 tertii
595 2656 637 2706 ac
653 2633 718 2724 Pii,
737 2633 837 2706 Pauli
853 2639 889 2706 ct
904 2633 993 2708 sixti
1012 2635 1313 2732 predecessorum
1333 2659 1497 2709 meorum

155 2757 418 2854 predictorum.

211 2889 395 2974 Preteraa,
416 2907 501 2956 cum
525 2883 770 2982 periculosum
793 2883 851 2972 sit,
869 2883 964 2979 quod
985 2883 1008 2956 ii
1032 2883 1091 2980 qui
1112 2908 1253 2958 summo
1277 2885 1439 2982 pontifici
1461 2889 1496 2960 in

156 3011 373 3086 executione
400 3009 589 3107 pastoralis
618 3008 728 3082 osfrcii
753 3009 964 3104 frequenter
992 3008 1176 3098 assistunt,
1198 3009 1317 3104 aliquo
1339 3034 1425 3084 casu
1451 3009 1497 3109 (t)

158 3135 522 3224 excomunicationis,
534 3135 715 3209 interdicti
728 3135 783 3207 vel
801 3134 1047 3231 suspensionis
1066 3135 1281 3207 seutentiam
1296 3135 1497 3226 incurrant,

160 3267 295 3350 statuo,
308 3261 466 3335 decerno
479 3267 514 3334 et
525 3260 671 3333 declaro
682 3261 778 3356 quod
789 3259 989 3333 cardinales
1003 3259 1145 3355 prefati,
1160 3259 1227 3331 etsi
1238 3259 1423 3356 contingat
1433 3284 1496 3334 eos

160 3389 339 3484 aliquibus
355 3387 685 3474 constitutionibus
703 3383 1003 3472 ordinationibus,
1022 3383 1223 3472 sententiis,
1240 3385 1421 3482 preceptis
1437 3391 1497 3459 aut

158 3513 352 3603 mandatis,
369 3535 438 3609 que
454 3512 806 3610 apredecessoribus
827 3511 918 3584 meis
937 3511 1112 3584 hactenus
1133 3515 1377 3601 emanassent,
1399 3517 1495 3585 aute

158 3661 219 3711 me
236 3637 444 3712 infuturum
460 3642 686 3726 emanarent,
704 3637 740 3709 iu
756 3661 889 3733 genere
904 3637 960 3710 vel
980 3637 1016 3708 in
1037 3637 1171 3734 specie,
1190 3637 1226 3709 iu
1242 3638 1369 3733 quibus
1385 3638 1494 3711 etiam

157 3765 204 3836 de
230 3764 390 3862 ipsorum
415 3763 649 3837 cardinalium
668 3763 833 3860 personis
854 3786 1026 3860 expressa
1045 3763 1180 3834 mentio
1201 3761 1318 3848 fieret,
1341 3763 1491 3852 directe,

156 3889 215 3962 vel
229 3889 417 3979 indirecte,
440 3889 546 3964 tacite
567 3889 621 3962 vel
641 3913 824 3986 expresse,
848 3889 966 3985 palam
985 3888 1039 3960 vel
1061 3886 1106 3985 (Ξ)
1128 3887 1282 3975 occulte,
1304 3888 1349 3960 de
1370 3894 1492 3960 cetero

156 4015 429 4112 quomodolibet
454 4015 723 4104 contravenire,
745 4037 917 4088 censuras
938 4021 974 4088 et
993 4039 1104 4112 penas
1125 4014 1409 4103 ecclesiasticas,
1432 4020 1492 4087 aut

154 4143 228 4216 alia
241 4143 278 4215 in
293 4143 377 4218 talia
391 4143 564 4218 facientes
579 4143 617 4215 in
636 4139 774 4215 eisdem
795 4139 1108 4213 constitutionibus
1129 4146 1164 4213 et
1187 4139 1491 4228 ordinationibus,

154 4269 362 4358 sententiis,
386 4268 566 4366 preceptis
588 4273 624 4342 et
643 4267 819 4340 mandatis
840 4267 962 4339 forsan
983 4265 1180 4338 fulminetis
1207 4266 1315 4338 etiam
1331 4289 1397 4361 per
1416 4265 1495 4336 lite·

158 4415 218 4465 ras
242 4416 311 4488 que
334 4391 503 4490 leguntur
521 4391 558 4464 in
579 4415 664 4464 ceno
683 4391 836 4480 Domini,
855 4391 1002 4463 minime
1023 4391 1221 4480 incurrant,
1239 4389 1306 4462 uisi
1323 4389 1438 4461 solum
1455 4394 1491 4461 et

152 4517 338 4589 dumtaxat
365 4515 403 4588 in
431 4516 559 4612 quibus
587 4539 653 4613 pro
682 4515 888 4612 hujusmodi
912 4517 1209 4591 contraventioue
1239 4520 1342 4588 etex
1370 4513 1489 4610 aliqua

151 4641 408 4715 constitutione
427 4641 465 4714 in
485 4665 638 4739 corpore
653 4640 743 4738 juris
768 4641 890 4715 clausa
910 4648 1106 4732 constaret,
1128 4642 1224 4738 quod
1244 4639 1323 4712 telis
1343 4663 1437 4737 pena
1451 4639 1487 4712 in

150 4769 301 4842 eosdem
332 4768 534 4841 cardinales
561 4766 764 4866 specialiter
788 4766 833 4840 sit
857 4767 1005 4858 inflicta,
1032 4773 1068 4840 et
1095 4789 1169 4839 uon
1195 4765 1295 4856 alias,
1322 4788 1390 4839 uec
1414 4765 1483 4838 elio

147 4894 258 4968 modo
281 4919 289 4967 :
314 4899 352 4968 et
369 4917 443 4966 nou
466 4893 662 4967 fulminabo
687 4893 823 4989 aliquas
847 4919 1018 4968 censuras
1043 4894 1212 4966 adversus
1235 4891 1405 4988 aliquem,
1426 4892 1481 4964 vel

181 5102 209 5157 1.
228 5099 270 5155 Ne
282 5097 310 5153 in
323 5096 423 5172 atiquo.
434 5127 468 5142 -
483 5095 574 5155 Riual.

179 5191 208 5244 2.
229 5188 286 5244 Aut
300 5185 418 5246 occulte.
436 5219 472 5230 -
485 5186 575 5249 Riual.
