<?xml version="1.0" encoding="UTF-8"?>
<!DOCTYPE html PUBLIC "-//W3C//DTD XHTML 1.0 Transitional//EN"
    "http://www.w3.org/TR/xhtml1/DTD/xhtml1-transitional.dtd">
<html xmlns="http://www.w3.org/1999/xhtml" xml:lang="en" lang="en">
 <head>
  <title>
</title>
<meta http-equiv="Content-Type" content="text/html;charset=utf-8" />
  <meta name='ocr-system' content='tesseract 3.04.00' />
  <meta name='ocr-capabilities' content='ocr_page ocr_carea ocr_par ocr_line ocrx_word'/>
</head>
<body>
  <div class='ocr_page' id='page_1' title='image "./johannisburchar02burcgoog/johannisburchar02burcgoog_0461.png"; bbox 0 0 3508 6034; ppageno 0'>
   <div class='ocr_carea' id='block_1_1' title="bbox 354 471 1671 542">
    <p class='ocr_par' dir='ltr' id='par_1_1' title="bbox 354 471 1671 542">
     <span class='ocr_line' id='line_1_1' title="bbox 354 471 1671 542; baseline -0.004 -8"><span class='ocrx_word' id='word_1_1' title='bbox 354 479 406 534; x_wconf 73' lang='lat' dir='ltr'><strong>ild</strong></span> <span class='ocrx_word' id='word_1_2' title='bbox 794 473 970 532; x_wconf 77' lang='lat' dir='ltr'><strong>tonsurus</strong></span> <span class='ocrx_word' id='word_1_3' title='bbox 994 471 1216 542; x_wconf 66' lang='lat' dir='ltr'><strong>nunculium,</strong></span> <span class='ocrx_word' id='word_1_4' title='bbox 1492 475 1601 542; x_wconf 69' lang='lat' dir='ltr'><strong>[nemer</strong></span> <span class='ocrx_word' id='word_1_5' title='bbox 1615 479 1671 542; x_wconf 73' lang='lat' dir='ltr'><strong>risa}</strong></span> 
     </span>
    </p>
   </div>
   <div class='ocr_carea' id='block_1_2' title="bbox 341 625 1729 2106">
    <p class='ocr_par' dir='ltr' id='par_1_2' title="bbox 341 625 1729 2106">
     <span class='ocr_line' id='line_1_2' title="bbox 341 625 1674 730; baseline -0.002 -26"><span class='ocrx_word' id='word_1_6' title='bbox 341 632 397 704; x_wconf 89' lang='lat' dir='ltr'><strong>-rii</strong></span> <span class='ocrx_word' id='word_1_7' title='bbox 418 631 570 730; x_wconf 78' lang='lat' dir='ltr'><strong>predicti</strong></span> <span class='ocrx_word' id='word_1_8' title='bbox 595 637 722 730; x_wconf 83' lang='lat' dir='ltr'><strong>gentes</strong></span> <span class='ocrx_word' id='word_1_9' title='bbox 745 653 810 706; x_wconf 89' lang='lat' dir='ltr'><strong>sue</strong></span> <span class='ocrx_word' id='word_1_10' title='bbox 832 627 1038 703; x_wconf 90' lang='lat' dir='ltr'><strong>intromisse</strong></span> <span class='ocrx_word' id='word_1_11' title='bbox 1060 627 1211 702; x_wconf 88' lang='lat' dir='ltr'><strong>luissent</strong></span> <span class='ocrx_word' id='word_1_12' title='bbox 1229 627 1273 700; x_wconf 86' lang='lat' dir='ltr'><strong>ad</strong></span> <span class='ocrx_word' id='word_1_13' title='bbox 1298 625 1547 724; x_wconf 88' lang='lat' dir='ltr'><strong>recipiendum</strong></span> <span class='ocrx_word' id='word_1_14' title='bbox 1570 630 1674 702; x_wconf 89' lang='lat' dir='ltr'><strong>omnia</strong></span> 
     </span>
     <span class='ocr_line' id='line_1_3' title="bbox 353 753 1675 852; baseline -0.002 -24"><span class='ocrx_word' id='word_1_15' title='bbox 353 756 732 831; x_wconf 87' lang='lat' dir='ltr'><strong>armaahinfidelibus</strong></span> <span class='ocrx_word' id='word_1_16' title='bbox 757 761 792 830; x_wconf 86' lang='lat' dir='ltr'><strong>et</strong></span> <span class='ocrx_word' id='word_1_17' title='bbox 810 763 969 830; x_wconf 75' lang='lat' dir='ltr'><strong>castrum</strong></span> <span class='ocrx_word' id='word_1_18' title='bbox 990 777 1056 852; x_wconf 94' lang='lat' dir='ltr'><strong>pro</strong></span> <span class='ocrx_word' id='word_1_19' title='bbox 1081 776 1167 850; x_wconf 82' lang='lat' dir='ltr'><strong>rege</strong></span> <span class='ocrx_word' id='word_1_20' title='bbox 1192 753 1271 848; x_wconf 94' lang='lat' dir='ltr'><strong>ipso</strong></span> <span class='ocrx_word' id='word_1_21' title='bbox 1292 753 1507 849; x_wconf 88' lang='lat' dir='ltr'><strong>parandum,</strong></span> <span class='ocrx_word' id='word_1_22' title='bbox 1535 759 1569 828; x_wconf 87' lang='lat' dir='ltr'><strong>et</strong></span> <span class='ocrx_word' id='word_1_23' title='bbox 1593 755 1675 848; x_wconf 90' lang='lat' dir='ltr'><strong>quod</strong></span> 
     </span>
     <span class='ocr_line' id='line_1_4' title="bbox 353 877 1676 978; baseline -0.003 -24"><span class='ocrx_word' id='word_1_24' title='bbox 353 904 416 955; x_wconf 87' lang='lat' dir='ltr'><strong>rex</strong></span> <span class='ocrx_word' id='word_1_25' title='bbox 431 880 508 977; x_wconf 89' lang='lat' dir='ltr'><strong>ipse</strong></span> <span class='ocrx_word' id='word_1_26' title='bbox 524 904 606 955; x_wconf 91' lang='lat' dir='ltr'><strong>cum</strong></span> <span class='ocrx_word' id='word_1_27' title='bbox 624 881 761 978; x_wconf 80' lang='lat' dir='ltr'><strong>regina,</strong></span> <span class='ocrx_word' id='word_1_28' title='bbox 784 888 942 954; x_wconf 82' lang='lat' dir='ltr'><strong>castrum</strong></span> <span class='ocrx_word' id='word_1_29' title='bbox 957 879 1074 976; x_wconf 92' lang='lat' dir='ltr'><strong>ipsum</strong></span> <span class='ocrx_word' id='word_1_30' title='bbox 1090 878 1148 952; x_wconf 93' lang='lat' dir='ltr'><strong>die</strong></span> <span class='ocrx_word' id='word_1_31' title='bbox 1166 884 1184 950; x_wconf 84' lang='lat'><strong>7</strong></span> <span class='ocrx_word' id='word_1_32' title='bbox 1202 877 1364 974; x_wconf 88' lang='lat' dir='ltr'><strong>ejusdem</strong></span> <span class='ocrx_word' id='word_1_33' title='bbox 1386 879 1525 952; x_wconf 84' lang='lat' dir='ltr'>mensis</span> <span class='ocrx_word' id='word_1_34' title='bbox 1542 877 1676 954; x_wconf 79' lang='lat' dir='ltr'><strong>feliciter</strong></span> 
     </span>
     <span class='ocr_line' id='line_1_5' title="bbox 353 1001 1673 1103; baseline 0.001 -27"><span class='ocrx_word' id='word_1_35' title='bbox 353 1003 546 1078; x_wconf 79' lang='lat' dir='ltr'><strong>intrassent</strong></span> <span class='ocrx_word' id='word_1_36' title='bbox 563 1003 624 1103; x_wconf 85' lang='lat' dir='ltr'><strong>(l).</strong></span> <span class='ocrx_word' id='word_1_37' title='bbox 642 1004 723 1078; x_wconf 86' lang='lat' dir='ltr'><strong>Fuit</strong></span> <span class='ocrx_word' id='word_1_38' title='bbox 737 1004 877 1102; x_wconf 80' lang='lat' dir='ltr'>pridem</span> <span class='ocrx_word' id='word_1_39' title='bbox 898 1028 964 1101; x_wconf 87' lang='lat' dir='ltr'><strong>per</strong></span> <span class='ocrx_word' id='word_1_40' title='bbox 984 1004 1144 1078; x_wconf 90' lang='lat' dir='ltr'><strong>bannum</strong></span> <span class='ocrx_word' id='word_1_41' title='bbox 1167 1001 1336 1076; x_wconf 89' lang='lat' dir='ltr'><strong>omnibus</strong></span> <span class='ocrx_word' id='word_1_42' title='bbox 1358 1002 1571 1076; x_wconf 89' lang='lat' dir='ltr'><strong>mandatum</strong></span> <span class='ocrx_word' id='word_1_43' title='bbox 1592 1005 1673 1100; x_wconf 90' lang='lat' dir='ltr'><strong>quod</strong></span> 
     </span>
     <span class='ocr_line' id='line_1_6' title="bbox 353 1129 1729 1228; baseline -0.001 -26"><span class='ocrx_word' id='word_1_44' title='bbox 353 1151 479 1202; x_wconf 89' lang='lat' dir='ltr'><strong>omnes</strong></span> <span class='ocrx_word' id='word_1_45' title='bbox 496 1135 605 1203; x_wconf 86' lang='lat' dir='ltr'><strong>strate</strong></span> <span class='ocrx_word' id='word_1_46' title='bbox 620 1152 686 1227; x_wconf 93' lang='lat' dir='ltr'><strong>pro</strong></span> <span class='ocrx_word' id='word_1_47' title='bbox 702 1130 760 1204; x_wconf 91' lang='lat' dir='ltr'><strong>die</strong></span> <span class='ocrx_word' id='word_1_48' title='bbox 775 1129 937 1228; x_wconf 87' lang='lat' dir='ltr'><strong>predicta</strong></span> <span class='ocrx_word' id='word_1_49' title='bbox 951 1131 1226 1218; x_wconf 87' lang='lat' dir='ltr'><strong>mundarentur,</strong></span> <span class='ocrx_word' id='word_1_50' title='bbox 1244 1135 1280 1201; x_wconf 90' lang='lat' dir='ltr'><strong>et</strong></span> <span class='ocrx_word' id='word_1_51' title='bbox 1304 1151 1326 1200; x_wconf 91' lang='lat' dir='ltr'><strong>a</strong></span> <span class='ocrx_word' id='word_1_52' title='bbox 1345 1150 1425 1202; x_wconf 90' lang='lat' dir='ltr'><strong>sero</strong></span> <span class='ocrx_word' id='word_1_53' title='bbox 1449 1133 1609 1202; x_wconf 85' lang='lat' dir='ltr'><strong>extremo</strong></span> <span class='ocrx_word' id='word_1_54' title='bbox 1624 1155 1673 1201; x_wconf 91' lang='lat' dir='ltr'><strong>us·</strong></span> <span class='ocrx_word' id='word_1_55' title='bbox 1728 1221 1729 1224; x_wconf 4' lang='grc' dir='ltr'><strong>Ἴ</strong></span> 
     </span>
     <span class='ocr_line' id='line_1_7' title="bbox 352 1253 1729 1353; baseline 0 -25"><span class='ocrx_word' id='word_1_56' title='bbox 352 1279 421 1352; x_wconf 89' lang='lat' dir='ltr'><strong>que</strong></span> <span class='ocrx_word' id='word_1_57' title='bbox 443 1279 508 1352; x_wconf 92' lang='lat' dir='ltr'><strong>per</strong></span> <span class='ocrx_word' id='word_1_58' title='bbox 526 1253 742 1329; x_wconf 81' lang='lat' dir='ltr'>hodiernam</span> <span class='ocrx_word' id='word_1_59' title='bbox 758 1255 854 1330; x_wconf 90' lang='lat' dir='ltr'><strong>diem</strong></span> <span class='ocrx_word' id='word_1_60' title='bbox 874 1279 1006 1353; x_wconf 87' lang='lat' dir='ltr'><strong>magna</strong></span> <span class='ocrx_word' id='word_1_61' title='bbox 1024 1277 1201 1352; x_wconf 88' lang='lat' dir='ltr'><strong>campana</strong></span> <span class='ocrx_word' id='word_1_62' title='bbox 1216 1253 1378 1350; x_wconf 86' lang='lat' dir='ltr'><strong>Capitolii</strong></span> <span class='ocrx_word' id='word_1_63' title='bbox 1394 1253 1516 1350; x_wconf 88' lang='lat' dir='ltr'><strong>sepius</strong></span> <span class='ocrx_word' id='word_1_64' title='bbox 1532 1261 1568 1328; x_wconf 90' lang='lat' dir='ltr'><strong>et</strong></span> <span class='ocrx_word' id='word_1_65' title='bbox 1580 1255 1672 1330; x_wconf 88' lang='lat' dir='ltr'><strong>itera·</strong></span> <span class='ocrx_word' id='word_1_66' title='bbox 1728 1263 1729 1280; x_wconf 58' lang='lat'><strong>³</strong></span> 
     </span>
     <span class='ocr_line' id='line_1_8' title="bbox 353 1379 1729 1479; baseline 0.001 -27"><span class='ocrx_word' id='word_1_67' title='bbox 353 1379 398 1453; x_wconf 89' lang='lat' dir='ltr'><strong>tis</strong></span> <span class='ocrx_word' id='word_1_68' title='bbox 416 1379 553 1454; x_wconf 86' lang='lat' dir='ltr'><strong>vicibus</strong></span> <span class='ocrx_word' id='word_1_69' title='bbox 575 1381 792 1479; x_wconf 79' lang='lat' dir='ltr'><strong>pulsaretur,</strong></span> <span class='ocrx_word' id='word_1_70' title='bbox 819 1379 1123 1476; x_wconf 79' lang='lat' dir='ltr'><strong>quemadmodum</strong></span> <span class='ocrx_word' id='word_1_71' title='bbox 1149 1379 1184 1452; x_wconf 95' lang='lat' dir='ltr'><strong>in</strong></span> <span class='ocrx_word' id='word_1_72' title='bbox 1207 1379 1451 1454; x_wconf 80' lang='lat' dir='ltr'><strong>anniversario</strong></span> <span class='ocrx_word' id='word_1_73' title='bbox 1470 1383 1672 1479; x_wconf 91' lang='lat' dir='ltr'><strong>assumptio·</strong></span> <span class='ocrx_word' id='word_1_74' title='bbox 1728 1435 1729 1438; x_wconf 63' lang='lat'><strong>,</strong></span> 
     </span>
     <span class='ocr_line' id='line_1_9' title="bbox 352 1503 1673 1604; baseline 0.001 -26"><span class='ocrx_word' id='word_1_75' title='bbox 352 1503 407 1579; x_wconf 93' lang='lat' dir='ltr'><strong>nis</strong></span> <span class='ocrx_word' id='word_1_76' title='bbox 424 1511 461 1580; x_wconf 88' lang='lat' dir='ltr'><strong>ct</strong></span> <span class='ocrx_word' id='word_1_77' title='bbox 481 1505 725 1581; x_wconf 86' lang='lat' dir='ltr'><strong>coronationis</strong></span> <span class='ocrx_word' id='word_1_78' title='bbox 746 1509 841 1604; x_wconf 88' lang='lat' dir='ltr'><strong>Papo</strong></span> <span class='ocrx_word' id='word_1_79' title='bbox 864 1505 942 1580; x_wconf 90' lang='lat' dir='ltr'><strong>fieri</strong></span> <span class='ocrx_word' id='word_1_80' title='bbox 962 1504 1162 1594; x_wconf 86' lang='lat' dir='ltr'><strong>consuevit,</strong></span> <span class='ocrx_word' id='word_1_81' title='bbox 1187 1513 1222 1579; x_wconf 90' lang='lat' dir='ltr'><strong>et</strong></span> <span class='ocrx_word' id='word_1_82' title='bbox 1246 1505 1283 1577; x_wconf 95' lang='lat' dir='ltr'><strong>in</strong></span> <span class='ocrx_word' id='word_1_83' title='bbox 1306 1529 1388 1580; x_wconf 89' lang='lat' dir='ltr'><strong>seru</strong></span> <span class='ocrx_word' id='word_1_84' title='bbox 1410 1505 1594 1603; x_wconf 87' lang='lat' dir='ltr'><strong>utriusque</strong></span> <span class='ocrx_word' id='word_1_85' title='bbox 1616 1507 1673 1580; x_wconf 88' lang='lat' dir='ltr'><strong>diei</strong></span> 
     </span>
     <span class='ocr_line' id='line_1_10' title="bbox 351 1631 1673 1731; baseline 0.001 -26"><span class='ocrx_word' id='word_1_86' title='bbox 351 1633 454 1706; x_wconf 92' lang='lat' dir='ltr'><strong>multi</strong></span> <span class='ocrx_word' id='word_1_87' title='bbox 469 1632 572 1731; x_wconf 79' lang='lat' dir='ltr'><strong>ignes</strong></span> <span class='ocrx_word' id='word_1_88' title='bbox 585 1656 650 1730; x_wconf 91' lang='lat' dir='ltr'><strong>per</strong></span> <span class='ocrx_word' id='word_1_89' title='bbox 665 1633 799 1707; x_wconf 87' lang='lat' dir='ltr'><strong>Urbem</strong></span> <span class='ocrx_word' id='word_1_90' title='bbox 815 1633 914 1721; x_wconf 87' lang='lat' dir='ltr'><strong>lacti,</strong></span> <span class='ocrx_word' id='word_1_91' title='bbox 939 1631 1102 1706; x_wconf 88' lang='lat' dir='ltr'><strong>similiter</strong></span> <span class='ocrx_word' id='word_1_92' title='bbox 1117 1631 1152 1704; x_wconf 92' lang='lat' dir='ltr'><strong>in</strong></span> <span class='ocrx_word' id='word_1_93' title='bbox 1168 1631 1300 1728; x_wconf 89' lang='lat' dir='ltr'><strong>palatio</strong></span> <span class='ocrx_word' id='word_1_94' title='bbox 1315 1631 1514 1729; x_wconf 91' lang='lat' dir='ltr'><strong>apostolico</strong></span> <span class='ocrx_word' id='word_1_95' title='bbox 1526 1641 1561 1708; x_wconf 89' lang='lat' dir='ltr'><strong>et</strong></span> <span class='ocrx_word' id='word_1_96' title='bbox 1571 1639 1673 1706; x_wconf 87' lang='lat' dir='ltr'><strong>castro</strong></span> 
     </span>
     <span class='ocr_line' id='line_1_11' title="bbox 352 1755 1674 1856; baseline 0.001 -25"><span class='ocrx_word' id='word_1_97' title='bbox 352 1759 467 1834; x_wconf 90' lang='lat' dir='ltr'><strong>sancti</strong></span> <span class='ocrx_word' id='word_1_98' title='bbox 482 1759 628 1856; x_wconf 80' lang='lat' dir='ltr'><strong>Angeli3</strong></span> <span class='ocrx_word' id='word_1_99' title='bbox 645 1758 732 1833; x_wconf 90' lang='lat' dir='ltr'><strong>item</strong></span> <span class='ocrx_word' id='word_1_100' title='bbox 748 1757 952 1832; x_wconf 88' lang='lat' dir='ltr'><strong>ordinatum</strong></span> <span class='ocrx_word' id='word_1_101' title='bbox 968 1756 1064 1852; x_wconf 94' lang='lat' dir='ltr'><strong>quod</strong></span> <span class='ocrx_word' id='word_1_102' title='bbox 1078 1755 1196 1830; x_wconf 89' lang='lat' dir='ltr'><strong>omnis</strong></span> <span class='ocrx_word' id='word_1_103' title='bbox 1211 1755 1330 1830; x_wconf 89' lang='lat' dir='ltr'><strong>clerus</strong></span> <span class='ocrx_word' id='word_1_104' title='bbox 1345 1764 1381 1830; x_wconf 87' lang='lat' dir='ltr'><strong>et</strong></span> <span class='ocrx_word' id='word_1_105' title='bbox 1406 1780 1534 1832; x_wconf 90' lang='lat' dir='ltr'><strong>omnes</strong></span> <span class='ocrx_word' id='word_1_106' title='bbox 1551 1758 1674 1854; x_wconf 79' lang='lat' dir='ltr'><strong>religio</strong></span> 
     </span>
     <span class='ocr_line' id='line_1_12' title="bbox 351 1881 1669 1980; baseline -0.002 -23"><span class='ocrx_word' id='word_1_107' title='bbox 351 1885 407 1958; x_wconf 91' lang='lat' dir='ltr'><strong>nis</strong></span> <span class='ocrx_word' id='word_1_108' title='bbox 421 1885 457 1958; x_wconf 90' lang='lat' dir='ltr'><strong>in</strong></span> <span class='ocrx_word' id='word_1_109' title='bbox 471 1885 619 1960; x_wconf 87' lang='lat' dir='ltr'><strong>basilica</strong></span> <span class='ocrx_word' id='word_1_110' title='bbox 634 1884 748 1960; x_wconf 90' lang='lat' dir='ltr'><strong>sancti</strong></span> <span class='ocrx_word' id='word_1_111' title='bbox 764 1883 858 1958; x_wconf 89' lang='lat' dir='ltr'><strong>Petri</strong></span> <span class='ocrx_word' id='word_1_112' title='bbox 871 1907 909 1957; x_wconf 89' lang='lat' dir='ltr'><strong>se</strong></span> <span class='ocrx_word' id='word_1_113' title='bbox 923 1887 1187 1980; x_wconf 81' lang='lat' dir='ltr'><strong>congregarent</strong></span> <span class='ocrx_word' id='word_1_114' title='bbox 1202 1889 1237 1956; x_wconf 88' lang='lat' dir='ltr'><strong>et</strong></span> <span class='ocrx_word' id='word_1_115' title='bbox 1253 1881 1350 1956; x_wconf 88' lang='lat' dir='ltr'><strong>circa</strong></span> <span class='ocrx_word' id='word_1_116' title='bbox 1364 1881 1494 1956; x_wconf 89' lang='lat' dir='ltr'><strong>horam</strong></span> <span class='ocrx_word' id='word_1_117' title='bbox 1507 1882 1669 1956; x_wconf 85' lang='lat' dir='ltr'><strong>decimam</strong></span> 
     </span>
     <span class='ocr_line' id='line_1_13' title="bbox 351 2006 1668 2106; baseline -0.002 -23"><span class='ocrx_word' id='word_1_118' title='bbox 351 2017 516 2106; x_wconf 87' lang='lat' dir='ltr'><strong>quartam</strong></span> <span class='ocrx_word' id='word_1_119' title='bbox 532 2010 627 2086; x_wconf 86' lang='lat' dir='ltr'><strong>dicto</strong></span> <span class='ocrx_word' id='word_1_120' title='bbox 642 2009 837 2101; x_wconf 90' lang='lat' dir='ltr'><strong>dominice,</strong></span> <span class='ocrx_word' id='word_1_121' title='bbox 861 2007 1176 2106; x_wconf 86' lang='lat' dir='ltr'><strong>processionaliter</strong></span> <span class='ocrx_word' id='word_1_122' title='bbox 1195 2006 1239 2080; x_wconf 91' lang='lat' dir='ltr'><strong>ab</strong></span> <span class='ocrx_word' id='word_1_123' title='bbox 1256 2009 1384 2084; x_wconf 86' lang='lat' dir='ltr'><strong>eadem</strong></span> <span class='ocrx_word' id='word_1_124' title='bbox 1403 2007 1552 2083; x_wconf 90' lang='lat' dir='ltr'><strong>basilica</strong></span> <span class='ocrx_word' id='word_1_125' title='bbox 1571 2033 1668 2105; x_wconf 89' lang='lat' dir='ltr'><strong>usque</strong></span> 
     </span>
    </p>
   </div>
   <div class='ocr_carea' id='block_1_3' title="bbox 350 2221 1668 2389">
    <p class='ocr_par' dir='ltr' id='par_1_3' title="bbox 350 2221 1668 2389">
     <span class='ocr_line' id='line_1_14' title="bbox 387 2221 1668 2300; baseline 0 -20"><span class='ocrx_word' id='word_1_126' title='bbox 387 2225 412 2280; x_wconf 93' lang='grc'><strong>1.</strong></span> <span class='ocrx_word' id='word_1_127' title='bbox 428 2225 468 2282; x_wconf 89' lang='lat' dir='ltr'><strong>La</strong></span> <span class='ocrx_word' id='word_1_128' title='bbox 481 2223 554 2300; x_wconf 84' lang='lat' dir='ltr'><strong>prise</strong></span> <span class='ocrx_word' id='word_1_129' title='bbox 569 2223 602 2282; x_wconf 88' lang='lat' dir='ltr'><strong>de</strong></span> <span class='ocrx_word' id='word_1_130' title='bbox 617 2224 752 2294; x_wconf 85' lang='lat' dir='ltr'><strong>Grenade,</strong></span> <span class='ocrx_word' id='word_1_131' title='bbox 768 2223 815 2298; x_wconf 89' lang='lat' dir='ltr'><strong>qui</strong></span> <span class='ocrx_word' id='word_1_132' title='bbox 828 2228 874 2280; x_wconf 93' lang='lat' dir='ltr'><strong>eut</strong></span> <span class='ocrx_word' id='word_1_133' title='bbox 889 2239 925 2278; x_wconf 93' lang='lat' dir='ltr'><strong>un</strong></span> <span class='ocrx_word' id='word_1_134' title='bbox 941 2221 1056 2279; x_wconf 75' lang='lat' dir='ltr'><strong>resultat</strong></span> <span class='ocrx_word' id='word_1_135' title='bbox 1071 2221 1202 2278; x_wconf 84' lang='lat' dir='ltr'><strong>immense</strong></span> <span class='ocrx_word' id='word_1_136' title='bbox 1217 2239 1286 2296; x_wconf 91' lang='lat' dir='ltr'><strong>pour</strong></span> <span class='ocrx_word' id='word_1_137' title='bbox 1301 2221 1411 2278; x_wconf 86' lang='lat' dir='ltr'><strong>l&#39;arenir</strong></span> <span class='ocrx_word' id='word_1_138' title='bbox 1425 2221 1459 2279; x_wconf 89' lang='lat' dir='ltr'><strong>de</strong></span> <span class='ocrx_word' id='word_1_139' title='bbox 1475 2223 1624 2298; x_wconf 77' lang='lat' dir='ltr'><strong>l&#39;Espagne,</strong></span> <span class='ocrx_word' id='word_1_140' title='bbox 1635 2225 1668 2280; x_wconf 85' lang='lat' dir='ltr'><strong>lut</strong></span> 
     </span>
     <span class='ocr_line' id='line_1_15' title="bbox 350 2310 1667 2389; baseline -0.002 -19"><span class='ocrx_word' id='word_1_141' title='bbox 350 2319 490 2372; x_wconf 77' lang='lat' dir='ltr'><strong>annoncee</strong></span> <span class='ocrx_word' id='word_1_142' title='bbox 504 2314 528 2371; x_wconf 88' lang='lat' dir='ltr'><strong>lc</strong></span> <span class='ocrx_word' id='word_1_143' title='bbox 546 2315 610 2389; x_wconf 89' lang='lat' dir='ltr'><strong>jour</strong></span> <span class='ocrx_word' id='word_1_144' title='bbox 628 2320 714 2372; x_wconf 78' lang='lat' dir='ltr'><strong>meme</strong></span> <span class='ocrx_word' id='word_1_145' title='bbox 738 2331 772 2370; x_wconf 89' lang='lat' dir='ltr'><strong>au</strong></span> <span class='ocrx_word' id='word_1_146' title='bbox 795 2313 867 2386; x_wconf 78' lang='lat' dir='ltr'><strong>doge</strong></span> <span class='ocrx_word' id='word_1_147' title='bbox 888 2313 922 2367; x_wconf 89' lang='lat' dir='ltr'><strong>de</strong></span> <span class='ocrx_word' id='word_1_148' title='bbox 937 2310 1038 2367; x_wconf 88' lang='lat' dir='ltr'><strong>Veuise</strong></span> <span class='ocrx_word' id='word_1_149' title='bbox 1053 2329 1102 2385; x_wconf 88' lang='lat' dir='ltr'><strong>pur</strong></span> <span class='ocrx_word' id='word_1_150' title='bbox 1123 2312 1146 2368; x_wconf 90' lang='lat' dir='ltr'><strong>le</strong></span> <span class='ocrx_word' id='word_1_151' title='bbox 1166 2311 1204 2368; x_wconf 88' lang='lat' dir='ltr'><strong>roi</strong></span> <span class='ocrx_word' id='word_1_152' title='bbox 1225 2311 1388 2381; x_wconf 89' lang='lat' dir='ltr'><strong>Ferdinand,</strong></span> <span class='ocrx_word' id='word_1_153' title='bbox 1408 2311 1477 2368; x_wconf 87' lang='lat' dir='ltr'><strong>dans</strong></span> <span class='ocrx_word' id='word_1_154' title='bbox 1492 2312 1518 2368; x_wconf 86' lang='lat' dir='ltr'><strong>la</strong></span> <span class='ocrx_word' id='word_1_155' title='bbox 1533 2313 1605 2370; x_wconf 85' lang='lat' dir='ltr'><strong>lettre</strong></span> <span class='ocrx_word' id='word_1_156' title='bbox 1619 2313 1667 2368; x_wconf 87' lang='lat' dir='ltr'><strong>sui·</strong></span> 
     </span>
    </p>
   </div>
   <div class='ocr_carea' id='block_1_4' title="bbox 349 2409 1290 2562">
    <p class='ocr_par' dir='ltr' id='par_1_4' title="bbox 349 2409 1290 2562">
     <span class='ocr_line' id='line_1_16' title="bbox 349 2409 1290 2562; baseline 0.048 -61"><span class='ocrx_word' id='word_1_157' title='bbox 349 2409 429 2460; x_wconf 58' lang='lat' dir='ltr'>vante</span> <span class='ocrx_word' id='word_1_158' title='bbox 445 2447 451 2461; x_wconf 71' lang='lat'>⁸</span> <span class='ocrx_word' id='word_1_159' title='bbox 732 2515 745 2546; x_wconf 84' lang='lat' dir='ltr'><strong>u</strong></span> <span class='ocrx_word' id='word_1_160' title='bbox 765 2494 804 2548; x_wconf 78' lang='lat' dir='ltr'><strong>Al</strong></span> <span class='ocrx_word' id='word_1_161' title='bbox 817 2494 1009 2548; x_wconf 82' lang='lat' dir='ltr'><strong>Serenisaimo</strong></span> <span class='ocrx_word' id='word_1_162' title='bbox 1023 2493 1101 2562; x_wconf 75' lang='lat' dir='ltr'><strong>Dope</strong></span> <span class='ocrx_word' id='word_1_163' title='bbox 1114 2493 1146 2548; x_wconf 85' lang='lat' dir='ltr'><strong>di</strong></span> <span class='ocrx_word' id='word_1_164' title='bbox 1165 2491 1290 2547; x_wconf 78' lang='lat' dir='ltr'><strong>Venetia.</strong></span> 
     </span>
    </p>
   </div>
   <div class='ocr_carea' id='block_1_5' title="bbox 327 2617 1731 3860">
    <p class='ocr_par' dir='ltr' id='par_1_5' title="bbox 327 2617 1731 3860">
     <span class='ocr_line' id='line_1_17' title="bbox 386 2617 1664 2696; baseline 0.006 -25"><span class='ocrx_word' id='word_1_165' title='bbox 386 2643 400 2672; x_wconf 75' lang='lat' dir='ltr'><strong>a</strong></span> <span class='ocrx_word' id='word_1_166' title='bbox 414 2617 595 2678; x_wconf 76' lang='lat' dir='ltr'><strong>serenissimo</strong></span> <span class='ocrx_word' id='word_1_167' title='bbox 610 2619 697 2694; x_wconf 72' lang='lat' dir='ltr'><strong>noge,</strong></span> <span class='ocrx_word' id='word_1_168' title='bbox 708 2626 736 2678; x_wconf 91' lang='lat' dir='ltr'><strong>et</strong></span> <span class='ocrx_word' id='word_1_169' title='bbox 746 2620 828 2678; x_wconf 90' lang='lat' dir='ltr'><strong>molto</strong></span> <span class='ocrx_word' id='word_1_170' title='bbox 838 2627 929 2678; x_wconf 86' lang='lat' dir='ltr'><strong>amato</strong></span> <span class='ocrx_word' id='word_1_171' title='bbox 944 2637 1069 2694; x_wconf 87' lang='lat' dir='ltr'><strong>compare-</strong></span> <span class='ocrx_word' id='word_1_172' title='bbox 1079 2627 1105 2678; x_wconf 85' lang='lat' dir='ltr'><strong>et</strong></span> <span class='ocrx_word' id='word_1_173' title='bbox 1115 2617 1211 2688; x_wconf 88' lang='lat' dir='ltr'><strong>amieo,</strong></span> <span class='ocrx_word' id='word_1_174' title='bbox 1221 2618 1270 2675; x_wconf 93' lang='lat' dir='ltr'><strong>Noi</strong></span> <span class='ocrx_word' id='word_1_175' title='bbox 1285 2619 1303 2675; x_wconf 93' lang='lat' dir='ltr'><strong>il</strong></span> <span class='ocrx_word' id='word_1_176' title='bbox 1313 2620 1354 2676; x_wconf 84' lang='lat' dir='ltr'><strong>Re</strong></span> <span class='ocrx_word' id='word_1_177' title='bbox 1364 2619 1389 2675; x_wconf 93' lang='lat' dir='ltr'><strong>di</strong></span> <span class='ocrx_word' id='word_1_178' title='bbox 1401 2620 1544 2696; x_wconf 80' lang='lat' dir='ltr'><strong>Castiglia,</strong></span> <span class='ocrx_word' id='word_1_179' title='bbox 1553 2623 1578 2678; x_wconf 93' lang='lat' dir='ltr'><strong>di</strong></span> <span class='ocrx_word' id='word_1_180' title='bbox 1591 2623 1664 2686; x_wconf 80' lang='lat' dir='ltr'><strong>leon.</strong></span> 
     </span>
     <span class='ocr_line' id='line_1_18' title="bbox 348 2709 907 2782; baseline 0.011 -19"><span class='ocrx_word' id='word_1_181' title='bbox 348 2709 496 2780; x_wconf 76' lang='lat' dir='ltr'><strong>d&#39;dragoa,</strong></span> <span class='ocrx_word' id='word_1_182' title='bbox 513 2709 539 2764; x_wconf 92' lang='lat' dir='ltr'><strong>di</strong></span> <span class='ocrx_word' id='word_1_183' title='bbox 550 2709 652 2780; x_wconf 86' lang='lat' dir='ltr'><strong>Sicilia,</strong></span> <span class='ocrx_word' id='word_1_184' title='bbox 668 2709 694 2766; x_wconf 92' lang='lat' dir='ltr'><strong>di</strong></span> <span class='ocrx_word' id='word_1_185' title='bbox 710 2709 839 2782; x_wconf 87' lang='lat' dir='ltr'><strong>Granata,</strong></span> <span class='ocrx_word' id='word_1_186' title='bbox 854 2719 907 2770; x_wconf 89' lang='lat' dir='ltr'><strong>etc.</strong></span> 
     </span>
     <span class='ocr_line' id='line_1_19' title="bbox 383 2797 1663 2872; baseline 0.003 -18"><span class='ocrx_word' id='word_1_187' title='bbox 383 2825 397 2854; x_wconf 89' lang='lat'>«</span> <span class='ocrx_word' id='word_1_188' title='bbox 411 2801 443 2857; x_wconf 88' lang='lat' dir='ltr'><strong>Vi</strong></span> <span class='ocrx_word' id='word_1_189' title='bbox 459 2803 612 2860; x_wconf 83' lang='lat' dir='ltr'><strong>mandiamo</strong></span> <span class='ocrx_word' id='word_1_190' title='bbox 627 2803 709 2860; x_wconf 87' lang='lat' dir='ltr'><strong>molto</strong></span> <span class='ocrx_word' id='word_1_191' title='bbox 728 2821 745 2860; x_wconf 91' lang='lat' dir='ltr'><strong>a</strong></span> <span class='ocrx_word' id='word_1_192' title='bbox 765 2803 893 2863; x_wconf 87' lang='lat' dir='ltr'><strong>salutare,</strong></span> <span class='ocrx_word' id='word_1_193' title='bbox 910 2817 986 2857; x_wconf 84' lang='lat' dir='ltr'><strong>corne</strong></span> <span class='ocrx_word' id='word_1_194' title='bbox 1004 2798 1094 2872; x_wconf 87' lang='lat' dir='ltr'><strong>quello</strong></span> <span class='ocrx_word' id='word_1_195' title='bbox 1111 2798 1161 2854; x_wconf 88' lang='lat' dir='ltr'><strong>cho</strong></span> <span class='ocrx_word' id='word_1_196' title='bbox 1177 2798 1259 2854; x_wconf 87' lang='lat' dir='ltr'><strong>molto</strong></span> <span class='ocrx_word' id='word_1_197' title='bbox 1278 2797 1401 2867; x_wconf 90' lang='lat' dir='ltr'><strong>amiamo,</strong></span> <span class='ocrx_word' id='word_1_198' title='bbox 1417 2804 1445 2855; x_wconf 85' lang='lat' dir='ltr'><strong>et</strong></span> <span class='ocrx_word' id='word_1_199' title='bbox 1459 2799 1604 2857; x_wconf 86' lang='lat' dir='ltr'><strong>estimiamo</strong></span> <span class='ocrx_word' id='word_1_200' title='bbox 1619 2819 1625 2858; x_wconf 94' lang='lat'><strong>:</strong></span> <span class='ocrx_word' id='word_1_201' title='bbox 1640 2809 1663 2858; x_wconf 91' lang='lat' dir='ltr'><strong>et</strong></span> 
     </span>
     <span class='ocr_line' id='line_1_20' title="bbox 346 2887 1660 2967; baseline -0.002 -18"><span class='ocrx_word' id='word_1_202' title='bbox 346 2894 447 2967; x_wconf 86' lang='lat' dir='ltr'><strong>percha</strong></span> <span class='ocrx_word' id='word_1_203' title='bbox 461 2893 607 2966; x_wconf 80' lang='lat' dir='ltr'><strong>vogliamo,</strong></span> <span class='ocrx_word' id='word_1_204' title='bbox 623 2895 673 2952; x_wconf 88' lang='lat' dir='ltr'><strong>aha</strong></span> <span class='ocrx_word' id='word_1_205' title='bbox 689 2893 779 2952; x_wconf 78' lang='lat' dir='ltr'><strong>Dioni</strong></span> <span class='ocrx_word' id='word_1_206' title='bbox 799 2893 880 2950; x_wconf 87' lang='lat' dir='ltr'><strong>desse</strong></span> <span class='ocrx_word' id='word_1_207' title='bbox 896 2898 975 2947; x_wconf 86' lang='lat' dir='ltr'><strong>tauta</strong></span> <span class='ocrx_word' id='word_1_208' title='bbox 989 2888 1054 2958; x_wconf 85' lang='lat' dir='ltr'><strong>vila,</strong></span> <span class='ocrx_word' id='word_1_209' title='bbox 1071 2887 1159 2946; x_wconf 88' lang='lat' dir='ltr'><strong>salute</strong></span> <span class='ocrx_word' id='word_1_210' title='bbox 1173 2895 1200 2945; x_wconf 88' lang='lat' dir='ltr'><strong>et</strong></span> <span class='ocrx_word' id='word_1_211' title='bbox 1215 2889 1326 2956; x_wconf 84' lang='lat' dir='ltr'><strong>honore,</strong></span> <span class='ocrx_word' id='word_1_212' title='bbox 1341 2895 1444 2962; x_wconf 85' lang='lat' dir='ltr'><strong>quanto</strong></span> <span class='ocrx_word' id='word_1_213' title='bbox 1466 2889 1510 2946; x_wconf 86' lang='lat' dir='ltr'><strong>roi</strong></span> <span class='ocrx_word' id='word_1_214' title='bbox 1530 2891 1660 2948; x_wconf 86' lang='lat' dir='ltr'><strong>medesinu</strong></span> 
     </span>
     <span class='ocr_line' id='line_1_21' title="bbox 327 2976 1731 3058; baseline -0.004 -18"><span class='ocrx_word' id='word_1_215' title='bbox 327 3043 331 3050; x_wconf 72' lang='grc'><strong>,</strong></span> <span class='ocrx_word' id='word_1_216' title='bbox 348 2982 519 3052; x_wconf 88' lang='lat' dir='ltr'><strong>desiderate;</strong></span> <span class='ocrx_word' id='word_1_217' title='bbox 534 2984 559 3042; x_wconf 85' lang='lat' dir='ltr'><strong>vi</strong></span> <span class='ocrx_word' id='word_1_218' title='bbox 575 2983 704 3042; x_wconf 87' lang='lat' dir='ltr'><strong>lacciamo</strong></span> <span class='ocrx_word' id='word_1_219' title='bbox 720 3001 825 3058; x_wconf 84' lang='lat' dir='ltr'><strong>supere,</strong></span> <span class='ocrx_word' id='word_1_220' title='bbox 841 2976 1438 3054; x_wconf 70' lang='grc'><strong>1111111111111111111811111111111111111</strong></span> <span class='ocrx_word' id='word_1_221' title='bbox 1454 2978 1528 3035; x_wconf 82' lang='lat' dir='ltr'><strong>darei</strong></span> <span class='ocrx_word' id='word_1_222' title='bbox 1540 2981 1661 3053; x_wconf 85' lang='lat' dir='ltr'><strong>compiuta</strong></span> <span class='ocrx_word' id='word_1_223' title='bbox 1730 3032 1731 3050; x_wconf 71' lang='lat'><strong>,</strong></span> 
     </span>
     <span class='ocr_line' id='line_1_22' title="bbox 346 3055 1731 3144; baseline -0.001 -16"><span class='ocrx_word' id='word_1_224' title='bbox 346 3072 455 3130; x_wconf 84' lang='lat' dir='ltr'><strong>vittoria</strong></span> <span class='ocrx_word' id='word_1_225' title='bbox 468 3073 510 3129; x_wconf 89' lang='lat' dir='ltr'><strong>del</strong></span> <span class='ocrx_word' id='word_1_226' title='bbox 528 3073 580 3136; x_wconf 80' lang='lat' dir='ltr'><strong>ae,</strong></span> <span class='ocrx_word' id='word_1_227' title='bbox 595 3071 667 3131; x_wconf 88' lang='lat' dir='ltr'><strong>etde</strong></span> <span class='ocrx_word' id='word_1_228' title='bbox 682 3071 746 3130; x_wconf 85' lang='lat' dir='ltr'><strong>mori</strong></span> <span class='ocrx_word' id='word_1_229' title='bbox 762 3071 804 3128; x_wconf 84' lang='lat' dir='ltr'><strong>del</strong></span> <span class='ocrx_word' id='word_1_230' title='bbox 819 3071 918 3144; x_wconf 81' lang='lat' dir='ltr'><strong>Regno</strong></span> <span class='ocrx_word' id='word_1_231' title='bbox 934 3068 959 3124; x_wconf 93' lang='lat' dir='ltr'><strong>di</strong></span> <span class='ocrx_word' id='word_1_232' title='bbox 976 3068 1105 3125; x_wconf 87' lang='lat' dir='ltr'><strong>Granata.</strong></span> <span class='ocrx_word' id='word_1_233' title='bbox 1121 3065 1195 3124; x_wconf 88' lang='lat' dir='ltr'><strong>etde</strong></span> <span class='ocrx_word' id='word_1_234' title='bbox 1210 3065 1300 3122; x_wconf 89' lang='lat' dir='ltr'><strong>nimici</strong></span> <span class='ocrx_word' id='word_1_235' title='bbox 1318 3067 1388 3123; x_wconf 86' lang='lat' dir='ltr'><strong>della</strong></span> <span class='ocrx_word' id='word_1_236' title='bbox 1404 3076 1498 3125; x_wconf 88' lang='lat' dir='ltr'><strong>nostra</strong></span> <span class='ocrx_word' id='word_1_237' title='bbox 1513 3069 1569 3126; x_wconf 86' lang='lat' dir='ltr'><strong>ledo</strong></span> <span class='ocrx_word' id='word_1_238' title='bbox 1582 3071 1660 3126; x_wconf 86' lang='lat' dir='ltr'><strong>catho·</strong></span> <span class='ocrx_word' id='word_1_239' title='bbox 1730 3055 1731 3126; x_wconf 89' lang='lat' dir='ltr'><strong>l</strong></span> 
     </span>
     <span class='ocr_line' id='line_1_23' title="bbox 347 3147 1731 3236; baseline -0.001 -20"><span class='ocrx_word' id='word_1_240' title='bbox 347 3159 407 3228; x_wconf 88' lang='lat' dir='ltr'><strong>lica,</strong></span> <span class='ocrx_word' id='word_1_241' title='bbox 424 3169 451 3219; x_wconf 89' lang='lat' dir='ltr'><strong>et</strong></span> <span class='ocrx_word' id='word_1_242' title='bbox 464 3161 516 3218; x_wconf 87' lang='lat' dir='ltr'><strong>che</strong></span> <span class='ocrx_word' id='word_1_243' title='bbox 528 3161 599 3236; x_wconf 90' lang='lat' dir='ltr'><strong>dopo</strong></span> <span class='ocrx_word' id='word_1_244' title='bbox 612 3163 694 3220; x_wconf 89' lang='lat' dir='ltr'><strong>molto</strong></span> <span class='ocrx_word' id='word_1_245' title='bbox 708 3161 782 3218; x_wconf 90' lang='lat' dir='ltr'><strong>molti</strong></span> <span class='ocrx_word' id='word_1_246' title='bbox 794 3160 920 3232; x_wconf 81' lang='lat' dir='ltr'><strong>travagli,</strong></span> <span class='ocrx_word' id='word_1_247' title='bbox 937 3175 1029 3232; x_wconf 85' lang='lat' dir='ltr'><strong>spese,</strong></span> <span class='ocrx_word' id='word_1_248' title='bbox 1041 3157 1168 3214; x_wconf 82' lang='lat' dir='ltr'><strong>mortiet</strong></span> <span class='ocrx_word' id='word_1_249' title='bbox 1183 3155 1368 3229; x_wconf 80' lang='lat' dir='ltr'><strong>spargimanto</strong></span> <span class='ocrx_word' id='word_1_250' title='bbox 1385 3155 1411 3212; x_wconf 89' lang='lat' dir='ltr'><strong>di</strong></span> <span class='ocrx_word' id='word_1_251' title='bbox 1425 3175 1532 3230; x_wconf 75' lang='lat' dir='ltr'><strong>sargus</strong></span> <span class='ocrx_word' id='word_1_252' title='bbox 1541 3160 1573 3216; x_wconf 88' lang='lat' dir='ltr'><strong>de</strong></span> <span class='ocrx_word' id='word_1_253' title='bbox 1585 3159 1659 3216; x_wconf 85' lang='lat' dir='ltr'><strong>nostri</strong></span> <span class='ocrx_word' id='word_1_254' title='bbox 1730 3147 1731 3208; x_wconf 87' lang='lat' dir='ltr'><strong>l</strong></span> 
     </span>
     <span class='ocr_line' id='line_1_24' title="bbox 345 3246 1658 3325; baseline -0.002 -19"><span class='ocrx_word' id='word_1_255' title='bbox 345 3249 458 3320; x_wconf 87' lang='lat' dir='ltr'><strong>sudditi,</strong></span> <span class='ocrx_word' id='word_1_256' title='bbox 474 3257 501 3308; x_wconf 84' lang='lat' dir='ltr'><strong>at</strong></span> <span class='ocrx_word' id='word_1_257' title='bbox 514 3249 629 3310; x_wconf 84' lang='lat' dir='ltr'><strong>naturali</strong></span> <span class='ocrx_word' id='word_1_258' title='bbox 646 3251 730 3325; x_wconf 73' lang='lat' dir='ltr'><strong>hoggi</strong></span> <span class='ocrx_word' id='word_1_259' title='bbox 745 3251 799 3306; x_wconf 86' lang='lat' dir='ltr'><strong>due</strong></span> <span class='ocrx_word' id='word_1_260' title='bbox 817 3249 844 3305; x_wconf 93' lang='lat' dir='ltr'><strong>di</strong></span> <span class='ocrx_word' id='word_1_261' title='bbox 858 3249 885 3304; x_wconf 94' lang='lat' dir='ltr'><strong>di</strong></span> <span class='ocrx_word' id='word_1_262' title='bbox 900 3246 1022 3306; x_wconf 81' lang='lat' dir='ltr'><strong>Genucio</strong></span> <span class='ocrx_word' id='word_1_263' title='bbox 1033 3246 1060 3302; x_wconf 92' lang='lat' dir='ltr'><strong>di</strong></span> <span class='ocrx_word' id='word_1_264' title='bbox 1075 3252 1172 3320; x_wconf 87' lang='lat' dir='ltr'><strong>questo</strong></span> <span class='ocrx_word' id='word_1_265' title='bbox 1187 3253 1314 3319; x_wconf 83' lang='lat' dir='ltr'><strong>presente</strong></span> <span class='ocrx_word' id='word_1_266' title='bbox 1330 3263 1402 3302; x_wconf 90' lang='lat' dir='ltr'><strong>anno</strong></span> <span class='ocrx_word' id='word_1_267' title='bbox 1417 3246 1460 3302; x_wconf 86' lang='lat' dir='ltr'><strong>del</strong></span> <span class='ocrx_word' id='word_1_268' title='bbox 1475 3249 1521 3318; x_wconf 92' lang='grc'><strong>92,</strong></span> <span class='ocrx_word' id='word_1_269' title='bbox 1536 3248 1583 3304; x_wconf 83' lang='lat' dir='ltr'><strong>cie</strong></span> <span class='ocrx_word' id='word_1_270' title='bbox 1596 3256 1658 3304; x_wconf 82' lang='lat' dir='ltr'><strong>stata</strong></span> 
     </span>
     <span class='ocr_line' id='line_1_25' title="bbox 345 3331 1731 3414; baseline -0.003 -18"><span class='ocrx_word' id='word_1_271' title='bbox 345 3347 516 3414; x_wconf 79' lang='lat' dir='ltr'><strong>consegnata</strong></span> <span class='ocrx_word' id='word_1_272' title='bbox 532 3340 557 3396; x_wconf 90' lang='lat' dir='ltr'><strong>la</strong></span> <span class='ocrx_word' id='word_1_273' title='bbox 578 3340 643 3397; x_wconf 79' lang='grc'><strong>11111</strong></span> <span class='ocrx_word' id='word_1_274' title='bbox 664 3340 691 3396; x_wconf 90' lang='lat' dir='ltr'><strong>di</strong></span> <span class='ocrx_word' id='word_1_275' title='bbox 709 3339 839 3407; x_wconf 83' lang='lat' dir='ltr'><strong>Granata,</strong></span> <span class='ocrx_word' id='word_1_276' title='bbox 854 3338 880 3394; x_wconf 89' lang='lat' dir='ltr'><strong>la</strong></span> <span class='ocrx_word' id='word_1_277' title='bbox 903 3335 1057 3406; x_wconf 78' lang='lat' dir='ltr'><strong>Alliambra,</strong></span> <span class='ocrx_word' id='word_1_278' title='bbox 1072 3345 1100 3390; x_wconf 88' lang='lat' dir='ltr'><strong>et</strong></span> <span class='ocrx_word' id='word_1_279' title='bbox 1120 3353 1170 3391; x_wconf 89' lang='lat' dir='ltr'><strong>con</strong></span> <span class='ocrx_word' id='word_1_280' title='bbox 1188 3334 1211 3391; x_wconf 88' lang='lat' dir='ltr'><strong>lo</strong></span> <span class='ocrx_word' id='word_1_281' title='bbox 1226 3333 1293 3391; x_wconf 87' lang='lat' dir='ltr'><strong>altre</strong></span> <span class='ocrx_word' id='word_1_282' title='bbox 1312 3335 1382 3392; x_wconf 78' lang='lat' dir='ltr'><strong>forne</strong></span> <span class='ocrx_word' id='word_1_283' title='bbox 1401 3336 1445 3392; x_wconf 88' lang='lat' dir='ltr'><strong>del</strong></span> <span class='ocrx_word' id='word_1_284' title='bbox 1465 3338 1579 3395; x_wconf 88' lang='lat' dir='ltr'><strong>contado</strong></span> <span class='ocrx_word' id='word_1_285' title='bbox 1592 3345 1615 3394; x_wconf 87' lang='lat' dir='ltr'><strong>et</strong></span> <span class='ocrx_word' id='word_1_286' title='bbox 1626 3338 1658 3406; x_wconf 72' lang='lat' dir='ltr'><strong>pli</strong></span> <span class='ocrx_word' id='word_1_287' title='bbox 1730 3331 1731 3378; x_wconf 80' lang='lat' dir='ltr'><strong>l</strong></span> 
     </span>
     <span class='ocr_line' id='line_1_26' title="bbox 344 3417 1731 3502; baseline -0.001 -18"><span class='ocrx_word' id='word_1_288' title='bbox 344 3428 403 3486; x_wconf 89' lang='lat' dir='ltr'><strong>altri</strong></span> <span class='ocrx_word' id='word_1_289' title='bbox 425 3429 538 3499; x_wconf 73' lang='lat' dir='ltr'><strong>castelli,</strong></span> <span class='ocrx_word' id='word_1_290' title='bbox 557 3429 607 3485; x_wconf 87' lang='lat' dir='ltr'><strong>che</strong></span> <span class='ocrx_word' id='word_1_291' title='bbox 628 3428 650 3485; x_wconf 89' lang='lat' dir='ltr'><strong>ci</strong></span> <span class='ocrx_word' id='word_1_292' title='bbox 671 3437 815 3486; x_wconf 82' lang='lat' dir='ltr'><strong>restavano</strong></span> <span class='ocrx_word' id='word_1_293' title='bbox 835 3445 883 3502; x_wconf 92' lang='lat' dir='ltr'><strong>per</strong></span> <span class='ocrx_word' id='word_1_294' title='bbox 898 3427 1022 3502; x_wconf 87' lang='lat' dir='ltr'><strong>acquisto</strong></span> <span class='ocrx_word' id='word_1_295' title='bbox 1039 3427 1065 3483; x_wconf 91' lang='lat' dir='ltr'><strong>di</strong></span> <span class='ocrx_word' id='word_1_296' title='bbox 1083 3431 1181 3499; x_wconf 88' lang='lat' dir='ltr'><strong>questo</strong></span> <span class='ocrx_word' id='word_1_297' title='bbox 1200 3443 1297 3500; x_wconf 74' lang='lat' dir='ltr'><strong>regno.</strong></span> <span class='ocrx_word' id='word_1_298' title='bbox 1315 3433 1342 3483; x_wconf 87' lang='lat' dir='ltr'><strong>cl</strong></span> <span class='ocrx_word' id='word_1_299' title='bbox 1361 3425 1388 3484; x_wconf 93' lang='lat' dir='ltr'><strong>lo</strong></span> <span class='ocrx_word' id='word_1_300' title='bbox 1402 3429 1541 3500; x_wconf 77' lang='lat' dir='ltr'><strong>tegniamo</strong></span> <span class='ocrx_word' id='word_1_301' title='bbox 1558 3435 1620 3485; x_wconf 88' lang='lat' dir='ltr'><strong>tutto</strong></span> <span class='ocrx_word' id='word_1_302' title='bbox 1636 3429 1658 3484; x_wconf 94' lang='lat' dir='ltr'><strong>in</strong></span> <span class='ocrx_word' id='word_1_303' title='bbox 1730 3417 1731 3424; x_wconf 13' lang='grc' dir='ltr'><strong>ἶ</strong></span> 
     </span>
     <span class='ocr_line' id='line_1_27' title="bbox 345 3514 1658 3590; baseline 0.003 -20"><span class='ocrx_word' id='word_1_304' title='bbox 345 3522 439 3572; x_wconf 87' lang='lat' dir='ltr'><strong>nostro</strong></span> <span class='ocrx_word' id='word_1_305' title='bbox 460 3522 562 3589; x_wconf 88' lang='lat' dir='ltr'><strong>potere.</strong></span> <span class='ocrx_word' id='word_1_306' title='bbox 578 3524 605 3574; x_wconf 86' lang='lat' dir='ltr'><strong>at</strong></span> <span class='ocrx_word' id='word_1_307' title='bbox 628 3515 715 3586; x_wconf 76' lang='lat' dir='ltr'><strong>balia3</strong></span> <span class='ocrx_word' id='word_1_308' title='bbox 739 3516 766 3573; x_wconf 89' lang='lat' dir='ltr'><strong>la</strong></span> <span class='ocrx_word' id='word_1_309' title='bbox 781 3517 862 3590; x_wconf 83' lang='lat' dir='ltr'><strong>quale</strong></span> <span class='ocrx_word' id='word_1_310' title='bbox 884 3517 939 3572; x_wconf 85' lang='lat' dir='ltr'><strong>essi</strong></span> <span class='ocrx_word' id='word_1_311' title='bbox 957 3523 1090 3572; x_wconf 84' lang='lat' dir='ltr'><strong>tenevano</strong></span> <span class='ocrx_word' id='word_1_312' title='bbox 1107 3521 1136 3572; x_wconf 88' lang='lat' dir='ltr'><strong>et</strong></span> <span class='ocrx_word' id='word_1_313' title='bbox 1155 3514 1343 3588; x_wconf 82' lang='lat' dir='ltr'><strong>possederano</strong></span> <span class='ocrx_word' id='word_1_314' title='bbox 1365 3515 1412 3590; x_wconf 85' lang='lat' dir='ltr'><strong>piu</strong></span> <span class='ocrx_word' id='word_1_315' title='bbox 1433 3517 1554 3576; x_wconf 84' lang='lat' dir='ltr'><strong>seicento</strong></span> <span class='ocrx_word' id='word_1_316' title='bbox 1567 3525 1658 3576; x_wconf 87' lang='lat' dir='ltr'><strong>ottanta</strong></span> 
     </span>
     <span class='ocr_line' id='line_1_28' title="bbox 346 3603 1658 3679; baseline 0.005 -21"><span class='ocrx_word' id='word_1_317' title='bbox 346 3603 422 3672; x_wconf 88' lang='lat' dir='ltr'><strong>anni,</strong></span> <span class='ocrx_word' id='word_1_318' title='bbox 437 3603 583 3662; x_wconf 89' lang='lat' dir='ltr'><strong>habbiamo</strong></span> <span class='ocrx_word' id='word_1_319' title='bbox 598 3605 747 3662; x_wconf 87' lang='lat' dir='ltr'><strong>deliberato</strong></span> <span class='ocrx_word' id='word_1_320' title='bbox 762 3605 788 3661; x_wconf 90' lang='lat' dir='ltr'><strong>di</strong></span> <span class='ocrx_word' id='word_1_321' title='bbox 806 3605 905 3662; x_wconf 83' lang='lat' dir='ltr'><strong>larvclo</strong></span> <span class='ocrx_word' id='word_1_322' title='bbox 919 3622 1025 3678; x_wconf 87' lang='lat' dir='ltr'><strong>sapere,</strong></span> <span class='ocrx_word' id='word_1_323' title='bbox 1042 3623 1090 3679; x_wconf 89' lang='lat' dir='ltr'><strong>per</strong></span> <span class='ocrx_word' id='word_1_324' title='bbox 1103 3604 1120 3660; x_wconf 89' lang='lat' dir='ltr'><strong>il</strong></span> <span class='ocrx_word' id='word_1_325' title='bbox 1136 3603 1242 3677; x_wconf 87' lang='lat' dir='ltr'><strong>piacere</strong></span> <span class='ocrx_word' id='word_1_326' title='bbox 1255 3603 1305 3658; x_wconf 89' lang='lat' dir='ltr'><strong>che</strong></span> <span class='ocrx_word' id='word_1_327' title='bbox 1319 3604 1345 3659; x_wconf 93' lang='lat' dir='ltr'><strong>di</strong></span> <span class='ocrx_word' id='word_1_328' title='bbox 1361 3605 1403 3660; x_wconf 86' lang='lat' dir='ltr'><strong>cid</strong></span> <span class='ocrx_word' id='word_1_329' title='bbox 1418 3605 1515 3665; x_wconf 85' lang='lat' dir='ltr'><strong>havete</strong></span> <span class='ocrx_word' id='word_1_330' title='bbox 1529 3626 1600 3664; x_wconf 86' lang='lat' dir='ltr'><strong>come</strong></span> <span class='ocrx_word' id='word_1_331' title='bbox 1614 3607 1658 3665; x_wconf 79' lang='lat' dir='ltr'><strong>ua-</strong></span> 
     </span>
     <span class='ocr_line' id='line_1_29' title="bbox 345 3691 1658 3768; baseline 0.005 -22"><span class='ocrx_word' id='word_1_332' title='bbox 345 3691 446 3748; x_wconf 88' lang='lat' dir='ltr'><strong>tholico</strong></span> <span class='ocrx_word' id='word_1_333' title='bbox 457 3710 504 3764; x_wconf 88' lang='lat' dir='ltr'><strong>per</strong></span> <span class='ocrx_word' id='word_1_334' title='bbox 518 3711 594 3749; x_wconf 87' lang='lat' dir='ltr'><strong>esser</strong></span> <span class='ocrx_word' id='word_1_335' title='bbox 603 3711 653 3750; x_wconf 87' lang='lat' dir='ltr'><strong>eon</strong></span> <span class='ocrx_word' id='word_1_336' title='bbox 669 3693 785 3768; x_wconf 81' lang='lat' dir='ltr'><strong>servigio</strong></span> <span class='ocrx_word' id='word_1_337' title='bbox 799 3693 825 3748; x_wconf 90' lang='lat' dir='ltr'><strong>di</strong></span> <span class='ocrx_word' id='word_1_338' title='bbox 836 3693 886 3750; x_wconf 87' lang='lat' dir='ltr'><strong>Dio</strong></span> <span class='ocrx_word' id='word_1_339' title='bbox 897 3702 990 3750; x_wconf 87' lang='lat' dir='ltr'><strong>nostro</strong></span> <span class='ocrx_word' id='word_1_340' title='bbox 1005 3693 1132 3767; x_wconf 84' lang='lat' dir='ltr'><strong>Signore,</strong></span> <span class='ocrx_word' id='word_1_341' title='bbox 1142 3701 1169 3750; x_wconf 85' lang='lat' dir='ltr'><strong>ct</strong></span> <span class='ocrx_word' id='word_1_342' title='bbox 1183 3693 1209 3748; x_wconf 92' lang='lat' dir='ltr'><strong>in</strong></span> <span class='ocrx_word' id='word_1_343' title='bbox 1223 3693 1417 3750; x_wconf 88' lang='lat' dir='ltr'><strong>essaltamento</strong></span> <span class='ocrx_word' id='word_1_344' title='bbox 1430 3694 1599 3754; x_wconf 84' lang='lat' dir='ltr'><strong>dellanostra</strong></span> <span class='ocrx_word' id='word_1_345' title='bbox 1609 3696 1658 3752; x_wconf 82' lang='lat' dir='ltr'><strong>lede</strong></span> 
     </span>
     <span class='ocr_line' id='line_1_30' title="bbox 341 3778 1659 3860; baseline 0.005 -27"><span class='ocrx_word' id='word_1_346' title='bbox 341 3778 484 3834; x_wconf 88' lang='lat' dir='ltr'><strong>catholica.</strong></span> <span class='ocrx_word' id='word_1_347' title='bbox 501 3780 534 3836; x_wconf 88' lang='lat' dir='ltr'><strong>Et</strong></span> <span class='ocrx_word' id='word_1_348' title='bbox 551 3781 619 3849; x_wconf 84' lang='lat' dir='ltr'><strong>cosi,</strong></span> <span class='ocrx_word' id='word_1_349' title='bbox 636 3781 767 3840; x_wconf 87' lang='lat' dir='ltr'><strong>sereniss.</strong></span> <span class='ocrx_word' id='word_1_350' title='bbox 788 3781 864 3854; x_wconf 87' lang='lat' dir='ltr'><strong>Doge</strong></span> <span class='ocrx_word' id='word_1_351' title='bbox 879 3789 973 3838; x_wconf 91' lang='lat' dir='ltr'><strong>nostro</strong></span> <span class='ocrx_word' id='word_1_352' title='bbox 992 3783 1201 3840; x_wconf 68' lang='lat' dir='ltr'><strong>matronarum</strong></span> <span class='ocrx_word' id='word_1_353' title='bbox 1215 3789 1305 3839; x_wconf 85' lang='lat' dir='ltr'><strong>amato</strong></span> <span class='ocrx_word' id='word_1_354' title='bbox 1320 3800 1456 3858; x_wconf 86' lang='lat' dir='ltr'><strong>compare,</strong></span> <span class='ocrx_word' id='word_1_355' title='bbox 1473 3788 1604 3860; x_wconf 71' lang='lat' dir='ltr'><strong>pregium</strong></span> <span class='ocrx_word' id='word_1_356' title='bbox 1618 3785 1659 3842; x_wconf 82' lang='lat' dir='ltr'><strong>llio</strong></span> 
     </span>
    </p>
   </div>
   <div class='ocr_carea' id='block_1_6' title="bbox 341 3868 1657 4020">
    <p class='ocr_par' dir='ltr' id='par_1_6' title="bbox 341 3868 1657 4020">
     <span class='ocr_line' id='line_1_31' title="bbox 341 3868 1657 3944; baseline 0.003 -20"><span class='ocrx_word' id='word_1_357' title='bbox 341 3874 435 3924; x_wconf 78' lang='lat' dir='ltr'><strong>nostro</strong></span> <span class='ocrx_word' id='word_1_358' title='bbox 446 3868 573 3941; x_wconf 78' lang='lat' dir='ltr'><strong>Signum,</strong></span> <span class='ocrx_word' id='word_1_359' title='bbox 589 3871 640 3927; x_wconf 88' lang='lat' dir='ltr'><strong>cha</strong></span> <span class='ocrx_word' id='word_1_360' title='bbox 655 3871 764 3928; x_wconf 85' lang='lat' dir='ltr'><strong>r&#39;habia</strong></span> <span class='ocrx_word' id='word_1_361' title='bbox 783 3870 875 3942; x_wconf 81' lang='lat' dir='ltr'><strong>d&#39;ogni</strong></span> <span class='ocrx_word' id='word_1_362' title='bbox 891 3878 980 3944; x_wconf 85' lang='lat' dir='ltr'><strong>tempo</strong></span> <span class='ocrx_word' id='word_1_363' title='bbox 995 3870 1020 3926; x_wconf 95' lang='lat' dir='ltr'><strong>in</strong></span> <span class='ocrx_word' id='word_1_364' title='bbox 1038 3887 1088 3926; x_wconf 90' lang='lat' dir='ltr'><strong>sua</strong></span> <span class='ocrx_word' id='word_1_365' title='bbox 1108 3869 1209 3942; x_wconf 88' lang='lat' dir='ltr'><strong>special</strong></span> <span class='ocrx_word' id='word_1_366' title='bbox 1225 3871 1341 3944; x_wconf 77' lang='lat' dir='ltr'><strong>guardia</strong></span> <span class='ocrx_word' id='word_1_367' title='bbox 1356 3880 1383 3930; x_wconf 87' lang='lat' dir='ltr'><strong>et</strong></span> <span class='ocrx_word' id='word_1_368' title='bbox 1397 3874 1657 3932; x_wconf 81' lang='lat' dir='ltr'><strong>recommendatione.</strong></span> 
     </span>
     <span class='ocr_line' id='line_1_32' title="bbox 341 3956 1242 4020; baseline 0.004 -8"><span class='ocrx_word' id='word_1_369' title='bbox 341 3956 418 4014; x_wconf 87' lang='lat' dir='ltr'><strong>Delia</strong></span> <span class='ocrx_word' id='word_1_370' title='bbox 432 3957 503 4016; x_wconf 78' lang='lat' dir='ltr'><strong>Cittd</strong></span> <span class='ocrx_word' id='word_1_371' title='bbox 515 3958 541 4014; x_wconf 94' lang='lat' dir='ltr'><strong>di</strong></span> <span class='ocrx_word' id='word_1_372' title='bbox 556 3959 685 4020; x_wconf 87' lang='lat' dir='ltr'><strong>Granata.</strong></span> <span class='ocrx_word' id='word_1_373' title='bbox 701 3961 787 4016; x_wconf 82' lang='lat' dir='ltr'><strong>Adue</strong></span> <span class='ocrx_word' id='word_1_374' title='bbox 802 3959 828 4014; x_wconf 93' lang='lat' dir='ltr'><strong>di</strong></span> <span class='ocrx_word' id='word_1_375' title='bbox 843 3959 871 4014; x_wconf 92' lang='lat' dir='ltr'><strong>di</strong></span> <span class='ocrx_word' id='word_1_376' title='bbox 887 3959 1020 4017; x_wconf 88' lang='lat' dir='ltr'><strong>Gennaio.</strong></span> <span class='ocrx_word' id='word_1_377' title='bbox 1038 3957 1242 4018; x_wconf 86' lang='lat' dir='ltr'><strong>MCCCCXCll.</strong></span> 
     </span>
    </p>
   </div>
   <div class='ocr_carea' id='block_1_7' title="bbox 1049 4067 1461 4139">
    <p class='ocr_par' dir='ltr' id='par_1_7' title="bbox 1049 4067 1461 4139">
     <span class='ocr_line' id='line_1_33' title="bbox 1049 4067 1461 4139; baseline 0 -17"><span class='ocrx_word' id='word_1_378' title='bbox 1049 4091 1062 4117; x_wconf 91' lang='lat'>«</span> <span class='ocrx_word' id='word_1_379' title='bbox 1076 4067 1103 4122; x_wconf 82' lang='lat' dir='ltr'><strong>ln</strong></span> <span class='ocrx_word' id='word_1_380' title='bbox 1118 4067 1160 4123; x_wconf 77' lang='lat' dir='ltr'><strong>lle</strong></span> <span class='ocrx_word' id='word_1_381' title='bbox 1174 4085 1199 4123; x_wconf 84' lang='lat' dir='ltr'><strong>nr</strong></span> <span class='ocrx_word' id='word_1_382' title='bbox 1216 4067 1367 4139; x_wconf 75' lang='lat' dir='ltr'><strong>Casuum,</strong></span> <span class='ocrx_word' id='word_1_383' title='bbox 1381 4077 1433 4126; x_wconf 88' lang='lat' dir='ltr'><strong>etc.</strong></span> <span class='ocrx_word' id='word_1_384' title='bbox 1446 4093 1461 4122; x_wconf 79' lang='lat' dir='ltr'><strong>s</strong></span> 
     </span>
    </p>
   </div>
   <div class='ocr_carea' id='block_1_8' title="bbox 335 4189 1657 5228">
    <p class='ocr_par' dir='ltr' id='par_1_8' title="bbox 340 4189 1657 4354">
     <span class='ocr_line' id='line_1_34' title="bbox 378 4189 1657 4265; baseline 0.001 -20"><span class='ocrx_word' id='word_1_385' title='bbox 378 4189 500 4263; x_wconf 74' lang='lat' dir='ltr'><strong>(lettere</strong></span> <span class='ocrx_word' id='word_1_386' title='bbox 520 4191 552 4246; x_wconf 79' lang='lat' dir='ltr'><strong>di</strong></span> <span class='ocrx_word' id='word_1_387' title='bbox 571 4191 704 4262; x_wconf 71' lang='lat' dir='ltr'><strong>Principe·</strong></span> <span class='ocrx_word' id='word_1_388' title='bbox 724 4192 833 4263; x_wconf 80' lang='lat' dir='ltr'><strong>lequali</strong></span> <span class='ocrx_word' id='word_1_389' title='bbox 851 4195 879 4249; x_wconf 81' lang='lat' dir='ltr'><strong>si</strong></span> <span class='ocrx_word' id='word_1_390' title='bbox 898 4195 1029 4249; x_wconf 78' lang='lat' dir='ltr'><strong>aerisono</strong></span> <span class='ocrx_word' id='word_1_391' title='bbox 1043 4195 1082 4246; x_wconf 84' lang='lat' dir='ltr'><strong>da</strong></span> <span class='ocrx_word' id='word_1_392' title='bbox 1095 4193 1259 4263; x_wconf 69' lang='lat' dir='ltr'><strong>Principio*</strong></span> <span class='ocrx_word' id='word_1_393' title='bbox 1280 4195 1461 4265; x_wconf 79' lang='lat' dir='ltr'><strong>dPrincips&#39;,</strong></span> <span class='ocrx_word' id='word_1_394' title='bbox 1477 4213 1494 4248; x_wconf 91' lang='grc' dir='ltr'><em>ο</em></span> <span class='ocrx_word' id='word_1_395' title='bbox 1509 4199 1657 4265; x_wconf 73' lang='lat' dir='ltr'><strong>reqionum</strong></span> 
     </span>
     <span class='ocr_line' id='line_1_35' title="bbox 340 4279 1315 4354; baseline 0.004 -22"><span class='ocrx_word' id='word_1_396' title='bbox 340 4279 373 4332; x_wconf 81' lang='lat' dir='ltr'><strong>di</strong></span> <span class='ocrx_word' id='word_1_397' title='bbox 389 4279 532 4351; x_wconf 74' lang='lat' dir='ltr'><strong>Principi.</strong></span> <span class='ocrx_word' id='word_1_398' title='bbox 549 4281 580 4336; x_wconf 92' lang='lat' dir='ltr'><strong>ln</strong></span> <span class='ocrx_word' id='word_1_399' title='bbox 593 4281 718 4350; x_wconf 87' lang='lat' dir='ltr'><strong>Venetia,</strong></span> <span class='ocrx_word' id='word_1_400' title='bbox 730 4283 747 4337; x_wconf 89' lang='lat'>3</span> <span class='ocrx_word' id='word_1_401' title='bbox 760 4281 814 4338; x_wconf 90' lang='lat' dir='ltr'><strong>rol.</strong></span> <span class='ocrx_word' id='word_1_402' title='bbox 835 4282 920 4350; x_wconf 75' lang='lat' dir='ltr'><strong>in-uo,</strong></span> <span class='ocrx_word' id='word_1_403' title='bbox 934 4283 1059 4347; x_wconf 84' lang='grc'><strong>1562-77,</strong></span> <span class='ocrx_word' id='word_1_404' title='bbox 1073 4289 1145 4339; x_wconf 87' lang='lat' dir='ltr'><strong>tome</strong></span> <span class='ocrx_word' id='word_1_405' title='bbox 1160 4283 1195 4350; x_wconf 95' lang='lat' dir='ltr'><strong>ll,</strong></span> <span class='ocrx_word' id='word_1_406' title='bbox 1211 4281 1257 4338; x_wconf 89' lang='lat' dir='ltr'><strong>iol.</strong></span> <span class='ocrx_word' id='word_1_407' title='bbox 1274 4283 1315 4354; x_wconf 91' lang='grc'><strong>2.)</strong></span> 
     </span>
    </p>

    <p class='ocr_par' dir='ltr' id='par_1_9' title="bbox 335 4369 1656 5228">
     <span class='ocr_line' id='line_1_36' title="bbox 375 4369 1656 4445; baseline 0 -21"><span class='ocrx_word' id='word_1_408' title='bbox 375 4369 502 4426; x_wconf 78' lang='lat' dir='ltr'><strong>n&#39;enrree</strong></span> <span class='ocrx_word' id='word_1_409' title='bbox 517 4373 533 4426; x_wconf 82' lang='lat' dir='ltr'><strong>d</strong></span> <span class='ocrx_word' id='word_1_410' title='bbox 547 4369 672 4427; x_wconf 83' lang='lat' dir='ltr'><strong>Grenade</strong></span> <span class='ocrx_word' id='word_1_411' title='bbox 686 4369 722 4426; x_wconf 93' lang='lat' dir='ltr'><strong>du</strong></span> <span class='ocrx_word' id='word_1_412' title='bbox 742 4369 825 4426; x_wconf 80' lang='lat' dir='ltr'><strong>sciet</strong></span> <span class='ocrx_word' id='word_1_413' title='bbox 843 4369 877 4426; x_wconf 87' lang='lat' dir='ltr'><strong>de</strong></span> <span class='ocrx_word' id='word_1_414' title='bbox 896 4369 923 4426; x_wconf 87' lang='lat' dir='ltr'><strong>la</strong></span> <span class='ocrx_word' id='word_1_415' title='bbox 939 4370 1013 4428; x_wconf 85' lang='lat' dir='ltr'><strong>reine</strong></span> <span class='ocrx_word' id='word_1_416' title='bbox 1033 4371 1189 4445; x_wconf 77' lang='lat' dir='ltr'><strong>d&#39;Espagne</strong></span> <span class='ocrx_word' id='word_1_417' title='bbox 1202 4389 1232 4428; x_wconf 86' lang='lat' dir='ltr'><strong>se</strong></span> <span class='ocrx_word' id='word_1_418' title='bbox 1251 4379 1347 4429; x_wconf 78' lang='lat' dir='ltr'><strong>trouve</strong></span> <span class='ocrx_word' id='word_1_419' title='bbox 1365 4373 1477 4442; x_wconf 65' lang='lat' dir='ltr'><strong>relatae,</strong></span> <span class='ocrx_word' id='word_1_420' title='bbox 1494 4391 1559 4430; x_wconf 84' lang='lat' dir='ltr'><strong>avec</strong></span> <span class='ocrx_word' id='word_1_421' title='bbox 1578 4377 1656 4430; x_wconf 85' lang='lat' dir='ltr'><strong>tontes</strong></span> 
     </span>
     <span class='ocr_line' id='line_1_37' title="bbox 340 4458 1656 4534; baseline -0.001 -21"><span class='ocrx_word' id='word_1_422' title='bbox 340 4458 381 4514; x_wconf 89' lang='lat' dir='ltr'><strong>les</strong></span> <span class='ocrx_word' id='word_1_423' title='bbox 396 4459 599 4517; x_wconf 87' lang='lat' dir='ltr'><strong>circonstancas</strong></span> <span class='ocrx_word' id='word_1_424' title='bbox 612 4460 658 4533; x_wconf 87' lang='lat' dir='ltr'><strong>qui</strong></span> <span class='ocrx_word' id='word_1_425' title='bbox 674 4458 716 4534; x_wconf 80' lang='lat' dir='ltr'><strong>s&#39;y</strong></span> <span class='ocrx_word' id='word_1_426' title='bbox 731 4460 893 4530; x_wconf 86' lang='lat' dir='ltr'><strong>rattaohent,</strong></span> <span class='ocrx_word' id='word_1_427' title='bbox 910 4458 979 4516; x_wconf 90' lang='lat' dir='ltr'><strong>dans</strong></span> <span class='ocrx_word' id='word_1_428' title='bbox 994 4459 1020 4516; x_wconf 93' lang='lat' dir='ltr'><strong>la</strong></span> <span class='ocrx_word' id='word_1_429' title='bbox 1034 4459 1159 4517; x_wconf 87' lang='lat' dir='ltr'><strong>curiense</strong></span> <span class='ocrx_word' id='word_1_430' title='bbox 1174 4459 1656 4532; x_wconf 72' lang='grc' dir='ltr'><strong>111111111Β111111111ο1111111121-</strong></span> 
     </span>
     <span class='ocr_line' id='line_1_38' title="bbox 341 4549 1654 4626; baseline 0.001 -25"><span class='ocrx_word' id='word_1_431' title='bbox 341 4557 401 4603; x_wconf 79' lang='lat' dir='ltr'><strong>rere</strong></span> <span class='ocrx_word' id='word_1_432' title='bbox 415 4552 448 4603; x_wconf 79' lang='lat' dir='ltr'><strong>di</strong></span> <span class='ocrx_word' id='word_1_433' title='bbox 461 4551 604 4620; x_wconf 77' lang='lat' dir='ltr'><strong>Principi,</strong></span> <span class='ocrx_word' id='word_1_434' title='bbox 621 4555 686 4619; x_wconf 79' lang='lat' dir='ltr'><strong>etc,</strong></span> <span class='ocrx_word' id='word_1_435' title='bbox 706 4553 727 4605; x_wconf 89' lang='lat' dir='ltr'><strong>t.</strong></span> <span class='ocrx_word' id='word_1_436' title='bbox 745 4549 779 4618; x_wconf 95' lang='lat' dir='ltr'><strong>ll,</strong></span> <span class='ocrx_word' id='word_1_437' title='bbox 801 4549 845 4605; x_wconf 87' lang='lat' dir='ltr'><strong>iol.</strong></span> <span class='ocrx_word' id='word_1_438' title='bbox 869 4551 909 4620; x_wconf 83' lang='lat'><strong>2),</strong></span> <span class='ocrx_word' id='word_1_439' title='bbox 928 4555 955 4606; x_wconf 89' lang='lat' dir='ltr'><strong>et</strong></span> <span class='ocrx_word' id='word_1_440' title='bbox 975 4549 1127 4622; x_wconf 87' lang='lat' dir='ltr'><strong>reproduite</strong></span> <span class='ocrx_word' id='word_1_441' title='bbox 1145 4553 1160 4605; x_wconf 83' lang='lat' dir='ltr'><strong>d</strong></span> <span class='ocrx_word' id='word_1_442' title='bbox 1177 4549 1361 4624; x_wconf 82' lang='lat' dir='ltr'><strong>l’llppendice,</strong></span> <span class='ocrx_word' id='word_1_443' title='bbox 1380 4563 1412 4607; x_wconf 78' lang='grc' dir='ltr'><strong>1ο</strong></span> <span class='ocrx_word' id='word_1_444' title='bbox 1426 4553 1461 4608; x_wconf 87' lang='grc'><strong>38</strong></span> <span class='ocrx_word' id='word_1_445' title='bbox 1488 4551 1654 4626; x_wconf 67' lang='lat' dir='ltr'><strong>Vopiscus</strong></span> 
     </span>
     <span class='ocr_line' id='line_1_39' title="bbox 341 4637 1652 4714; baseline -0.002 -20"><span class='ocrx_word' id='word_1_446' title='bbox 341 4637 499 4707; x_wconf 80' lang='lat' dir='ltr'><strong>Munrnsus,</strong></span> <span class='ocrx_word' id='word_1_447' title='bbox 514 4642 554 4696; x_wconf 79' lang='lat' dir='ltr'><strong>De</strong></span> <span class='ocrx_word' id='word_1_448' title='bbox 575 4639 666 4695; x_wconf 79' lang='lat' dir='ltr'><strong>Rebus</strong></span> <span class='ocrx_word' id='word_1_449' title='bbox 686 4639 773 4710; x_wconf 68' lang='lat' dir='ltr'><strong>hisp,</strong></span> <span class='ocrx_word' id='word_1_450' title='bbox 792 4637 837 4695; x_wconf 87' lang='lat' dir='ltr'><strong>liv.</strong></span> <span class='ocrx_word' id='word_1_451' title='bbox 853 4638 915 4708; x_wconf 94' lang='lat' dir='ltr'><strong>XX,</strong></span> <span class='ocrx_word' id='word_1_452' title='bbox 930 4640 1000 4696; x_wconf 88' lang='lat' dir='ltr'><strong>dans</strong></span> <span class='ocrx_word' id='word_1_453' title='bbox 1015 4638 1135 4698; x_wconf 80' lang='lat' dir='ltr'><strong>Hinuldi.</strong></span> <span class='ocrx_word' id='word_1_454' title='bbox 1156 4645 1179 4699; x_wconf 89' lang='lat' dir='ltr'><strong>t.</strong></span> <span class='ocrx_word' id='word_1_455' title='bbox 1193 4640 1278 4708; x_wconf 88' lang='lat' dir='ltr'><strong>XXX,</strong></span> <span class='ocrx_word' id='word_1_456' title='bbox 1299 4659 1326 4714; x_wconf 93' lang='lat' dir='ltr'><strong>p.</strong></span> <span class='ocrx_word' id='word_1_457' title='bbox 1344 4645 1393 4695; x_wconf 79' lang='grc'><strong>117</strong></span> <span class='ocrx_word' id='word_1_458' title='bbox 1415 4655 1447 4696; x_wconf 82' lang='lat' dir='ltr'><strong>n⁰</strong></span> <span class='ocrx_word' id='word_1_459' title='bbox 1471 4643 1497 4711; x_wconf 93' lang='lat' dir='ltr'><strong>l,</strong></span> <span class='ocrx_word' id='word_1_460' title='bbox 1518 4649 1545 4698; x_wconf 87' lang='lat' dir='ltr'><strong>et</strong></span> <span class='ocrx_word' id='word_1_461' title='bbox 1559 4643 1652 4696; x_wconf 87' lang='lat' dir='ltr'><strong>surtout</strong></span> 
     </span>
     <span class='ocr_line' id='line_1_40' title="bbox 340 4725 1653 4802; baseline 0 -22"><span class='ocrx_word' id='word_1_462' title='bbox 340 4725 434 4783; x_wconf 75' lang='lat' dir='ltr'><strong>Pieria</strong></span> <span class='ocrx_word' id='word_1_463' title='bbox 455 4727 562 4802; x_wconf 82' lang='lat' dir='ltr'><strong>Murlyr</strong></span> <span class='ocrx_word' id='word_1_464' title='bbox 580 4725 749 4798; x_wconf 80' lang='lat' dir='ltr'><strong>d&#39;Angbiera</strong></span> <span class='ocrx_word' id='word_1_465' title='bbox 769 4743 776 4782; x_wconf 90' lang='lat'>:</span> <span class='ocrx_word' id='word_1_466' title='bbox 797 4728 874 4798; x_wconf 80' lang='lat' dir='ltr'><strong>Opus</strong></span> <span class='ocrx_word' id='word_1_467' title='bbox 894 4730 1097 4799; x_wconf 81' lang='lat' dir='ltr'><strong>Epistolarum</strong></span> <span class='ocrx_word' id='word_1_468' title='bbox 1116 4729 1199 4784; x_wconf 84' lang='lat' dir='ltr'><strong>Petri</strong></span> <span class='ocrx_word' id='word_1_469' title='bbox 1217 4733 1362 4802; x_wconf 82' lang='lat' dir='ltr'><strong>Martyris</strong></span> <span class='ocrx_word' id='word_1_470' title='bbox 1380 4733 1512 4801; x_wconf 71' lang='grc'><strong>1111911111</strong></span> <span class='ocrx_word' id='word_1_471' title='bbox 1529 4728 1653 4784; x_wconf 67' lang='grc'><strong>1111111111-</strong></span> 
     </span>
     <span class='ocr_line' id='line_1_41' title="bbox 338 4814 1651 4892; baseline 0.004 -26"><span class='ocrx_word' id='word_1_472' title='bbox 338 4818 456 4879; x_wconf 79' lang='lat' dir='ltr'><strong>mcnsis,</strong></span> <span class='ocrx_word' id='word_1_473' title='bbox 472 4814 556 4871; x_wconf 89' lang='lat' dir='ltr'><strong>in-lol.</strong></span> <span class='ocrx_word' id='word_1_474' title='bbox 575 4814 786 4873; x_wconf 78' lang='lat' dir='ltr'><strong>ClOlOCLXX.</strong></span> <span class='ocrx_word' id='word_1_475' title='bbox 805 4817 941 4890; x_wconf 74' lang='lat' dir='ltr'><strong>(Euenir),</strong></span> <span class='ocrx_word' id='word_1_476' title='bbox 957 4817 1004 4874; x_wconf 93' lang='lat' dir='ltr'><strong>lib.</strong></span> <span class='ocrx_word' id='word_1_477' title='bbox 1024 4817 1058 4876; x_wconf 91' lang='lat' dir='ltr'><strong>V.</strong></span> <span class='ocrx_word' id='word_1_478' title='bbox 1075 4817 1162 4890; x_wconf 85' lang='lat' dir='ltr'><strong>Epist.</strong></span> <span class='ocrx_word' id='word_1_479' title='bbox 1177 4819 1223 4887; x_wconf 89' lang='grc'><strong>92,</strong></span> <span class='ocrx_word' id='word_1_480' title='bbox 1239 4836 1287 4874; x_wconf 87' lang='lat' dir='ltr'><strong>sur</strong></span> <span class='ocrx_word' id='word_1_481' title='bbox 1305 4819 1331 4874; x_wconf 88' lang='lat' dir='ltr'><strong>la</strong></span> <span class='ocrx_word' id='word_1_482' title='bbox 1346 4818 1418 4892; x_wconf 87' lang='lat' dir='ltr'><strong>prise</strong></span> <span class='ocrx_word' id='word_1_483' title='bbox 1439 4818 1474 4876; x_wconf 87' lang='lat' dir='ltr'><strong>de</strong></span> <span class='ocrx_word' id='word_1_484' title='bbox 1492 4817 1616 4882; x_wconf 86' lang='lat' dir='ltr'><strong>Grenade,</strong></span> <span class='ocrx_word' id='word_1_485' title='bbox 1630 4819 1651 4869; x_wconf 83' lang='lat' dir='ltr'><strong>el</strong></span> 
     </span>
     <span class='ocr_line' id='line_1_42' title="bbox 339 4900 1648 4980; baseline -0.001 -23"><span class='ocrx_word' id='word_1_486' title='bbox 339 4900 378 4958; x_wconf 86' lang='lat' dir='ltr'><strong>les</strong></span> <span class='ocrx_word' id='word_1_487' title='bbox 393 4903 486 4960; x_wconf 85' lang='lat' dir='ltr'><strong>lettres</strong></span> <span class='ocrx_word' id='word_1_488' title='bbox 506 4905 684 4978; x_wconf 70' lang='lat' dir='ltr'><strong>precedentes</strong></span> <span class='ocrx_word' id='word_1_489' title='bbox 706 4907 753 4968; x_wconf 83' lang='grc'><strong>126</strong></span> <span class='ocrx_word' id='word_1_490' title='bbox 773 4906 850 4976; x_wconf 79' lang='grc'><strong>1191)</strong></span> <span class='ocrx_word' id='word_1_491' title='bbox 866 4922 914 4960; x_wconf 87' lang='lat' dir='ltr'><strong>sur</strong></span> <span class='ocrx_word' id='word_1_492' title='bbox 931 4906 957 4962; x_wconf 93' lang='lat' dir='ltr'><strong>la</strong></span> <span class='ocrx_word' id='word_1_493' title='bbox 975 4923 1126 4980; x_wconf 77' lang='lat' dir='ltr'><strong>campagus</strong></span> <span class='ocrx_word' id='word_1_494' title='bbox 1147 4907 1181 4964; x_wconf 87' lang='lat' dir='ltr'><strong>de</strong></span> <span class='ocrx_word' id='word_1_495' title='bbox 1201 4906 1355 4964; x_wconf 82' lang='lat' dir='ltr'><strong>Ferdinand</strong></span> <span class='ocrx_word' id='word_1_496' title='bbox 1376 4915 1470 4965; x_wconf 85' lang='lat' dir='ltr'><strong>contre</strong></span> <span class='ocrx_word' id='word_1_497' title='bbox 1488 4908 1528 4964; x_wconf 85' lang='lat' dir='ltr'><strong>las</strong></span> <span class='ocrx_word' id='word_1_498' title='bbox 1546 4907 1648 4963; x_wconf 79' lang='lat' dir='ltr'><strong>Mauras.</strong></span> 
     </span>
     <span class='ocr_line' id='line_1_43' title="bbox 339 4990 1646 5070; baseline 0 -25"><span class='ocrx_word' id='word_1_499' title='bbox 339 4990 432 5050; x_wconf 88' lang='lat' dir='ltr'><strong>Pierre</strong></span> <span class='ocrx_word' id='word_1_500' title='bbox 458 4993 563 5068; x_wconf 80' lang='lat' dir='ltr'><strong>Martyr</strong></span> <span class='ocrx_word' id='word_1_501' title='bbox 581 4993 654 5052; x_wconf 87' lang='lat' dir='ltr'><strong>avait</strong></span> <span class='ocrx_word' id='word_1_502' title='bbox 675 4994 731 5068; x_wconf 85' lang='lat' dir='ltr'><strong>pris</strong></span> <span class='ocrx_word' id='word_1_503' title='bbox 753 4994 789 5050; x_wconf 88' lang='lat' dir='ltr'><strong>du</strong></span> <span class='ocrx_word' id='word_1_504' title='bbox 810 4995 913 5051; x_wconf 88' lang='lat' dir='ltr'><strong>service</strong></span> <span class='ocrx_word' id='word_1_505' title='bbox 929 4995 999 5052; x_wconf 87' lang='lat' dir='ltr'><strong>dans</strong></span> <span class='ocrx_word' id='word_1_506' title='bbox 1022 4993 1130 5052; x_wconf 75' lang='lat' dir='ltr'><strong>l&#39;armee</strong></span> <span class='ocrx_word' id='word_1_507' title='bbox 1152 4997 1261 5069; x_wconf 78' lang='lat' dir='ltr'><strong>royal03</strong></span> <span class='ocrx_word' id='word_1_508' title='bbox 1278 4995 1354 5052; x_wconf 87' lang='lat' dir='ltr'><strong>aussi</strong></span> <span class='ocrx_word' id='word_1_509' title='bbox 1374 5013 1405 5052; x_wconf 95' lang='lat' dir='ltr'><strong>sa</strong></span> <span class='ocrx_word' id='word_1_510' title='bbox 1424 4995 1646 5070; x_wconf 80' lang='lat' dir='ltr'><strong>correspondance,</strong></span> 
     </span>
     <span class='ocr_line' id='line_1_44' title="bbox 340 5081 1645 5159; baseline -0.003 -21"><span class='ocrx_word' id='word_1_511' title='bbox 340 5081 422 5139; x_wconf 76' lang='lat' dir='ltr'><strong>ecrite</strong></span> <span class='ocrx_word' id='word_1_512' title='bbox 437 5082 522 5140; x_wconf 79' lang='lat' dir='ltr'><strong>susle</strong></span> <span class='ocrx_word' id='word_1_513' title='bbox 538 5083 644 5142; x_wconf 75' lang='lat' dir='ltr'><strong>theatra</strong></span> <span class='ocrx_word' id='word_1_514' title='bbox 660 5083 708 5140; x_wconf 88' lang='lat' dir='ltr'><strong>des</strong></span> <span class='ocrx_word' id='word_1_515' title='bbox 730 5088 915 5156; x_wconf 78' lang='lat' dir='ltr'><strong>evenements,</strong></span> <span class='ocrx_word' id='word_1_516' title='bbox 929 5083 1038 5142; x_wconf 86' lang='lat' dir='ltr'><strong>est-elle</strong></span> <span class='ocrx_word' id='word_1_517' title='bbox 1053 5083 1102 5142; x_wconf 87' lang='lat' dir='ltr'><strong>des</strong></span> <span class='ocrx_word' id='word_1_518' title='bbox 1116 5085 1178 5159; x_wconf 93' lang='lat' dir='ltr'><strong>plus</strong></span> <span class='ocrx_word' id='word_1_519' title='bbox 1197 5083 1352 5159; x_wconf 77' lang='lat' dir='ltr'><strong>prtcieuses</strong></span> <span class='ocrx_word' id='word_1_520' title='bbox 1367 5093 1395 5142; x_wconf 86' lang='lat' dir='ltr'><strong>et</strong></span> <span class='ocrx_word' id='word_1_521' title='bbox 1409 5083 1458 5142; x_wconf 87' lang='lat' dir='ltr'><strong>des</strong></span> <span class='ocrx_word' id='word_1_522' title='bbox 1477 5083 1645 5159; x_wconf 75' lang='grc' dir='ltr'><strong>111111ῑὲ111-</strong></span> 
     </span>
     <span class='ocr_line' id='line_1_45' title="bbox 335 5177 438 5228; baseline -0.019 0"><span class='ocrx_word' id='word_1_523' title='bbox 335 5177 438 5228; x_wconf 85' lang='lat' dir='ltr'><strong>santes.</strong></span> 
     </span>
    </p>
   </div>
   <div class='ocr_carea' id='block_1_9' title="bbox 0 0 1758 6034">
    <p class='ocr_par' dir='ltr' id='par_1_10' title="bbox 0 0 1758 6034">
     <span class='ocr_line' id='line_1_46' title="bbox 0 0 1758 6034; baseline 0 3"><span class='ocrx_word' id='word_1_524' title='bbox 0 0 1758 6034; x_wconf 95' lang='lat' dir='ltr'><strong> </strong></span> 
     </span>
    </p>
   </div>
  </div>
 </body>
</html>
