3496 6056
38 496 180 559 [novembre
192 497 263 563 litt]
356 496 482 554 RERUM
502 494 727 552 Cnennanun
753 495 1015 555 conuenienti.
1302 500 1353 556 157

78 651 253 751 Episcopo
267 652 366 726 fratri
381 652 540 727 defuncti
557 652 688 726 deutur
701 673 816 726 caune
832 677 862 744 v,

77 777 225 852 Cuilibet
241 777 427 878 capellano
444 801 560 852 caune
579 801 648 868 nn,

76 902 224 977 Cuilibet
240 903 413 978 scutifero
430 927 545 978 caune
560 927 625 994 nn,

77 1027 227 1103 Cuilibet
242 1029 408 1104 familiari
428 1053 543 1104 caune
558 1051 594 1102 ιιι
611 1028 752 1102 stemeti
768 1029 813 1102 de
831 1029 916 1116 linc,

78 1155 301 1228 Paramentis
313 1155 480 1228 omuibus
493 1153 759 1252 pontificalibus
770 1153 882 1250 nigris
897 1177 963 1250 pro
979 1153 1200 1244 celebrante,
1238 1165 1242 1172 '

77 1279 269 1354 balmitice
282 1285 317 1354 et
332 1279 500 1354 tunicella
515 1303 598 1354 cum
613 1279 690 1353 aliis
705 1301 771 1376 pro
787 1278 939 1353 diacono
955 1285 991 1352 et
1005 1279 1242 1372 subdiacone,

79 1405 243 1502 Quinque
256 1403 467 1502 pluvialibus
483 1411 517 1478 et
533 1403 633 1478 stolis
650 1403 760 1502 nigris
775 1403 866 1477 ultra
879 1403 966 1478 alias
977 1403 1080 1496 duas,
1240 1386 1242 1392 ἶ

79 1533 195 1604 Cruce
211 1535 384 1628 argentea
399 1553 482 1604 cum
496 1553 562 1603 suo
578 1529 721 1620 baculo,

82 1654 261 1730 bumbulo
276 1655 313 1729 iu
326 1655 511 1746 navicella,

79 1785 149 1855 Vas
164 1805 259 1878 aque
276 1779 465 1856 benedicte
477 1804 559 1855 cum
570 1781 788 1878 aspersorio,

80 1911 166 1982 Octo
184 1905 403 1981 caudelabra
417 1913 453 1981 et
466 1906 703 1982 faldistorium
717 1931 782 2004 pro
798 1905 1018 1994 celebrante,

83 2031 196 2105 Libris
209 2032 358 2121 missali,
377 2032 663 2130 evangelistarum,
679 2031 883 2130 epistolario
899 2038 935 2106 et
949 2056 1014 2130 pro
1029 2031 1268 2106 absolutione.

82 2163 154 2245 Que
175 2157 300 2232 omnia
317 2157 480 2256 predicte
500 2157 627 2232 haberi
644 2163 813 2256 poterunt
832 2157 1027 2255 excapella
1048 2161 1155 2254 Papa,
1175 2163 1212 2230 et
1234 2157 1355 2254 provi-

41 2283 158 2358 deatur
182 2283 228 2357 de
253 2283 387 2381 bajulo,
415 2283 475 2380 qui
497 2283 619 2357 omnia
640 2285 684 2357 ad
713 2283 903 2358 ecclesiam
925 2287 1043 2381 portet
1068 2288 1104 2356 et
1129 2287 1288 2379 reportet
1310 2281 1354 2356 ab

42 2409 171 2484 eadem.

86 2535 202 2610 Factis
219 2533 393 2630 exequiis,
409 2533 613 2610 solvantur:

87 2665 158 2736 nb.
173 2661 316 2738 clericis
331 2659 620 2736 ceremoniarum
632 2659 752 2734 ducati
767 2657 851 2750 xv1‚'

88 2791 128 2861 n.
146 2787 329 2864 Hieremie
345 2786 404 2885 qui
419 2809 626 2861 sermonem
641 2785 738 2876 fecit,
760 2785 879 2859 ducati
895 2808 950 2875 vr;

89 2914 300 2988 Cautoribus
315 2912 467 3012 capelle,
485 2909 604 2986 ducati
619 2934 656 2984 v.

89 3043 272 3128 Cursores,
298 3061 343 3112 ex
363 3045 465 3135 parte
490 3041 738 3122 executorem,
766 3035 932 3110 iutimeut
952 3035 1094 3108 familiis
1108 3037 1356 3127 ¹cardinalium

47 3161 132 3257 quod
150 3161 235 3236 lune
262 3160 418 3258 septima
434 3159 546 3258 vhujus
569 3160 679 3235 velint
708 3185 788 3235 esse
817 3161 854 3234 iu
877 3160 1032 3235 ecclesia
1053 3161 1157 3234 beate
1178 3162 1290 3236 Marie
1314 3163 1358 3236 de

49 3289 174 3387 Populo
188 3290 281 3364 hora
294 3311 370 3380 xiv,
386 3287 432 3362 ad
445 3286 736 3362 interessendum
750 3287 923 3384 exequiis.

90 3415 183 3489 ldem
199 3414 309 3488 etiam
324 3411 490 3488 intiment
506 3413 731 3488 celebraturo
754 3419 790 3487 et
808 3421 962 3511 quatuor
975 3413 1154 3512 episcopis
1167 3413 1363 3490 absolutio·

49 3563 124 3614 nem
139 3539 300 3630 facturis,
319 3543 354 3612 et
370 3540 412 3610 ll.
431 3537 611 3613 Hieremie
628 3561 834 3614 sermonem
844 3539 1025 3629 habituro,
1210 3621 1213 3626 ,

94 3664 187 3739 ldem
207 3663 373 3738 ordinent
393 3663 531 3759 aliquos
551 3663 646 3737 inter
673 3687 712 3738 se
740 3663 799 3762 qui
822 3688 904 3738 cnm
928 3664 1065 3739 buculis
1085 3664 1158 3738 suis
1182 3664 1365 3763 argenteis

52 3790 235 3886 precedant
258 3787 431 3863 familiam
456 3787 615 3862 defuncti
642 3790 679 3862 iu
702 3813 808 3863 mane
829 3789 1062 3887 exequiarum
1082 3788 1228 3862 edomo
1250 3811 1364 3886 usque

52 3915 91 3988 ad
108 3915 309 4006 ecclesiam,
335 3919 384 4004 et,
408 3913 509 3988 finito
536 3913 670 4004 officio,
695 3915 739 3988 de
767 3915 922 3990 ecclesia
946 3915 992 3988 ad
1015 3915 1162 3988 domum
1178 3937 1240 3988 eos
1261 3914 1366 3988 redu-

55 4047 148 4130 caut3

99 4166 196 4252 Quod
210 4189 294 4242 cera
306 4189 447 4241 summo
463 4189 568 4244 mane
584 4167 762 4267 pendetur
776 4173 811 4242 et
824 4167 869 4241 ad
882 4165 1074 4242 ecclesiam
1096 4167 1270 4256 mittatur,

98 4292 194 4377 Quod
208 4299 324 4366 vestes
340 4315 404 4390 pro
425 4293 574 4368 funestis
596 4317 737 4368 summo
762 4317 867 4368 mane
886 4293 1007 4367 sintin
1023 4293 1130 4366 domo
1146 4291 1305 4366 defuncti
1321 4290 1370 4364 ita

58 4415 146 4510 quod
160 4417 351 4492 familiares
367 4419 457 4493 hora
470 4443 526 4492 ιιιι
541 4419 577 4492 iu
593 4419 748 4494 ecclesia
763 4442 843 4494 esse
863 4419 1018 4516 possint.

98 4543 218 4618 Omnia
231 4544 408 4642 premissa
423 4545 566 4620 fuemnt
581 4545 745 4620 ordinata
759 4533 800 4620 et¹
810 4543 1008 4634 observata,
1023 4543 1148 4642 paucis
1164 4543 1320 4617 mutatis.

102 4667 202 4743 llisse
212 4670 317 4744 basse
328 4693 419 4744 dxxx
430 4670 576 4748 fueruut
587 4671 782 4763 celebrate,
794 4669 1146 4766 interiufrescriptos
1156 4668 1345 4742 distribute
1360 4693 1368 4742 :

104 4803 289 4870 conventus
318 4822 348 4870 s.
373 4795 484 4870 llarie
516 4797 560 4871 de
592 4797 729 4896 Populo
759 4796 950 4872 celebravit
1004 4851 1011 4866 .
1069 4851 1077 4868 .
1131 4849 1139 4868 .
1196 4850 1203 4866 .
1294 4819 1375 4868 xnn

107 4927 293 4996 conventus
309 4921 450 4996 Araceli
465 4921 660 4996 celebravit
697 4977 705 4994 .
755 4979 762 4995 .
818 4977 825 4993 .
879 4975 886 4994 .
945 4979 952 4995 .
1011 4976 1017 4992 .
1076 4977 1084 4994 .
1138 4976 1146 4994 .
1202 4975 1209 4992 .
1311 4944 1373 4994 vni

108 5053 294 5122 conuentus
316 5071 346 5121 s.
372 5046 550 5124 Dominici
574 5045 620 5122 de
648 5047 809 5121 Minerva
828 5047 1023 5122 celebravit
1077 5103 1084 5119 .
1133 5103 1140 5118 .
1198 5104 1205 5118 .
1335 5069 1379 5119 xv

108 5178 294 5247 conventus
310 5199 338 5248 s.
353 5171 542 5270 Augustini
558 5171 749 5249 celebravit
804 5227 1205 5248 .......
1320 5195 1380 5246 nn
