3578 6032
683 471 896 530 APPENDICE.
1304 495 1309 504 ·
1402 475 1455 533 529

123 593 457 660 norumuonmodice
468 593 666 658 conducunt.
684 597 834 660 Fratrum
850 596 983 676 quidem
1000 595 1186 673 dissidium,
1203 599 1325 662 ciuium
1334 599 1455 663 discor·

120 694 176 758 dia
191 694 460 786 populorumque
474 693 559 756 bella
576 694 740 773 preclaras
756 697 869 774 sepius
882 695 984 757 urbes
997 713 1099 778 regna
1115 701 1148 758 et
1163 697 1298 776 imperia
1310 699 1455 762 maxima

120 792 334 854 subuertunt.
344 791 575 872 Exemplorum
582 793 679 872 plena
688 797 894 856 estvetustas
906 812 913 854 :
923 809 983 856 nec
991 795 1079 856 enim
1089 799 1304 872 presensetas
1312 793 1455 858 haclabe

121 890 240 952 caruit.
265 889 374 952 Sensit
392 890 469 952 olim
480 890 543 953 boc
553 891 748 971 pestiferum
759 891 878 954 vulnus
888 891 1092 953 Athenarum
1103 892 1182 954 urbs
1198 891 1453 972 sapientissima.

346 1197 362 1238 a
380 1173 533 1258 Boqyuait
548 1181 576 1236 et
593 1179 733 1258 szpmy
747 1180 868 1256 nepum
882 1173 1050 1240 Contraria
1064 1177 1231 1256 sactiones.

168 1355 180 1384 ι
206 1329 410 1392 ltabumetes
424 1329 614 1391 thurcorum
634 1328 786 1408 princeps
802 1332 873 1393 octo
889 1334 922 1392 et
935 1331 1174 1412 quinquaginta
1193 1347 1299 1393 annos
1321 1334 1451 1404 nactus

122 1430 305 1508 Postquam
315 1426 449 1508 triginta
468 1427 666 1505 imperasset
681 1441 799 1502 annos,
819 1443 885 1506 quo
897 1429 1166 1506 temporeurbes,
1180 1445 1295 1510 regna,
1312 1427 1454 1491 ditiones

120 1526 374 1606 potentissimas
389 1526 523 1606 subegit
538 1545 545 1586 :
561 1527 729 1588 Postremo
749 1525 941 1588 rhodiorum
964 1527 1065 1590 armis
1085 1527 1217 1604 cedens,
1239 1527 1349 1590 animo
1364 1525 1455 1607 igno·

120 1624 224 1686 minia
240 1624 368 1698 abacto,
381 1626 612 1686 consternatus
627 1622 694 1684 vita
715 1627 851 1701 repente
864 1627 1015 1688 excessit.
1033 1627 1089 1689 llic
1099 1627 1186 1690 enim
1200 1627 1324 1690 liberos
1338 1641 1454 1706 super-

121 1723 218 1786 stites
246 1721 379 1801 reliquit
403 1720 487 1784 duos
517 1741 525 1784 :
552 1722 709 1802 Bagyazit
734 1727 768 1784 et
793 1727 937 1804 Zyzymy
960 1741 1067 1806 reges.
1095 1726 1167 1803 Qui,
1194 1731 1232 1788 ut
1255 1741 1296 1788 ex
1319 1722 1455 1804 ephebis

121 1837 306 1897 excessere,
322 1821 398 1882 viuo
413 1824 505 1898 patre
521 1819 701 1898 prouinciis
726 1819 872 1898 prefecti,
889 1822 961 1886 loco
980 1823 1145 1900 disiuncti,
1166 1825 1309 1905 quietam
1332 1823 1456 1886 ducunt

121 1921 225 1982 vitam
241 1939 248 1980 :
265 1936 326 1980 nec
338 1918 476 1997 irnperio
492 1917 651 1998 impliciti,
665 1933 726 1979 nec
736 1918 874 1996 publicis
890 1921 976 1982 curis
991 1921 1123 1998 intenti3
1133 1923 1262 2003 priuata
1274 1921 1453 2000 prouincia.

121 2021 209 2081 Dum
224 2018 351 2080 uiueret
362 2020 466 2096 pater,
479 2019 619 2094 uterque
629 2019 804 2078 contentus
820 2016 890 2079 luit.
908 2021 1008 2081 Jussu
1019 2021 1121 2098 patris
1132 2019 1307 2100 (fraternas
1317 2017 1455 2081 insidias

123 2109 346 2196 formidantis)
360 2131 427 2177 non
442 2103 632 2194 plusquam
647 2113 751 2176 semel
772 2131 847 2176 sese
870 2133 1089 2196 conspexere;
1103 2119 1293 2197 mutuisque
1308 2117 1361 2179 usi
1377 2121 1456 2178 sunt

124 2215 245 2278 fratres
260 2213 480 2294 amplexibus.
498 2213 554 2275 Vir
568 2213 691 2292 quippe
714 2211 878 2274 barbarus
892 2217 987 2276 vasto
1001 2214 1160 2277 coniectat
1172 2215 1305 2295 ingenio
1319 2215 1454 2276 Germa-

123 2329 246 2376 norum
261 2310 451 2385 dissidium
469 2310 558 2390 quod
573 2310 735 2373 Barbaros
749 2313 868 2390 gentes
883 2315 933 2390 (ut
947 2312 1109 2390 peculiare
1123 2311 1300 2392 venenum)
1316 2312 1350 2374 in
1366 2310 1455 2391 prin-

127 2413 256 2492 cipatus
272 2412 450 2492 adeptione
465 2413 661 2494 plerumque
671 2410 781 2474 afficit.
795 2411 961 2494 Bagyazit,
975 2427 1074 2491 quem
1084 2410 1353 2491 yldrimyvocant
1366 2408 1457 2488 quod

128 2513 243 2594 fulgur
252 2511 353 2578 latine
368 2516 475 2587 sonat,
492 2511 597 2574 maior
612 2511 746 2591 quidem
768 2516 849 2574 natu
871 2513 904 2573 in
920 2510 1152 2590 paphlagonia,
1173 2508 1216 2572 ad
1230 2507 1340 2572 euxini
1355 2506 1455 2569 maris

125 2611 235 2673 littora
250 2615 398 2689 torpens,
411 2609 624 2689 Sardanapali
636 2609 914 2684 moresimitatus,
932 2609 1065 2671 mollem
1081 2607 1169 2670 ducit
1183 2607 1295 2669 vitam.
1313 2609 1458 2685 Zyzyrny

125 2710 182 2789 qui
211 2724 307 2771 amor
328 2708 573 2786 interpretatur,
594 2707 711 2787 yconie
736 2706 871 2786 antique
902 2705 1036 2786 quidem
1062 2705 1155 2768 urbis
1178 2701 1315 2766 licaonia
1342 2702 1456 2764 sedem

125 2806 242 2871 habuit
259 2825 267 2868 :
284 2805 381 2870 modo
394 2806 571 2880 venationi,
588 2805 687 2868 modo
700 2805 847 2868 thermis.
871 2803 969 2867 modo
984 2803 1127 2867 fluuialis
1141 2819 1227 2881 aque
1241 2799 1459 2864 immersioni-

124 2906 189 2968 bus
204 2904 407 2980 exercendis,
430 2903 530 2966 modo
547 2903 880 2967 commessationibus
904 2903 1091 2978 intendens
1112 2901 1372 2980 iuueniliterque
1388 2899 1456 2972 las·

125 3005 264 3079 ciuiens,
290 3019 388 3065 auum
415 3003 484 3083 agit
504 3003 678 3064 lubricum.
705 3003 810 3065 Patris
837 3007 947 3066 autem
967 2999 1139 3080 repentino
1167 3014 1306 3060 excessu
1331 2997 1457 3076 passim

125 3102 273 3182 vulgato,
289 3101 360 3164 loco
376 3117 452 3164 sese
466 3101 586 3180 raptim
597 3105 737 3179 uterque
749 3100 869 3172 mouit;
879 3099 1058 3162 arbitratus
1071 3097 1128 3176 qui
1140 3095 1456 3174 Constantinopolim

127 3199 218 3278 prior
228 3197 388 3272 vendicet,
407 3197 568 3276 imperiali
581 3197 665 3259 solio
680 3214 718 3259 ac
732 3197 824 3278 regia
844 3214 924 3277 gaza
948 3197 1141 3276 potiturum.
1158 3193 1255 3274 Apud
1270 3193 1454 3257 Constanti-

127 3296 289 3376 nopolim,
305 3295 367 3357 sub
389 3295 424 3357 id
446 3300 589 3375 tempus,
616 3293 876 3358 commilttonum
898 3293 994 3358 factio
1018 3295 1096 3357 bina
1119 3293 1277 3355 nascitur.
1301 3289 1458 3371 Bagyazit

127 3394 275 3474 quidam,
297 3397 442 3474 Zyzymy
455 3394 511 3456 alii
527 3395 561 3456 in
576 3409 689 3476 regem
703 3397 887 3470 accersunt,
909 3397 1028 3456 vocant
1045 3397 1238 3472 petuntque.
1252 3392 1336 3452 Dum
1351 3388 1458 3452 basia·

126 3509 202 3555 rum
232 3492 475 3572 primatumque
503 3493 611 3555 studia
637 3509 675 3554 ac
704 3489 884 3552 satellitum
913 3495 1041 3552 mentes
1064 3490 1098 3550 in
1120 3487 1229 3550 varias
1262 3485 1459 3550 scinduntur

126 3590 298 3666 factiones,
323 3590 452 3670 paterni
472 3589 568 3653 erarii
583 3590 691 3668 portio
713 3587 814 3669 prede
837 3589 952 3668 patuit.
981 3588 1173 3651 Fluctuante
1195 3585 1329 3668 quidem
1353 3602 1457 3663 regno

126 3689 270 3751 cruentis
286 3703 361 3751 sese
376 3691 622 3767 persequuntur
644 3685 777 3768 gladiis,
798 3691 890 3750 etex
909 3686 1011 3750 basiis
1033 3703 1121 3750 unus
1144 3685 1312 3750 occiditur.
1329 3685 1455 3748 lnterea

125 3784 375 3861 hcbmatbssia,
388 3783 519 3864 ydronti
532 3789 752 3864 expugnator,
765 3790 870 3848 artem
883 3786 1058 3848 militarem
1068 3785 1203 3860 callens,
1212 3801 1334 3865 magno
1347 3784 1457 3846 animo

125 3885 176 3945 vir
191 3898 359 3961 manuque
371 3887 556 3961 promptus,
580 3886 726 3946 mentem
748 3883 791 3946 ad
811 3883 948 3948 clariora
965 3883 1117 3958 voluens,
1140 3887 1327 3962 contempta
1343 3881 1458 3962 preda,

126 3981 368 4062 Bagyaziticam
390 3980 565 4042 factionem
596 3981 755 4060 sequitur.
787 3985 816 4048 ls
840 3985 964 4063 quippe
988 3981 1105 4046 callido
1127 3981 1230 4046 fretus
1254 3983 1388 4063 ingenio
1415 3983 1458 4046 ad

127 4077 307 4140 seditiones
322 4081 411 4140 ortas
422 4077 587 4140 sedandas
599 4083 631 4139 et
641 4079 869 4144 turbulentum
884 4097 993 4144 rerum
1005 4085 1129 4142 statum
1139 4079 1325 4159 pacandum
1336 4079 1456 4154 audax,

127 4177 252 4238 irarum
276 4174 509 4253 minarumque
532 4175 663 4253 plenus,
688 4175 722 4237 in
749 4179 919 4256 propatulo
942 4179 1150 4254 constitutus
1173 4177 1280 4240 valida
1305 4175 1459 4256 Bagyazi·

129 4277 239 4335 tarum
253 4288 356 4334 manu
371 4272 567 4348 succinctus,
591 4289 696 4336 unum
710 4290 751 4336 ex
773 4277 929 4357 Bagyazit
950 4277 1065 4338 liberis
1083 4274 1178 4357 ¹(nam
1199 4274 1229 4337 ei
1253 4275 1365 4354 plures
1382 4280 1459 4335 sunt

130 4371 212 4452 nati)
227 4375 382 4432 octauum
404 4375 436 4432 et
455 4369 619 4433 decimum
636 4377 792 4452 agentem
813 4391 950 4450 annum,
964 4373 1101 4455 ignobili
1117 4373 1216 4454 vulgo
1238 4376 1410 4435 ostentans
1426 4377 1459 4434 et

130 4468 463 4548 proferens,‘patrem
481 4486 596 4554 regem
617 4463 771 4550 appellat.
797 4473 899 4553 hegio
918 4473 1074 4536 tribunali
1092 4473 1338 4536 adolescentem
1356 4471 1458 4545 locat;

131 4566 238 4630 donec
261 4567 388 4628 venerit
408 4567 541 4646 genitor
569 4569 626 4648 qui
648 4568 856 4648 dyadematis
879 4569 1103 4650 gubernacula
1134 4573 1255 4632 teneat.
1286 4571 1372 4631 Dum
1399 4567 1460 4630 hec

130 4669 288 4746 aguntur,
313 4665 603 4746 bisanciorumque
619 4672 747 4730 mentes
768 4667 820 4748 (ut
838 4687 949 4732 rerum
968 4669 1160 4732 turbulento
1181 4671 1269 4730 statu
1288 4664 1460 4746 contingit)

128 4762 255 4825 solicite
267 4763 431 4842 anxieque
446 4761 592 4842 pendent
607 4765 763 4846 Bagyazit
778 4781 837 4844 per
851 4767 1017 4829 auximum
1033 4782 1125 4828 mare
1139 4765 1254 4843 paucis
1268 4762 1460 4826 triremibus

129 4859 245 4922 adhoc
259 4860 383 4938 paratis
397 4865 524 4938 vectus,
539 4863 857 4942 Constantinopolim
870 4863 1017 4942 appulit;
1034 4861 1091 4924 ubi
1106 4879 1180 4924 cum
1196 4861 1321 4942 ingenti
1333 4864 1463 4943 Bagya·

129 4957 268 5020 altarum
284 4957 403 5036 plausu
418 4965 585 5038 exceptus,
602 4961 669 5022 Rex
689 4966 721 5024 et
737 4961 916 5040 imperator
934 4961 1183 5034 constalutatur,
1200 4960 1367 5040 Regieque
1381 4975 1463 5040 gaze

128 5056 274 5133 potituro
296 5057 463 5137 Zyzymite
485 5075 562 5120 vero
585 5058 726 5135 attoniti,
759 5059 883 5138 stupidi
911 5064 944 5122 et
971 5057 1084 5140 pauidi
1113 5057 1227 5132 silent,
1253 5075 1292 5120 ac
1315 5057 1463 5120 dolorem

129 5153 352 5230 dissimulant,
368 5159 563 5236 conceptum
574 5156 705 5220 victoris
721 5174 838 5221 seuum
849 5157 982 5238 quidem
994 5156 1143 5238 gladium
1154 5155 1381 5221 formidantes.
1396 5157 1464 5218 Rex

273 5296 299 5335 r.
322 5295 343 5334 x.
1286 5283 1323 5341 34
