3436 6038
78 457 228 522 [Novembrs
243 454 312 524 11851
403 459 530 519 RERUM
554 459 782 522 URBANARUM
806 463 1067 524 commendauit.
1352 475 1401 530 167

80 613 180 688 etiam
202 615 313 712 perlis
338 623 559 692 rccamatum
583 617 809 716 largitudinis
833 621 942 696 medii
967 623 1091 719 palmi,
1112 625 1167 698 vel
1186 626 1294 717 circa,
1318 651 1401 702 cum
1514 603 1518 609 ⁵

79 745 154 813 aeto
165 739 275 816 radiis
291 743 411 816 aureis
426 765 470 818 ex
485 743 594 842 perlis
611 745 915 822 descendentibus
925 749 1041 841 tortis,
1055 759 1160 848 prout
1172 755 1276 826 lesus
1286 757 1399 830 sancti

79 860 283 934 Bernardini
312 863 531 962 depingitur,
562 865 599 940 in
621 868 741 942 medio
772 870 916 944 rotundi
942 872 1114 968 predicti;
1138 875 1174 948 in
1195 878 1400 952 summitate

79 983 194 1058 birreti
215 992 294 1060 erat
314 989 483 1065 columba
504 1014 548 1066 ax
570 991 680 1090 perlis
701 993 878 1085 relevata;
896 995 1027 1072 deinde
1050 1001 1148 1098 Papa
1167 1000 1264 1074 dedit
1283 1004 1399 1077 sibl'in

77 1133 178 1184 manu
203 1111 353 1186 dextera
378 1115 560 1210 quoddam
589 1115 756 1191 baculum
786 1117 859 1194 sive
891 1119 1032 1219 virgam
1056 1130 1267 1220 argenteam
1295 1127 1399 1227 inau-

76 1241 182 1310 ratam
214 1237 451 1336 longitudinis
480 1241 587 1316 unius
615 1243 725 1340 palmi
746 1268 829 1318 cnm
852 1243 1012 1336 dimidio,
1039 1247 1075 1320 in
1100 1249 1248 1323 modum
1268 1250 1399 1326 abheni

76 1361 371 1462 geisthelstieltl)
400 1424 408 1440 .
442 1423 451 1442 .
486 1420 494 1439 .
526 1367 562 1441 in
589 1369 794 1446 summitate
809 1370 1003 1445 habentem
1020 1395 1214 1470 pavonem,
1233 1377 1399 1451 eamdem

77 1487 277 1582 relevatam,
307 1491 480 1566 circulum
504 1499 711 1586 tenentem3
743 1501 780 1570 et
806 1496 875 1570 hee
905 1495 971 1569 sibi
996 1497 1169 1572 tradendo
1199 1501 1399 1597 Papanihil

77 1613 157 1688 dixit
172 1639 179 1688 :
197 1622 282 1712 post
316 1617 386 1692 hec
411 1621 507 1716 Papa
530 1620 595 1692 sub
618 1620 735 1694 verbis
757 1621 795 1693 in
814 1621 1010 1718 pontificali
1029 1623 1168 1719 positis,
1202 1625 1343 1699 tradidit
1365 1628 1398 1702 ei

77 1739 234 1814 vexillum
258 1764 342 1814 cnm
366 1743 476 1816 armis
496 1743 671 1835 Ecclesia,
702 1745 832 1819 deinde
855 1745 950 1818 aliud
972 1771 1053 1820 cum
1071 1747 1179 1822 armis
1196 1749 1283 1822 suis.
1303 1753 1397 1847 Pape

76 1865 238 1940 vexillum
260 1889 345 1940 cum
363 1869 472 1941 armis
490 1869 651 1944 Ecclesia
677 1871 928 1968 consignatum
951 1871 1018 1946 luit
1036 1873 1190 1947 Johanni
1206 1875 1398 1950 Francisco

76 1990 114 2064 de
138 1989 329 2066 'tolentino
358 1992 516 2068 totaliter
535 2003 688 2086 armato,
715 1995 811 2070 aliud
839 1996 981 2071 cuidam
1003 1997 1104 2073 alteri
1128 1998 1252 2091 nobili,
1269 2000 1397 2075 eodem

76 2117 176 2190 modo
191 2124 347 2192 armato.
365 2118 540 2209 Aliorum,
559 2121 668 2196 etiam
689 2121 914 2214 nobilissimi,
937 2123 1056 2198 nullus
1073 2122 1137 2198 luit
1154 2130 1327 2200 armatus.

117 2247 204 2318 Tum
220 2243 378 2318 surrexit
393 2248 436 2318 1).
455 2245 646 2337 Robertus,
664 2247 756 2345 peda
776 2248 957 2344 pontilicis
976 2273 1049 2322 non
1065 2248 1240 2340 osculato,
1265 2259 1301 2324 et
1313 2273 1397 2346 pre-

75 2370 173 2442 cessit
190 2368 400 2442 immediate
416 2391 563 2444 crucem
576 2393 585 2460 ;
598 2367 666 2444 iter
680 2376 868 2468 acceptum
885 2370 951 2444 luit
965 2395 1031 2468 per
1045 2369 1259 2447 Vaticanum
1271 2393 1397 2444 uersus

75 2495 241 2593 capellam
263 2519 293 2568 s.
315 2494 475 2586 Andree,
503 2495 563 2568 ubi
584 2517 667 2570 cum
692 2499 789 2592 Papa
817 2502 914 2570 esset
937 2519 1049 2595 prope
1073 2495 1262 2593 capellam,
1294 2497 1397 2570 cubi-

75 2621 245 2696 cularibus
266 2620 507 2712 sociantibus,
539 2627 727 2696 ostensum
749 2620 814 2694 luit
840 2628 948 2718 caput
969 2619 1218 2718 gloriosissimi
1243 2623 1395 2719 apostoli

77 2745 181 2820 sancti
208 2746 367 2820 Andree.
399 2744 538 2821 Deinde
574 2745 757 2820 exiverunt
784 2746 938 2820 ecclesia
969 2770 1110 2836 omnes,
1142 2753 1178 2821 et
1204 2750 1301 2844 Papa
1330 2746 1395 2820 sub

74 2872 203 2968 porticu
217 2871 333 2948 sancti
353 2870 450 2948 Petri
471 2869 571 2946 dedit
590 2869 775 2946 licentiam
796 2871 964 2945 omnibus
980 2870 1219 2948 cardinalibus
1234 2878 1269 2946 et
1284 2872 1393 2947 etiam

75 2997 110 3068 ll.
128 2995 297 3070 Roberto.
1401 3015 1404 3022 '

115 3121 319 3198 Cardinales
341 3122 480 3196 iverunt
502 3120 609 3194 simol
636 3141 764 3194 omnes
790 3143 873 3192 cum
901 3119 973 3193 suis
999 3121 1033 3192 in
1057 3145 1129 3195 una
1147 3129 1262 3220 parte,
1291 3131 1326 3198 et
1349 3127 1391 3198 D.

76 3249 240 3324 bobertus
258 3271 340 3322 cnm
361 3247 436 3320 suis
452 3246 490 3320 in
510 3245 597 3336 alia;
615 3252 651 3320 et
675 3251 757 3319 ante
778 3243 894 3318 scalas
913 3245 1008 3319 dicte
1034 3245 1179 3322 basilice
1195 3253 1268 3322 tam
1282 3249 1396 3322 cardi-

75 3374 164 3450 nales
177 3397 287 3472 qnam
298 3377 341 3447 b.
353 3373 647 3448 Robertussimul
660 3395 774 3470 equos
787 3373 1042 3466 ascenderunt,
1056 3373 1256 3450 cardinales
1272 3381 1393 3450 tamen

75 3497 181 3574 eitius.
210 3501 325 3576 Simul
352 3506 610 3600 processerunt
629 3499 675 3573 ad
695 3499 822 3572 domos
844 3522 928 3574 suas
949 3521 1033 3572 cum
1059 3500 1133 3573 suis
1158 3499 1394 3575 familiaribus

75 3628 277 3724 equitantes.
296 3627 434 3702 Deinde
448 3630 491 3700 D.
511 3625 691 3700 Robertns
706 3624 874 3722 equitavit
895 3634 1117 3723 cumgente.
1137 3629 1394 3701 Precessernnt

75 3751 254 3847 balistarii;
279 3759 361 3851 post
384 3777 448 3830 eos
468 3755 588 3830 aliiae
611 3755 716 3851 pauci
739 3754 879 3830 nobiles
900 3761 935 3828 et
955 3753 1121 3828 curiales.
1147 3756 1236 3826 Tum
1260 3751 1395 3827 familia

78 3877 161 3974 Papa
176 3878 549 3977 quamgsequsnanrur
570 3877 767 3968 tubicines3
792 3884 874 3975 post
892 3899 955 3950 eos
975 3876 1078 3973 pauci
1103 3877 1243 3952 nobiles
1262 3877 1393 3952 deinde

78 4003 258 4078 servientes
281 4027 484 4095 armorum3
511 4009 587 4077 tum
607 4002 679 4076 duo
702 4003 831 4077 armati
859 4007 1046 4099 portantes
1068 4001 1140 4076 duo
1164 4003 1291 4076 vexilla
1310 4027 1393 4098 pre-

78 4124 267 4228 dicta;post
281 4133 398 4204 eosl).
417 4127 990 4224 Robertussuohabitupredicto,
1002 4127 1170 4202 baculum
1182 4131 1392 4223 argenteum

78 4250 272 4350 hujusmodi
287 4241 413 4330 dextra
426 4278 534 4329 mana
549 4261 710 4352 portans,
729 4252 868 4326 medius
884 4251 977 4324 inter
992 4249 1271 4348 gubernatorem
1287 4249 1392 4322 Urbis

80 4377 232 4456 adextris
255 4388 291 4456 et
312 4381 514 4480 prefectum
536 4380 654 4470 Urbis,
675 4385 798 4454 sancte
817 4401 964 4452 romane
985 4375 1144 4450 Ecclesia
1164 4373 1392 4472 capitaneum

111 4623 132 4674 1.
152 4619 222 4679 Tella
236 4622 319 4680 astla
333 4621 410 4691 lecon
420 4621 458 4678 du
473 4638 539 4680 mss.
551 4621 634 4685 5159,
644 4636 716 4694 page
727 4619 790 4688 326,
806 4617 851 4691 qui
867 4615 969 4674 semble
984 4621 1088 4672 rentrer
1102 4614 1126 4670 le
1140 4611 1202 4686 plus
1212 4611 1282 4668 dans
1295 4611 1318 4667 le
1329 4629 1393 4704 sens

87 4709 185 4778 general
203 4711 236 4769 de
257 4711 283 4769 la
302 4712 412 4786 phrase.
427 4711 468 4768 On
483 4711 605 4788 pourrait
623 4709 670 4766 lire
692 4725 698 4764 :
721 4706 829 4779 abiegni
846 4706 891 4780 (de
908 4705 996 4778 sapin)
1010 4702 1124 4772 Gestell,
1138 4699 1240 4757 Gestiel
1255 4699 1392 4773 (colonne,

87 4805 153 4854 trono
167 4799 198 4858 de
212 4802 299 4878 sapin,
313 4817 346 4858 en
357 4801 502 4865 allemand)
518 4818 553 4856 on
568 4799 677 4873 abiegni
693 4793 856 4855 Gestellstiel
870 4793 1006 4868 (manche,
1021 4791 1062 4848 lut
1072 4791 1106 4848 de
1120 4789 1235 4846 colonos
1248 4787 1282 4844 da
1292 4787 1393 4863 sapin).

84 4885 115 4942 La
131 4905 193 4946 mss.
204 4892 285 4961 5521,
305 4891 351 4950 lol.
366 4891 431 4961 321,
446 4905 535 4958 verso,
551 4889 641 4948 donne
657 4907 664 4948 t
681 4913 696 4942 «ι
707 4889 733 4945 in
748 4889 858 4944 modurn
873 4884 1016 4943 allareni...
1032 4880 1221 4940 summitate...
1237 4901 1251 4930 s
1267 4879 1342 4935 Dans
1356 4877 1397 4934 les

89 4985 170 5035 autres
179 4997 243 5039 mss.
258 4982 283 5038 le
297 4998 416 5056 passage
432 4986 474 5037 est
483 4979 564 5037 laissa
575 4997 607 5036 en
619 4979 707 5037 blanc.
719 4979 789 5052 Voy.
800 4975 1015 5044 Muratori,Rer.
1027 4974 1096 5028 Ital.
1107 4972 1227 5042 Sosipa,
1236 4976 1256 5026 1.
1268 4969 1313 5036 lll,
1324 4986 1350 5042 p.
1363 4985 1393 5024 ιι.

91 5065 171 5124 biario
187 5069 229 5127 del
247 5071 347 5146 Notajo
360 5072 403 5128 del
420 5071 511 5141 Nant,
528 5077 591 5141 etc,
606 5069 659 5126 col.
676 5071 755 5139 111116,
771 5073 806 5124 ob
820 5067 838 5122 il
860 5073 902 5122 est
920 5064 966 5121 lait
986 5061 1102 5120 allusion
1121 5065 1137 5117 d
1158 5065 1228 5116 cette
1245 5058 1394 5132 beguai-te:

89 5179 100 5205 n
113 5173 163 5215 una
178 5159 319 5219 bacchetta
333 5161 369 5219 da
383 5167 518 5232 senatore,
536 5163 560 5218 to
575 5159 653 5236 quale
667 5175 712 5216 era
724 5165 793 5218 tutta
807 5159 882 5216 d’oro
896 5173 947 5213 con
962 5161 1036 5212 certo
1050 5153 1141 5210 lurore
1155 5151 1190 5208 da
1199 5167 1276 5224 capo.
1293 5171 1307 5199 »
