<?xml version="1.0" encoding="UTF-8"?>
<!DOCTYPE html PUBLIC "-//W3C//DTD XHTML 1.0 Transitional//EN"
    "http://www.w3.org/TR/xhtml1/DTD/xhtml1-transitional.dtd">
<html xmlns="http://www.w3.org/1999/xhtml" xml:lang="en" lang="en">
 <head>
  <title>
</title>
<meta http-equiv="Content-Type" content="text/html;charset=utf-8" />
  <meta name='ocr-system' content='tesseract 3.04.00' />
  <meta name='ocr-capabilities' content='ocr_page ocr_carea ocr_par ocr_line ocrx_word'/>
</head>
<body>
  <div class='ocr_page' id='page_1' title='image "./johannisburchar02burcgoog/johannisburchar02burcgoog_0029.png"; bbox 0 0 3600 6094; ppageno 0'>
   <div class='ocr_carea' id='block_1_1' title="bbox 367 341 1707 413">
    <p class='ocr_par' dir='ltr' id='par_1_1' title="bbox 367 341 1707 413">
     <span class='ocr_line' id='line_1_1' title="bbox 367 341 1707 413; baseline -0.01 -2"><span class='ocrx_word' id='word_1_1' title='bbox 367 357 401 412; x_wconf 79' lang='lat' dir='ltr'><strong>to</strong></span> <span class='ocrx_word' id='word_1_2' title='bbox 821 345 997 404; x_wconf 76' lang='lat' dir='ltr'><strong>JOHANMS</strong></span> <span class='ocrx_word' id='word_1_3' title='bbox 1022 341 1244 412; x_wconf 71' lang='grc' dir='ltr'><strong>00110οΑ1101,</strong></span> <span class='ocrx_word' id='word_1_4' title='bbox 1532 347 1610 410; x_wconf 79' lang='lat' dir='ltr'><strong>[nont</strong></span> <span class='ocrx_word' id='word_1_5' title='bbox 1626 349 1707 413; x_wconf 73' lang='lat' dir='ltr'><strong>ures]</strong></span> 
     </span>
    </p>
   </div>
   <div class='ocr_carea' id='block_1_2' title="bbox 364 495 1783 4860">
    <p class='ocr_par' dir='ltr' id='par_1_2' title="bbox 372 495 1709 727">
     <span class='ocr_line' id='line_1_2' title="bbox 376 495 1709 599; baseline -0.005 -21"><span class='ocrx_word' id='word_1_6' title='bbox 376 507 526 580; x_wconf 90' lang='lat' dir='ltr'><strong>missam</strong></span> <span class='ocrx_word' id='word_1_7' title='bbox 543 503 695 578; x_wconf 91' lang='lat' dir='ltr'><strong>absolvit</strong></span> <span class='ocrx_word' id='word_1_8' title='bbox 714 502 790 599; x_wconf 89' lang='lat' dir='ltr'><strong>ipse</strong></span> <span class='ocrx_word' id='word_1_9' title='bbox 811 523 895 574; x_wconf 88' lang='lat' dir='ltr'><strong>oum</strong></span> <span class='ocrx_word' id='word_1_10' title='bbox 913 505 1069 595; x_wconf 88' lang='lat' dir='ltr'><strong>quatuor</strong></span> <span class='ocrx_word' id='word_1_11' title='bbox 1085 495 1163 568; x_wconf 87' lang='lat' dir='ltr'><strong>aliis</strong></span> <span class='ocrx_word' id='word_1_12' title='bbox 1185 519 1230 570; x_wconf 84' lang='lat' dir='ltr'><strong>ex</strong></span> <span class='ocrx_word' id='word_1_13' title='bbox 1248 495 1560 572; x_wconf 82' lang='lat' dir='ltr'><strong>reverendissimis</strong></span> <span class='ocrx_word' id='word_1_14' title='bbox 1585 501 1709 574; x_wconf 88' lang='lat' dir='ltr'><strong>cardi-</strong></span> 
     </span>
     <span class='ocr_line' id='line_1_3' title="bbox 372 627 588 727; baseline -0.005 -25"><span class='ocrx_word' id='word_1_15' title='bbox 372 628 539 727; x_wconf 80' lang='lat' dir='ltr'><strong>nalibus(</strong></span> <span class='ocrx_word' id='word_1_16' title='bbox 565 627 588 726; x_wconf 71' lang='lat' dir='ltr'><strong>l.</strong></span> 
     </span>
    </p>

    <p class='ocr_par' dir='ltr' id='par_1_3' title="bbox 369 743 1708 1226">
     <span class='ocr_line' id='line_1_4' title="bbox 420 743 1708 846; baseline -0.002 -18"><span class='ocrx_word' id='word_1_17' title='bbox 420 753 526 828; x_wconf 89' lang='lat' dir='ltr'><strong>Feria</strong></span> <span class='ocrx_word' id='word_1_18' title='bbox 541 752 713 842; x_wconf 90' lang='lat' dir='ltr'><strong>secunda,</strong></span> <span class='ocrx_word' id='word_1_19' title='bbox 732 755 776 826; x_wconf 76' lang='lat'><strong>23</strong></span> <span class='ocrx_word' id='word_1_20' title='bbox 801 748 957 846; x_wconf 76' lang='lat' dir='ltr'><strong>augusti,</strong></span> <span class='ocrx_word' id='word_1_21' title='bbox 974 746 1011 820; x_wconf 90' lang='lat' dir='ltr'><strong>in</strong></span> <span class='ocrx_word' id='word_1_22' title='bbox 1032 744 1162 820; x_wconf 88' lang='lat' dir='ltr'><strong>eodem</strong></span> <span class='ocrx_word' id='word_1_23' title='bbox 1182 743 1285 818; x_wconf 90' lang='lat' dir='ltr'><strong>altari</strong></span> <span class='ocrx_word' id='word_1_24' title='bbox 1305 749 1428 819; x_wconf 86' lang='lat' dir='ltr'><strong>Rmus.</strong></span> <span class='ocrx_word' id='word_1_25' title='bbox 1444 753 1488 822; x_wconf 88' lang='lat' dir='ltr'><strong>D.</strong></span> <span class='ocrx_word' id='word_1_26' title='bbox 1510 753 1708 828; x_wconf 77' lang='lat' dir='ltr'><strong>cardinalis</strong></span> 
     </span>
     <span class='ocr_line' id='line_1_5' title="bbox 369 870 1704 971; baseline -0.001 -17"><span class='ocrx_word' id='word_1_27' title='bbox 369 880 609 954; x_wconf 71' lang='lat' dir='ltr'><strong>amalfitanus</strong></span> <span class='ocrx_word' id='word_1_28' title='bbox 624 875 819 952; x_wconf 87' lang='lat' dir='ltr'><strong>celebravit</strong></span> <span class='ocrx_word' id='word_1_29' title='bbox 832 875 980 948; x_wconf 90' lang='lat' dir='ltr'><strong>missam</strong></span> <span class='ocrx_word' id='word_1_30' title='bbox 999 870 1180 968; x_wconf 82' lang='lat' dir='ltr'><strong>publicam</strong></span> <span class='ocrx_word' id='word_1_31' title='bbox 1195 893 1260 967; x_wconf 89' lang='lat' dir='ltr'><strong>pro</strong></span> <span class='ocrx_word' id='word_1_32' title='bbox 1278 871 1399 947; x_wconf 89' lang='lat' dir='ltr'><strong>anima</strong></span> <span class='ocrx_word' id='word_1_33' title='bbox 1414 874 1581 971; x_wconf 90' lang='lat' dir='ltr'><strong>ejusdem</strong></span> <span class='ocrx_word' id='word_1_34' title='bbox 1597 878 1704 962; x_wconf 84' lang='lat' dir='ltr'><strong>Sixti,</strong></span> 
     </span>
     <span class='ocr_line' id='line_1_6' title="bbox 371 995 1705 1103; baseline -0.004 -23"><span class='ocrx_word' id='word_1_35' title='bbox 371 1013 407 1081; x_wconf 91' lang='lat' dir='ltr'><strong>et</strong></span> <span class='ocrx_word' id='word_1_36' title='bbox 426 1011 507 1103; x_wconf 88' lang='lat' dir='ltr'><strong>post</strong></span> <span class='ocrx_word' id='word_1_37' title='bbox 526 1004 674 1076; x_wconf 92' lang='lat' dir='ltr'><strong>missam</strong></span> <span class='ocrx_word' id='word_1_38' title='bbox 700 1001 850 1075; x_wconf 88' lang='lat' dir='ltr'><strong>absolvit</strong></span> <span class='ocrx_word' id='word_1_39' title='bbox 868 999 945 1096; x_wconf 92' lang='lat' dir='ltr'><strong>ipse</strong></span> <span class='ocrx_word' id='word_1_40' title='bbox 961 1020 1044 1070; x_wconf 89' lang='lat' dir='ltr'><strong>cum</strong></span> <span class='ocrx_word' id='word_1_41' title='bbox 1065 1001 1221 1092; x_wconf 90' lang='lat' dir='ltr'><strong>quatuor</strong></span> <span class='ocrx_word' id='word_1_42' title='bbox 1235 995 1305 1069; x_wconf 91' lang='lat' dir='ltr'><strong>illis</strong></span> <span class='ocrx_word' id='word_1_43' title='bbox 1325 1021 1370 1071; x_wconf 86' lang='lat' dir='ltr'><strong>ex</strong></span> <span class='ocrx_word' id='word_1_44' title='bbox 1391 1001 1705 1075; x_wconf 81' lang='lat' dir='ltr'><strong>reverendissimis</strong></span> 
     </span>
     <span class='ocr_line' id='line_1_7' title="bbox 371 1123 1033 1226; baseline -0.017 -21"><span class='ocrx_word' id='word_1_45' title='bbox 371 1131 527 1205; x_wconf 91' lang='lat' dir='ltr'><strong>dominis</strong></span> <span class='ocrx_word' id='word_1_46' title='bbox 541 1127 763 1226; x_wconf 81' lang='lat' dir='ltr'><strong>presbyteris</strong></span> <span class='ocrx_word' id='word_1_47' title='bbox 778 1123 1033 1200; x_wconf 78' lang='lat' dir='ltr'><strong>cardinalibus.</strong></span> 
     </span>
    </p>

    <p class='ocr_par' dir='ltr' id='par_1_4' title="bbox 369 1248 1781 2100">
     <span class='ocr_line' id='line_1_8' title="bbox 420 1248 1704 1349; baseline -0.003 -19"><span class='ocrx_word' id='word_1_48' title='bbox 420 1256 555 1330; x_wconf 83' lang='lat' dir='ltr'><strong>Eadem</strong></span> <span class='ocrx_word' id='word_1_49' title='bbox 582 1254 655 1344; x_wconf 91' lang='lat' dir='ltr'><strong>die,</strong></span> <span class='ocrx_word' id='word_1_50' title='bbox 678 1255 825 1349; x_wconf 88' lang='lat' dir='ltr'><strong>incepta</strong></span> <span class='ocrx_word' id='word_1_51' title='bbox 849 1250 914 1324; x_wconf 85' lang='lat' dir='ltr'><strong>luit</strong></span> <span class='ocrx_word' id='word_1_52' title='bbox 941 1255 1122 1322; x_wconf 88' lang='lat' dir='ltr'><strong>structura</strong></span> <span class='ocrx_word' id='word_1_53' title='bbox 1148 1248 1332 1322; x_wconf 88' lang='lat' dir='ltr'><strong>conclavis</strong></span> <span class='ocrx_word' id='word_1_54' title='bbox 1358 1250 1403 1322; x_wconf 91' lang='lat' dir='ltr'><strong>ad</strong></span> <span class='ocrx_word' id='word_1_55' title='bbox 1434 1251 1704 1326; x_wconf 86' lang='lat' dir='ltr'><strong>ordinationem</strong></span> 
     </span>
     <span class='ocr_line' id='line_1_9' title="bbox 372 1374 1705 1474; baseline -0.004 -18"><span class='ocrx_word' id='word_1_56' title='bbox 372 1387 590 1457; x_wconf 80' lang='lat' dir='ltr'><strong>thmorum.</strong></span> <span class='ocrx_word' id='word_1_57' title='bbox 615 1383 690 1454; x_wconf 86' lang='lat' dir='ltr'><strong>DD.</strong></span> <span class='ocrx_word' id='word_1_58' title='bbox 713 1377 904 1452; x_wconf 88' lang='lat' dir='ltr'><strong>camerarii</strong></span> <span class='ocrx_word' id='word_1_59' title='bbox 925 1381 961 1450; x_wconf 94' lang='lat' dir='ltr'><strong>et</strong></span> <span class='ocrx_word' id='word_1_60' title='bbox 981 1375 1095 1448; x_wconf 90' lang='lat' dir='ltr'><strong>sancti</strong></span> <span class='ocrx_word' id='word_1_61' title='bbox 1117 1374 1228 1447; x_wconf 90' lang='lat' dir='ltr'><strong>Marci</strong></span> <span class='ocrx_word' id='word_1_62' title='bbox 1249 1375 1485 1448; x_wconf 85' lang='lat' dir='ltr'><strong>cardinalium</strong></span> <span class='ocrx_word' id='word_1_63' title='bbox 1505 1376 1541 1448; x_wconf 94' lang='lat' dir='ltr'><strong>in</strong></span> <span class='ocrx_word' id='word_1_64' title='bbox 1562 1379 1705 1474; x_wconf 90' lang='lat' dir='ltr'><strong>capella</strong></span> 
     </span>
     <span class='ocr_line' id='line_1_10' title="bbox 369 1499 1704 1604; baseline -0.004 -23"><span class='ocrx_word' id='word_1_65' title='bbox 369 1509 521 1604; x_wconf 87' lang='lat' dir='ltr'><strong>majore,</strong></span> <span class='ocrx_word' id='word_1_66' title='bbox 548 1511 654 1602; x_wconf 89' lang='lat' dir='ltr'><strong>prout</strong></span> <span class='ocrx_word' id='word_1_67' title='bbox 671 1503 764 1576; x_wconf 89' lang='lat' dir='ltr'><strong>insra</strong></span> <span class='ocrx_word' id='word_1_68' title='bbox 782 1502 888 1575; x_wconf 90' lang='lat' dir='ltr'><strong>latius</strong></span> <span class='ocrx_word' id='word_1_69' title='bbox 910 1501 1067 1585; x_wconf 66' lang='lat' dir='ltr'><strong>dicatum</strong></span> <span class='ocrx_word' id='word_1_70' title='bbox 1092 1500 1151 1596; x_wconf 92' lang='lat' dir='ltr'><strong>qui</strong></span> <span class='ocrx_word' id='word_1_71' title='bbox 1177 1499 1249 1573; x_wconf 93' lang='lat' dir='ltr'><strong>duo</strong></span> <span class='ocrx_word' id='word_1_72' title='bbox 1274 1499 1489 1591; x_wconf 90' lang='lat' dir='ltr'><strong>cardinales,</strong></span> <span class='ocrx_word' id='word_1_73' title='bbox 1504 1525 1570 1597; x_wconf 85' lang='lat' dir='ltr'><strong>per</strong></span> <span class='ocrx_word' id='word_1_74' title='bbox 1590 1503 1704 1576; x_wconf 91' lang='lat' dir='ltr'><strong>colle-</strong></span> 
     </span>
     <span class='ocr_line' id='line_1_11' title="bbox 371 1624 1704 1730; baseline -0.004 -25"><span class='ocrx_word' id='word_1_75' title='bbox 371 1633 470 1730; x_wconf 85' lang='lat' dir='ltr'><strong>gium</strong></span> <span class='ocrx_word' id='word_1_76' title='bbox 491 1631 536 1705; x_wconf 91' lang='lat' dir='ltr'><strong>ad</strong></span> <span class='ocrx_word' id='word_1_77' title='bbox 553 1631 624 1704; x_wconf 88' lang='lat' dir='ltr'><strong>hoc</strong></span> <span class='ocrx_word' id='word_1_78' title='bbox 645 1628 812 1712; x_wconf 85' lang='lat' dir='ltr'><strong>ordinati,</strong></span> <span class='ocrx_word' id='word_1_79' title='bbox 831 1627 1061 1724; x_wconf 81' lang='lat' dir='ltr'><strong>prefecerunt</strong></span> <span class='ocrx_word' id='word_1_80' title='bbox 1079 1631 1259 1699; x_wconf 88' lang='lat' dir='ltr'><strong>structure</strong></span> <span class='ocrx_word' id='word_1_81' title='bbox 1278 1624 1489 1722; x_wconf 87' lang='lat' dir='ltr'><strong>hujusmodi</strong></span> <span class='ocrx_word' id='word_1_82' title='bbox 1505 1627 1704 1701; x_wconf 86' lang='lat' dir='ltr'><strong>Falconem</strong></span> 
     </span>
     <span class='ocr_line' id='line_1_12' title="bbox 372 1750 1705 1850; baseline -0.006 -19"><span class='ocrx_word' id='word_1_83' title='bbox 372 1759 417 1831; x_wconf 90' lang='lat' dir='ltr'><strong>de</strong></span> <span class='ocrx_word' id='word_1_84' title='bbox 437 1754 630 1830; x_wconf 88' lang='lat' dir='ltr'><strong>Sinibaldis</strong></span> <span class='ocrx_word' id='word_1_85' title='bbox 647 1753 742 1828; x_wconf 91' lang='lat' dir='ltr'><strong>sedis</strong></span> <span class='ocrx_word' id='word_1_86' title='bbox 761 1751 958 1850; x_wconf 89' lang='lat' dir='ltr'><strong>apostolice</strong></span> <span class='ocrx_word' id='word_1_87' title='bbox 973 1750 1276 1847; x_wconf 72' lang='lat' dir='ltr'><strong>protonotarium,</strong></span> <span class='ocrx_word' id='word_1_88' title='bbox 1293 1751 1657 1844; x_wconf 89' lang='lat' dir='ltr'><strong>vicethesaurarium,</strong></span> <span class='ocrx_word' id='word_1_89' title='bbox 1671 1761 1705 1827; x_wconf 88' lang='lat' dir='ltr'><strong>et</strong></span> 
     </span>
     <span class='ocr_line' id='line_1_13' title="bbox 370 1875 1704 1976; baseline -0.001 -22"><span class='ocrx_word' id='word_1_90' title='bbox 370 1880 559 1954; x_wconf 89' lang='lat' dir='ltr'><strong>dominum</strong></span> <span class='ocrx_word' id='word_1_91' title='bbox 583 1878 804 1953; x_wconf 89' lang='lat' dir='ltr'><strong>Ludovicum</strong></span> <span class='ocrx_word' id='word_1_92' title='bbox 828 1877 872 1950; x_wconf 92' lang='lat' dir='ltr'><strong>de</strong></span> <span class='ocrx_word' id='word_1_93' title='bbox 898 1875 1058 1973; x_wconf 83' lang='lat' dir='ltr'><strong>Agnellis</strong></span> <span class='ocrx_word' id='word_1_94' title='bbox 1084 1876 1195 1950; x_wconf 91' lang='lat' dir='ltr'><strong>etiam</strong></span> <span class='ocrx_word' id='word_1_95' title='bbox 1220 1877 1385 1973; x_wconf 91' lang='lat' dir='ltr'><strong>ejusdem</strong></span> <span class='ocrx_word' id='word_1_96' title='bbox 1410 1878 1506 1951; x_wconf 87' lang='lat' dir='ltr'><strong>sedis</strong></span> <span class='ocrx_word' id='word_1_97' title='bbox 1528 1885 1704 1976; x_wconf 93' lang='lat' dir='ltr'><strong>protono·</strong></span> 
     </span>
     <span class='ocr_line' id='line_1_14' title="bbox 370 2001 1461 2100; baseline -0.007 -18"><span class='ocrx_word' id='word_1_98' title='bbox 370 2007 500 2082; x_wconf 89' lang='lat' dir='ltr'><strong>tarium</strong></span> <span class='ocrx_word' id='word_1_99' title='bbox 516 2012 552 2081; x_wconf 86' lang='lat' dir='ltr'><strong>et</strong></span> <span class='ocrx_word' id='word_1_100' title='bbox 567 2028 711 2080; x_wconf 85' lang='lat' dir='ltr'><strong>camere</strong></span> <span class='ocrx_word' id='word_1_101' title='bbox 727 2003 924 2100; x_wconf 89' lang='lat' dir='ltr'><strong>apostolice</strong></span> <span class='ocrx_word' id='word_1_102' title='bbox 938 2001 1122 2092; x_wconf 89' lang='lat' dir='ltr'><strong>clericum,</strong></span> <span class='ocrx_word' id='word_1_103' title='bbox 1139 2001 1279 2076; x_wconf 91' lang='lat' dir='ltr'><strong>sibene</strong></span> <span class='ocrx_word' id='word_1_104' title='bbox 1296 2002 1461 2077; x_wconf 90' lang='lat' dir='ltr'><strong>memini.</strong></span> 
     </span>
    </p>

    <p class='ocr_par' dir='ltr' id='par_1_5' title="bbox 364 2125 1782 3584">
     <span class='ocr_line' id='line_1_15' title="bbox 420 2125 1703 2227; baseline -0.002 -21"><span class='ocrx_word' id='word_1_105' title='bbox 420 2139 462 2207; x_wconf 86' lang='lat' dir='ltr'><strong>Et</strong></span> <span class='ocrx_word' id='word_1_106' title='bbox 494 2131 666 2227; x_wconf 89' lang='lat' dir='ltr'><strong>quoniam</strong></span> <span class='ocrx_word' id='word_1_107' title='bbox 701 2137 858 2204; x_wconf 90' lang='lat' dir='ltr'><strong>castrum</strong></span> <span class='ocrx_word' id='word_1_108' title='bbox 891 2127 1006 2202; x_wconf 87' lang='lat' dir='ltr'><strong>sancti</strong></span> <span class='ocrx_word' id='word_1_109' title='bbox 1033 2125 1161 2224; x_wconf 86' lang='lat' dir='ltr'><strong>Angeli</strong></span> <span class='ocrx_word' id='word_1_110' title='bbox 1195 2127 1313 2202; x_wconf 91' lang='lat' dir='ltr'><strong>adbuc</strong></span> <span class='ocrx_word' id='word_1_111' title='bbox 1346 2135 1423 2202; x_wconf 91' lang='lat' dir='ltr'><strong>erat</strong></span> <span class='ocrx_word' id='word_1_112' title='bbox 1457 2129 1493 2202; x_wconf 91' lang='lat' dir='ltr'><strong>in</strong></span> <span class='ocrx_word' id='word_1_113' title='bbox 1533 2132 1703 2204; x_wconf 91' lang='lat' dir='ltr'><strong>manibus</strong></span> 
     </span>
     <span class='ocr_line' id='line_1_16' title="bbox 370 2252 1703 2354; baseline -0.002 -21"><span class='ocrx_word' id='word_1_114' title='bbox 370 2257 511 2334; x_wconf 90' lang='lat' dir='ltr'><strong>comitis</strong></span> <span class='ocrx_word' id='word_1_115' title='bbox 526 2255 750 2354; x_wconf 84' lang='lat' dir='ltr'><strong>Hieronymi,</strong></span> <span class='ocrx_word' id='word_1_116' title='bbox 767 2253 909 2352; x_wconf 90' lang='lat' dir='ltr'><strong>nepotis</strong></span> <span class='ocrx_word' id='word_1_117' title='bbox 923 2252 982 2327; x_wconf 90' lang='lat' dir='ltr'><strong>lel.</strong></span> <span class='ocrx_word' id='word_1_118' title='bbox 1001 2275 1075 2326; x_wconf 88' lang='lat' dir='ltr'><strong>reo.</strong></span> <span class='ocrx_word' id='word_1_119' title='bbox 1095 2252 1184 2326; x_wconf 89' lang='lat' dir='ltr'><strong>Sixti</strong></span> <span class='ocrx_word' id='word_1_120' title='bbox 1200 2275 1293 2349; x_wconf 93' lang='lat' dir='ltr'><strong>pape</strong></span> <span class='ocrx_word' id='word_1_121' title='bbox 1310 2253 1442 2349; x_wconf 91' lang='lat' dir='ltr'><strong>quarti,</strong></span> <span class='ocrx_word' id='word_1_122' title='bbox 1458 2255 1519 2351; x_wconf 90' lang='lat' dir='ltr'><strong>qui</strong></span> <span class='ocrx_word' id='word_1_123' title='bbox 1538 2258 1703 2354; x_wconf 89' lang='lat' dir='ltr'><strong>superio-</strong></span> 
     </span>
     <span class='ocr_line' id='line_1_17' title="bbox 370 2376 1701 2469; baseline -0.003 -11"><span class='ocrx_word' id='word_1_124' title='bbox 370 2385 469 2458; x_wconf 90' lang='lat' dir='ltr'><strong>ribus</strong></span> <span class='ocrx_word' id='word_1_125' title='bbox 484 2382 613 2458; x_wconf 91' lang='lat' dir='ltr'><strong>diebus</strong></span> <span class='ocrx_word' id='word_1_126' title='bbox 635 2381 770 2456; x_wconf 95' lang='lat' dir='ltr'><strong>bellum</strong></span> <span class='ocrx_word' id='word_1_127' title='bbox 791 2378 1093 2454; x_wconf 85' lang='lat' dir='ltr'><strong>Columnensibus</strong></span> <span class='ocrx_word' id='word_1_128' title='bbox 1109 2376 1300 2469; x_wconf 85' lang='lat' dir='ltr'><strong>indixerat,</strong></span> <span class='ocrx_word' id='word_1_129' title='bbox 1314 2379 1511 2455; x_wconf 90' lang='lat' dir='ltr'><strong>noluerunt</strong></span> <span class='ocrx_word' id='word_1_130' title='bbox 1532 2403 1701 2456; x_wconf 86' lang='lat' dir='ltr'><strong>reveren-</strong></span> 
     </span>
     <span class='ocr_line' id='line_1_18' title="bbox 369 2503 1701 2596; baseline -0.002 -13"><span class='ocrx_word' id='word_1_131' title='bbox 369 2510 507 2584; x_wconf 90' lang='lat' dir='ltr'><strong>dissimi</strong></span> <span class='ocrx_word' id='word_1_132' title='bbox 522 2507 659 2581; x_wconf 91' lang='lat' dir='ltr'><strong>domini</strong></span> <span class='ocrx_word' id='word_1_133' title='bbox 677 2507 721 2581; x_wconf 89' lang='lat' dir='ltr'><strong>de</strong></span> <span class='ocrx_word' id='word_1_134' title='bbox 738 2505 904 2596; x_wconf 89' lang='lat' dir='ltr'><strong>Sabellis,</strong></span> <span class='ocrx_word' id='word_1_135' title='bbox 925 2504 970 2579; x_wconf 92' lang='lat' dir='ltr'><strong>de</strong></span> <span class='ocrx_word' id='word_1_136' title='bbox 988 2503 1163 2578; x_wconf 86' lang='lat' dir='ltr'><strong>Columna</strong></span> <span class='ocrx_word' id='word_1_137' title='bbox 1179 2509 1216 2578; x_wconf 89' lang='lat' dir='ltr'><strong>et</strong></span> <span class='ocrx_word' id='word_1_138' title='bbox 1236 2503 1350 2578; x_wconf 91' lang='lat' dir='ltr'><strong>sancti</strong></span> <span class='ocrx_word' id='word_1_139' title='bbox 1369 2505 1464 2578; x_wconf 85' lang='lat' dir='ltr'><strong>Petri</strong></span> <span class='ocrx_word' id='word_1_140' title='bbox 1478 2505 1524 2580; x_wconf 92' lang='lat' dir='ltr'><strong>ad</strong></span> <span class='ocrx_word' id='word_1_141' title='bbox 1542 2507 1701 2580; x_wconf 87' lang='lat' dir='ltr'><strong>Vincula</strong></span> 
     </span>
     <span class='ocr_line' id='line_1_19' title="bbox 369 2628 1782 2734; baseline -0.004 -24"><span class='ocrx_word' id='word_1_142' title='bbox 369 2633 585 2723; x_wconf 85' lang='lat' dir='ltr'><strong>cardinales,</strong></span> <span class='ocrx_word' id='word_1_143' title='bbox 610 2631 725 2728; x_wconf 87' lang='lat' dir='ltr'><strong>etqui</strong></span> <span class='ocrx_word' id='word_1_144' title='bbox 749 2653 876 2706; x_wconf 90' lang='lat' dir='ltr'><strong>eorum</strong></span> <span class='ocrx_word' id='word_1_145' title='bbox 899 2637 1040 2727; x_wconf 89' lang='lat' dir='ltr'><strong>partem</strong></span> <span class='ocrx_word' id='word_1_146' title='bbox 1065 2628 1247 2719; x_wconf 83' lang='lat' dir='ltr'><strong>fovebant,</strong></span> <span class='ocrx_word' id='word_1_147' title='bbox 1269 2630 1464 2704; x_wconf 89' lang='lat' dir='ltr'><strong>admissas</strong></span> <span class='ocrx_word' id='word_1_148' title='bbox 1489 2631 1700 2728; x_wconf 86' lang='lat' dir='ltr'><strong>exequiales</strong></span> <span class='ocrx_word' id='word_1_149' title='bbox 1781 2731 1782 2734; x_wconf 8' lang='grc' dir='ltr'><strong>Ἴ</strong></span> 
     </span>
     <span class='ocr_line' id='line_1_20' title="bbox 369 2754 1699 2858; baseline -0.002 -26"><span class='ocrx_word' id='word_1_150' title='bbox 369 2759 549 2858; x_wconf 89' lang='lat' dir='ltr'><strong>predictas</strong></span> <span class='ocrx_word' id='word_1_151' title='bbox 570 2757 707 2846; x_wconf 91' lang='lat' dir='ltr'><strong>venire,</strong></span> <span class='ocrx_word' id='word_1_152' title='bbox 727 2763 932 2831; x_wconf 89' lang='lat' dir='ltr'><strong>asserentes</strong></span> <span class='ocrx_word' id='word_1_153' title='bbox 948 2754 1015 2830; x_wconf 89' lang='lat' dir='ltr'><strong>sibi</strong></span> <span class='ocrx_word' id='word_1_154' title='bbox 1035 2761 1151 2830; x_wconf 91' lang='lat' dir='ltr'><strong>tutum</strong></span> <span class='ocrx_word' id='word_1_155' title='bbox 1169 2778 1242 2829; x_wconf 92' lang='lat' dir='ltr'><strong>non</strong></span> <span class='ocrx_word' id='word_1_156' title='bbox 1262 2761 1386 2852; x_wconf 88' lang='lat' dir='ltr'><strong>patere</strong></span> <span class='ocrx_word' id='word_1_157' title='bbox 1409 2779 1610 2848; x_wconf 87' lang='lat' dir='ltr'><strong>accessum,</strong></span> <span class='ocrx_word' id='word_1_158' title='bbox 1628 2757 1699 2830; x_wconf 89' lang='lat' dir='ltr'><strong>nisi</strong></span> 
     </span>
     <span class='ocr_line' id='line_1_21' title="bbox 368 2880 1700 2982; baseline -0.004 -22"><span class='ocrx_word' id='word_1_159' title='bbox 368 2891 524 2960; x_wconf 88' lang='lat' dir='ltr'><strong>castrum</strong></span> <span class='ocrx_word' id='word_1_160' title='bbox 546 2883 748 2982; x_wconf 89' lang='lat' dir='ltr'><strong>predictum</strong></span> <span class='ocrx_word' id='word_1_161' title='bbox 770 2881 924 2977; x_wconf 78' lang='lat' dir='ltr'><strong>collegio</strong></span> <span class='ocrx_word' id='word_1_162' title='bbox 945 2880 1181 2955; x_wconf 90' lang='lat' dir='ltr'><strong>cardinalium</strong></span> <span class='ocrx_word' id='word_1_163' title='bbox 1205 2881 1471 2978; x_wconf 82' lang='lat' dir='ltr'><strong>assignaretur3</strong></span> <span class='ocrx_word' id='word_1_164' title='bbox 1495 2881 1593 2980; x_wconf 93' lang='lat' dir='ltr'><strong>quod</strong></span> <span class='ocrx_word' id='word_1_165' title='bbox 1617 2889 1700 2958; x_wconf 87' lang='lat' dir='ltr'><strong>tan·</strong></span> 
     </span>
     <span class='ocr_line' id='line_1_22' title="bbox 367 3005 1699 3106; baseline -0.002 -22"><span class='ocrx_word' id='word_1_166' title='bbox 367 3011 451 3086; x_wconf 91' lang='lat' dir='ltr'><strong>dem</strong></span> <span class='ocrx_word' id='word_1_167' title='bbox 469 3009 536 3083; x_wconf 90' lang='lat' dir='ltr'><strong>luit</strong></span> <span class='ocrx_word' id='word_1_168' title='bbox 555 3007 708 3106; x_wconf 85' lang='lat' dir='ltr'><strong>collegio</strong></span> <span class='ocrx_word' id='word_1_169' title='bbox 729 3005 965 3106; x_wconf 86' lang='lat' dir='ltr'><strong>assignatum,</strong></span> <span class='ocrx_word' id='word_1_170' title='bbox 982 3005 1020 3079; x_wconf 92' lang='lat' dir='ltr'><strong>in</strong></span> <span class='ocrx_word' id='word_1_171' title='bbox 1043 3029 1113 3102; x_wconf 93' lang='lat' dir='ltr'><strong>quo</strong></span> <span class='ocrx_word' id='word_1_172' title='bbox 1132 3007 1253 3105; x_wconf 87' lang='lat' dir='ltr'><strong>posuit</strong></span> <span class='ocrx_word' id='word_1_173' title='bbox 1270 3007 1506 3082; x_wconf 87' lang='lat' dir='ltr'><strong>castellanum</strong></span> <span class='ocrx_word' id='word_1_174' title='bbox 1527 3031 1699 3083; x_wconf 87' lang='lat' dir='ltr'><strong>reveren-</strong></span> 
     </span>
     <span class='ocr_line' id='line_1_23' title="bbox 367 3131 1697 3230; baseline -0.002 -20"><span class='ocrx_word' id='word_1_175' title='bbox 367 3136 555 3210; x_wconf 91' lang='lat' dir='ltr'><strong>dissimum</strong></span> <span class='ocrx_word' id='word_1_176' title='bbox 586 3133 622 3206; x_wconf 92' lang='lat' dir='ltr'><strong>in</strong></span> <span class='ocrx_word' id='word_1_177' title='bbox 653 3132 795 3206; x_wconf 82' lang='lat' dir='ltr'><strong>Christo</strong></span> <span class='ocrx_word' id='word_1_178' title='bbox 823 3137 964 3229; x_wconf 88' lang='lat' dir='ltr'><strong>patrem</strong></span> <span class='ocrx_word' id='word_1_179' title='bbox 989 3131 1176 3204; x_wconf 92' lang='lat' dir='ltr'><strong>dominum</strong></span> <span class='ocrx_word' id='word_1_180' title='bbox 1205 3133 1416 3230; x_wconf 86' lang='lat' dir='ltr'><strong>episcopum</strong></span> <span class='ocrx_word' id='word_1_181' title='bbox 1443 3133 1697 3208; x_wconf 88' lang='lat' dir='ltr'><strong>Tudertinum.</strong></span> 
     </span>
     <span class='ocr_line' id='line_1_24' title="bbox 366 3256 1696 3356; baseline -0.004 -18"><span class='ocrx_word' id='word_1_182' title='bbox 366 3265 555 3338; x_wconf 90' lang='lat' dir='ltr'><strong>Venerunt</strong></span> <span class='ocrx_word' id='word_1_183' title='bbox 574 3258 704 3333; x_wconf 90' lang='lat' dir='ltr'><strong>deinde</strong></span> <span class='ocrx_word' id='word_1_184' title='bbox 725 3257 855 3354; x_wconf 82' lang='lat' dir='ltr'><strong>prelati</strong></span> <span class='ocrx_word' id='word_1_185' title='bbox 877 3257 1001 3330; x_wconf 81' lang='lat' dir='ltr'><strong>numi.</strong></span> <span class='ocrx_word' id='word_1_186' title='bbox 1025 3256 1225 3331; x_wconf 88' lang='lat' dir='ltr'><strong>cardinales</strong></span> <span class='ocrx_word' id='word_1_187' title='bbox 1250 3258 1296 3331; x_wconf 93' lang='lat' dir='ltr'><strong>ad</strong></span> <span class='ocrx_word' id='word_1_188' title='bbox 1316 3258 1445 3333; x_wconf 92' lang='lat' dir='ltr'><strong>missas</strong></span> <span class='ocrx_word' id='word_1_189' title='bbox 1471 3259 1696 3356; x_wconf 86' lang='lat' dir='ltr'><strong>exequiales,</strong></span> 
     </span>
     <span class='ocr_line' id='line_1_25' title="bbox 366 3380 1700 3483; baseline -0.003 -21"><span class='ocrx_word' id='word_1_190' title='bbox 366 3387 568 3482; x_wconf 89' lang='lat' dir='ltr'><strong>equitantes</strong></span> <span class='ocrx_word' id='word_1_191' title='bbox 585 3390 657 3458; x_wconf 90' lang='lat' dir='ltr'><strong>tam</strong></span> <span class='ocrx_word' id='word_1_192' title='bbox 671 3383 850 3457; x_wconf 91' lang='lat' dir='ltr'><strong>veniendo</strong></span> <span class='ocrx_word' id='word_1_193' title='bbox 866 3383 910 3455; x_wconf 88' lang='lat' dir='ltr'><strong>ad</strong></span> <span class='ocrx_word' id='word_1_194' title='bbox 922 3381 1051 3455; x_wconf 90' lang='lat' dir='ltr'><strong>missas</strong></span> <span class='ocrx_word' id='word_1_195' title='bbox 1060 3380 1282 3480; x_wconf 87' lang='lat' dir='ltr'><strong>hujusmodi,</strong></span> <span class='ocrx_word' id='word_1_196' title='bbox 1296 3407 1406 3480; x_wconf 91' lang='lat' dir='ltr'><strong>quam</strong></span> <span class='ocrx_word' id='word_1_197' title='bbox 1419 3385 1620 3476; x_wconf 90' lang='lat' dir='ltr'><strong>redeundo,</strong></span> <span class='ocrx_word' id='word_1_198' title='bbox 1630 3409 1700 3483; x_wconf 90' lang='lat' dir='ltr'><strong>per</strong></span> 
     </span>
     <span class='ocr_line' id='line_1_26' title="bbox 364 3487 1388 3584; baseline -0.003 -2"><span class='ocrx_word' id='word_1_199' title='bbox 364 3511 456 3584; x_wconf 91' lang='lat' dir='ltr'><strong>viam</strong></span> <span class='ocrx_word' id='word_1_200' title='bbox 472 3507 777 3584; x_wconf 83' lang='lat' dir='ltr'><strong>transtiberinam.</strong></span> <span class='ocrx_word' id='word_1_201' title='bbox 1384 3487 1388 3496; x_wconf 60' lang='grc'><strong>’</strong></span> 
     </span>
    </p>

    <p class='ocr_par' dir='ltr' id='par_1_6' title="bbox 364 3631 1783 4352">
     <span class='ocr_line' id='line_1_27' title="bbox 413 3631 1699 3729; baseline 0.004 -20"><span class='ocrx_word' id='word_1_202' title='bbox 413 3636 476 3709; x_wconf 85' lang='lat' dir='ltr'><strong>His</strong></span> <span class='ocrx_word' id='word_1_203' title='bbox 498 3633 640 3718; x_wconf 89' lang='lat' dir='ltr'><strong>diebus,</strong></span> <span class='ocrx_word' id='word_1_204' title='bbox 658 3638 782 3707; x_wconf 77' lang='lat' dir='ltr'><strong>Rmus</strong></span> <span class='ocrx_word' id='word_1_205' title='bbox 806 3632 842 3705; x_wconf 93' lang='lat' dir='ltr'><strong>in</strong></span> <span class='ocrx_word' id='word_1_206' title='bbox 860 3631 1004 3705; x_wconf 86' lang='lat' dir='ltr'><strong>Christo</strong></span> <span class='ocrx_word' id='word_1_207' title='bbox 1025 3637 1183 3729; x_wconf 88' lang='lat' dir='ltr'><strong>pateret</strong></span> <span class='ocrx_word' id='word_1_208' title='bbox 1203 3632 1370 3707; x_wconf 89' lang='lat' dir='ltr'><strong>dominus</strong></span> <span class='ocrx_word' id='word_1_209' title='bbox 1390 3636 1566 3710; x_wconf 86' lang='lat' dir='ltr'><strong>Ascanius</strong></span> <span class='ocrx_word' id='word_1_210' title='bbox 1584 3641 1699 3714; x_wconf 90' lang='lat' dir='ltr'><strong>Maria</strong></span> 
     </span>
     <span class='ocr_line' id='line_1_28' title="bbox 365 3756 1697 3855; baseline 0.002 -21"><span class='ocrx_word' id='word_1_211' title='bbox 365 3761 480 3835; x_wconf 87' lang='lat' dir='ltr'><strong>sancti</strong></span> <span class='ocrx_word' id='word_1_212' title='bbox 501 3760 575 3836; x_wconf 91' lang='lat' dir='ltr'><strong>Viti</strong></span> <span class='ocrx_word' id='word_1_213' title='bbox 604 3764 639 3832; x_wconf 87' lang='lat' dir='ltr'><strong>et</strong></span> <span class='ocrx_word' id='word_1_214' title='bbox 659 3756 811 3832; x_wconf 87' lang='lat' dir='ltr'><strong>Modesti</strong></span> <span class='ocrx_word' id='word_1_215' title='bbox 836 3763 1036 3855; x_wconf 83' lang='lat' dir='ltr'><strong>martyrum</strong></span> <span class='ocrx_word' id='word_1_216' title='bbox 1059 3756 1097 3830; x_wconf 90' lang='lat' dir='ltr'><strong>iu</strong></span> <span class='ocrx_word' id='word_1_217' title='bbox 1121 3757 1288 3846; x_wconf 91' lang='lat' dir='ltr'><strong>Macello,</strong></span> <span class='ocrx_word' id='word_1_218' title='bbox 1310 3757 1485 3832; x_wconf 90' lang='lat' dir='ltr'><strong>diaconus</strong></span> <span class='ocrx_word' id='word_1_219' title='bbox 1505 3761 1697 3838; x_wconf 88' lang='lat' dir='ltr'><strong>cardinalis</strong></span> 
     </span>
     <span class='ocr_line' id='line_1_29' title="bbox 364 3865 1783 3964; baseline 0.002 -4"><span class='ocrx_word' id='word_1_220' title='bbox 364 3887 498 3960; x_wconf 88' lang='lat' dir='ltr'><strong>Slortia</strong></span> <span class='ocrx_word' id='word_1_221' title='bbox 518 3886 722 3958; x_wconf 85' lang='lat' dir='ltr'><strong>vicecomes</strong></span> <span class='ocrx_word' id='word_1_222' title='bbox 746 3906 791 3956; x_wconf 91' lang='lat' dir='ltr'><strong>ex</strong></span> <span class='ocrx_word' id='word_1_223' title='bbox 816 3881 1020 3955; x_wconf 88' lang='lat' dir='ltr'><strong>Mediolano</strong></span> <span class='ocrx_word' id='word_1_224' title='bbox 1047 3881 1145 3956; x_wconf 90' lang='lat' dir='ltr'><strong>venit</strong></span> <span class='ocrx_word' id='word_1_225' title='bbox 1171 3887 1322 3956; x_wconf 87' lang='lat' dir='ltr'><strong>Romam</strong></span> <span class='ocrx_word' id='word_1_226' title='bbox 1353 3882 1451 3957; x_wconf 90' lang='lat' dir='ltr'><strong>solus</strong></span> <span class='ocrx_word' id='word_1_227' title='bbox 1479 3909 1563 3959; x_wconf 90' lang='lat' dir='ltr'><strong>cum</strong></span> <span class='ocrx_word' id='word_1_228' title='bbox 1588 3888 1696 3964; x_wconf 90' lang='lat' dir='ltr'><strong>unico</strong></span> <span class='ocrx_word' id='word_1_229' title='bbox 1782 3865 1783 3890; x_wconf 49' lang='lat'><em>³</em></span> 
     </span>
     <span class='ocr_line' id='line_1_30' title="bbox 365 3993 1783 4109; baseline 0.002 -24"><span class='ocrx_word' id='word_1_230' title='bbox 365 4009 546 4099; x_wconf 80' lang='lat' dir='ltr'><strong>familiari,</strong></span> <span class='ocrx_word' id='word_1_231' title='bbox 577 4009 676 4083; x_wconf 90' lang='lat' dir='ltr'><strong>brevi</strong></span> <span class='ocrx_word' id='word_1_232' title='bbox 705 4007 829 4082; x_wconf 89' lang='lat' dir='ltr'><strong>habitu</strong></span> <span class='ocrx_word' id='word_1_233' title='bbox 860 4007 1019 4096; x_wconf 88' lang='lat' dir='ltr'><strong>indutus,</strong></span> <span class='ocrx_word' id='word_1_234' title='bbox 1049 4007 1139 4080; x_wconf 90' lang='lat' dir='ltr'><strong>adeo</strong></span> <span class='ocrx_word' id='word_1_235' title='bbox 1167 4007 1265 4104; x_wconf 94' lang='lat' dir='ltr'><strong>quod</strong></span> <span class='ocrx_word' id='word_1_236' title='bbox 1293 4007 1413 4104; x_wconf 88' lang='lat' dir='ltr'><strong>potius</strong></span> <span class='ocrx_word' id='word_1_237' title='bbox 1440 4009 1553 4085; x_wconf 91' lang='lat' dir='ltr'><strong>laicus</strong></span> <span class='ocrx_word' id='word_1_238' title='bbox 1584 4037 1694 4109; x_wconf 86' lang='lat' dir='ltr'><strong>quam</strong></span> <span class='ocrx_word' id='word_1_239' title='bbox 1782 3993 1783 3998; x_wconf 7' lang='grc' dir='ltr'><strong>Ἰ</strong></span> 
     </span>
     <span class='ocr_line' id='line_1_31' title="bbox 365 4132 1696 4235; baseline 0.002 -24"><span class='ocrx_word' id='word_1_240' title='bbox 365 4137 517 4211; x_wconf 91' lang='lat' dir='ltr'><strong>clericus</strong></span> <span class='ocrx_word' id='word_1_241' title='bbox 531 4135 724 4210; x_wconf 90' lang='lat' dir='ltr'><strong>videretur.</strong></span> <span class='ocrx_word' id='word_1_242' title='bbox 745 4137 859 4207; x_wconf 90' lang='lat' dir='ltr'><strong>Nemo</strong></span> <span class='ocrx_word' id='word_1_243' title='bbox 875 4132 941 4206; x_wconf 91' lang='lat' dir='ltr'><strong>sibi</strong></span> <span class='ocrx_word' id='word_1_244' title='bbox 962 4132 1106 4206; x_wconf 89' lang='lat' dir='ltr'><strong>obviam</strong></span> <span class='ocrx_word' id='word_1_245' title='bbox 1122 4133 1235 4222; x_wconf 74' lang='lat' dir='ltr'><strong>venit,</strong></span> <span class='ocrx_word' id='word_1_246' title='bbox 1256 4157 1301 4207; x_wconf 83' lang='lat' dir='ltr'><strong>ex</strong></span> <span class='ocrx_word' id='word_1_247' title='bbox 1317 4134 1523 4209; x_wconf 90' lang='lat' dir='ltr'><strong>Mediolano</strong></span> <span class='ocrx_word' id='word_1_248' title='bbox 1542 4145 1696 4235; x_wconf 90' lang='lat' dir='ltr'><strong>quatuor</strong></span> 
     </span>
     <span class='ocr_line' id='line_1_32' title="bbox 365 4257 1002 4352; baseline -0.011 -18"><span class='ocrx_word' id='word_1_249' title='bbox 365 4261 507 4352; x_wconf 92' lang='lat' dir='ltr'><strong>diebus,</strong></span> <span class='ocrx_word' id='word_1_250' title='bbox 526 4259 581 4334; x_wconf 92' lang='lat' dir='ltr'><strong>vel</strong></span> <span class='ocrx_word' id='word_1_251' title='bbox 597 4258 706 4348; x_wconf 85' lang='lat' dir='ltr'><strong>circa,</strong></span> <span class='ocrx_word' id='word_1_252' title='bbox 723 4257 823 4330; x_wconf 90' lang='lat' dir='ltr'><strong>veuit</strong></span> <span class='ocrx_word' id='word_1_253' title='bbox 838 4261 1002 4330; x_wconf 87' lang='lat' dir='ltr'><strong>Romam.</strong></span> 
     </span>
    </p>

    <p class='ocr_par' dir='ltr' id='par_1_7' title="bbox 364 4381 1762 4860">
     <span class='ocr_line' id='line_1_33' title="bbox 415 4381 1693 4485; baseline 0.002 -24"><span class='ocrx_word' id='word_1_254' title='bbox 415 4384 668 4484; x_wconf 91' lang='lat' dir='ltr'><strong>Superioribus</strong></span> <span class='ocrx_word' id='word_1_255' title='bbox 682 4382 823 4472; x_wconf 92' lang='lat' dir='ltr'><strong>diebus,</strong></span> <span class='ocrx_word' id='word_1_256' title='bbox 840 4381 1005 4456; x_wconf 89' lang='lat' dir='ltr'><strong>videlicet</strong></span> <span class='ocrx_word' id='word_1_257' title='bbox 1020 4381 1202 4457; x_wconf 89' lang='lat' dir='ltr'><strong>dominice</strong></span> <span class='ocrx_word' id='word_1_258' title='bbox 1215 4387 1261 4458; x_wconf 88' lang='lat'><strong>30</strong></span> <span class='ocrx_word' id='word_1_259' title='bbox 1276 4384 1411 4458; x_wconf 91' lang='lat' dir='ltr'><strong>mensis</strong></span> <span class='ocrx_word' id='word_1_260' title='bbox 1427 4386 1513 4460; x_wconf 89' lang='lat' dir='ltr'><strong>maii</strong></span> <span class='ocrx_word' id='word_1_261' title='bbox 1528 4387 1693 4485; x_wconf 84' lang='lat' dir='ltr'><strong>proxime</strong></span> 
     </span>
     <span class='ocr_line' id='line_1_34' title="bbox 366 4506 1693 4608; baseline 0.001 -24"><span class='ocrx_word' id='word_1_262' title='bbox 366 4510 543 4608; x_wconf 88' lang='lat' dir='ltr'><strong>preteriti,</strong></span> <span class='ocrx_word' id='word_1_263' title='bbox 566 4509 662 4584; x_wconf 91' lang='lat' dir='ltr'><strong>circa</strong></span> <span class='ocrx_word' id='word_1_264' title='bbox 680 4507 808 4581; x_wconf 90' lang='lat' dir='ltr'><strong>horam</strong></span> <span class='ocrx_word' id='word_1_265' title='bbox 824 4531 914 4597; x_wconf 82' lang='lat' dir='ltr'><strong>xxu,</strong></span> <span class='ocrx_word' id='word_1_266' title='bbox 932 4506 1100 4581; x_wconf 91' lang='lat' dir='ltr'><strong>dominus</strong></span> <span class='ocrx_word' id='word_1_267' title='bbox 1117 4507 1357 4606; x_wconf 81' lang='lat' dir='ltr'><strong>Hieronymus</strong></span> <span class='ocrx_word' id='word_1_268' title='bbox 1372 4509 1416 4584; x_wconf 94' lang='lat' dir='ltr'><strong>de</strong></span> <span class='ocrx_word' id='word_1_269' title='bbox 1431 4511 1552 4584; x_wconf 85' lang='lat' dir='ltr'><strong>Riario</strong></span> <span class='ocrx_word' id='word_1_270' title='bbox 1568 4535 1693 4585; x_wconf 89' lang='lat' dir='ltr'><strong>comes</strong></span> 
     </span>
     <span class='ocr_line' id='line_1_35' title="bbox 364 4629 1762 4736; baseline -0.006 -24"><span class='ocrx_word' id='word_1_271' title='bbox 364 4645 400 4712; x_wconf 91' lang='lat' dir='ltr'><strong>et</strong></span> <span class='ocrx_word' id='word_1_272' title='bbox 435 4638 643 4736; x_wconf 90' lang='lat' dir='ltr'><strong>capitaneus</strong></span> <span class='ocrx_word' id='word_1_273' title='bbox 678 4633 855 4733; x_wconf 84' lang='lat' dir='ltr'><strong>generalis</strong></span> <span class='ocrx_word' id='word_1_274' title='bbox 889 4657 919 4707; x_wconf 91' lang='lat' dir='ltr'><strong>s.</strong></span> <span class='ocrx_word' id='word_1_275' title='bbox 956 4655 1107 4708; x_wconf 88' lang='lat' dir='ltr'><strong>romana</strong></span> <span class='ocrx_word' id='word_1_276' title='bbox 1143 4629 1318 4718; x_wconf 89' lang='lat' dir='ltr'><strong>Ecclesie,</strong></span> <span class='ocrx_word' id='word_1_277' title='bbox 1355 4654 1397 4704; x_wconf 89' lang='lat' dir='ltr'><strong>ac</strong></span> <span class='ocrx_word' id='word_1_278' title='bbox 1432 4632 1581 4705; x_wconf 85' lang='lat' dir='ltr'><strong>Gentilis</strong></span> <span class='ocrx_word' id='word_1_279' title='bbox 1614 4633 1694 4708; x_wconf 88' lang='lat' dir='ltr'><strong>Vir·</strong></span> <span class='ocrx_word' id='word_1_280' title='bbox 1761 4633 1762 4641; x_wconf 74' lang='grc'>’</span> 
     </span>
     <span class='ocr_line' id='line_1_36' title="bbox 367 4757 1690 4860; baseline -0.003 -24"><span class='ocrx_word' id='word_1_281' title='bbox 367 4763 486 4860; x_wconf 85' lang='lat' dir='ltr'><strong>ginius</strong></span> <span class='ocrx_word' id='word_1_282' title='bbox 517 4762 561 4836; x_wconf 92' lang='lat' dir='ltr'><strong>de</strong></span> <span class='ocrx_word' id='word_1_283' title='bbox 591 4761 743 4852; x_wconf 90' lang='lat' dir='ltr'><strong>Ursinis,</strong></span> <span class='ocrx_word' id='word_1_284' title='bbox 770 4784 854 4835; x_wconf 91' lang='lat' dir='ltr'><strong>cum</strong></span> <span class='ocrx_word' id='word_1_285' title='bbox 884 4760 957 4832; x_wconf 92' lang='lat' dir='ltr'><strong>suis</strong></span> <span class='ocrx_word' id='word_1_286' title='bbox 990 4757 1158 4856; x_wconf 82' lang='lat' dir='ltr'><strong>gentibus</strong></span> <span class='ocrx_word' id='word_1_287' title='bbox 1190 4777 1343 4828; x_wconf 88' lang='lat' dir='ltr'><strong>numero</strong></span> <span class='ocrx_word' id='word_1_288' title='bbox 1374 4759 1469 4832; x_wconf 90' lang='grc'>3000</span> <span class='ocrx_word' id='word_1_289' title='bbox 1496 4757 1554 4831; x_wconf 92' lang='lat' dir='ltr'><strong>vel</strong></span> <span class='ocrx_word' id='word_1_290' title='bbox 1582 4757 1690 4849; x_wconf 88' lang='lat' dir='ltr'><strong>circa,</strong></span> 
     </span>
    </p>
   </div>
   <div class='ocr_carea' id='block_1_3' title="bbox 363 4939 1693 5108">
    <p class='ocr_par' dir='ltr' id='par_1_8' title="bbox 363 4939 1693 5108">
     <span class='ocr_line' id='line_1_37' title="bbox 398 4939 1693 5020; baseline -0.002 -18"><span class='ocrx_word' id='word_1_291' title='bbox 398 4949 427 5005; x_wconf 90' lang='grc'><strong>1.</strong></span> <span class='ocrx_word' id='word_1_292' title='bbox 441 4946 515 5020; x_wconf 82' lang='lat' dir='ltr'><strong>Voy.</strong></span> <span class='ocrx_word' id='word_1_293' title='bbox 532 4953 609 5002; x_wconf 86' lang='lat' dir='ltr'><strong>outre</strong></span> <span class='ocrx_word' id='word_1_294' title='bbox 625 4945 763 5001; x_wconf 87' lang='lat' dir='ltr'><strong>lnlessura</strong></span> <span class='ocrx_word' id='word_1_295' title='bbox 778 4949 805 5000; x_wconf 87' lang='lat' dir='ltr'><strong>et</strong></span> <span class='ocrx_word' id='word_1_296' title='bbox 824 4943 848 4999; x_wconf 91' lang='lat' dir='ltr'><strong>le</strong></span> <span class='ocrx_word' id='word_1_297' title='bbox 863 4943 969 4996; x_wconf 79' lang='lat' dir='ltr'><strong>Dturic</strong></span> <span class='ocrx_word' id='word_1_298' title='bbox 983 4943 1015 4996; x_wconf 82' lang='lat' dir='ltr'><strong>di</strong></span> <span class='ocrx_word' id='word_1_299' title='bbox 1031 4939 1120 4996; x_wconf 82' lang='lat' dir='ltr'><strong>Roma</strong></span> <span class='ocrx_word' id='word_1_300' title='bbox 1139 4942 1188 4996; x_wconf 82' lang='lat' dir='ltr'><strong>del</strong></span> <span class='ocrx_word' id='word_1_301' title='bbox 1206 4942 1277 4997; x_wconf 81' lang='lat' dir='ltr'><strong>Not.</strong></span> <span class='ocrx_word' id='word_1_302' title='bbox 1294 4943 1342 4998; x_wconf 84' lang='lat' dir='ltr'><strong>del</strong></span> <span class='ocrx_word' id='word_1_303' title='bbox 1355 4943 1493 5014; x_wconf 66' lang='lat' dir='ltr'><strong>lt&#39;antv&#39;p„</strong></span> <span class='ocrx_word' id='word_1_304' title='bbox 1510 4941 1549 5000; x_wconf 88' lang='lat' dir='ltr'><strong>les</strong></span> <span class='ocrx_word' id='word_1_305' title='bbox 1564 4953 1607 4999; x_wconf 84' lang='lat' dir='ltr'><strong>n⁰·</strong></span> <span class='ocrx_word' id='word_1_306' title='bbox 1623 4945 1650 5012; x_wconf 91' lang='lat'><strong>8,</strong></span> <span class='ocrx_word' id='word_1_307' title='bbox 1666 4943 1693 5011; x_wconf 82' lang='lat'><strong>9,</strong></span> 
     </span>
     <span class='ocr_line' id='line_1_38' title="bbox 363 5033 821 5108; baseline -0.002 -17"><span class='ocrx_word' id='word_1_308' title='bbox 363 5037 408 5106; x_wconf 89' lang='grc'><strong>10,</strong></span> <span class='ocrx_word' id='word_1_309' title='bbox 426 5038 469 5104; x_wconf 89' lang='grc'><strong>11,</strong></span> <span class='ocrx_word' id='word_1_310' title='bbox 487 5037 530 5104; x_wconf 85' lang='grc'><strong>12,</strong></span> <span class='ocrx_word' id='word_1_311' title='bbox 544 5035 577 5090; x_wconf 88' lang='grc'><strong>13</strong></span> <span class='ocrx_word' id='word_1_312' title='bbox 589 5033 622 5089; x_wconf 89' lang='lat' dir='ltr'><strong>de</strong></span> <span class='ocrx_word' id='word_1_313' title='bbox 633 5033 821 5108; x_wconf 75' lang='lat' dir='ltr'><strong>l&#39;rtppendice.</strong></span> 
     </span>
    </p>
   </div>
   <div class='ocr_carea' id='block_1_4' title="bbox 0 0 1804 6094">
    <p class='ocr_par' dir='ltr' id='par_1_9' title="bbox 0 0 1804 6094">
     <span class='ocr_line' id='line_1_39' title="bbox 0 0 1804 6094; baseline 0 3"><span class='ocrx_word' id='word_1_314' title='bbox 0 0 1804 6094; x_wconf 95' lang='lat' dir='ltr'><strong> </strong></span> 
     </span>
    </p>
   </div>
  </div>
 </body>
</html>
