3436 6038
71 535 221 605 panim]
394 532 522 592 aaron
545 531 774 592 uaeausauu
798 489 1061 592 conuanvlnn.
1341 537 1393 592 vas

67 688 208 788 prandio
228 693 391 787 peraeto,
419 689 483 762 SS.
507 691 551 762 D.
573 692 616 763 N.
640 687 765 761 avisari
786 685 871 762 lecit
886 693 922 761 et
938 686 1058 784 rogavi
1074 709 1140 785 per
1155 691 1199 764 D.
1220 689 1388 763 abbatem

67 839 92 890 a.
120 813 318 890 Sebastiani
342 818 487 888 llmum.
516 817 559 888 l).
583 811 809 888 cardinalem
831 812 1164 888 vicecancellarium
1193 814 1308 910 quiet
1333 814 1391 888 die

67 939 211 1016 crastina
230 945 380 1039 proptor
401 939 602 1016 absentiam
619 938 747 1036 prelati
770 938 864 1014 nmi.
890 943 933 1012 D.
962 937 1153 1013 cardinalis
1170 961 1200 1010 s.
1220 936 1317 1012 Petri
1343 939 1388 1014 ad

67 1065 208 1142 Vincula
233 1063 396 1140 ollicium
420 1064 531 1138 misse
555 1069 746 1164 perageret
769 1091 776 1136 :
799 1063 861 1161 qui
888 1063 985 1136 idem
1006 1068 1131 1142 Rmus,
1156 1065 1199 1136 D.
1227 1063 1390 1137 vicecan-

67 1191 223 1266 cellarius
240 1190 286 1266 ad
302 1189 507 1266 evitandum
528 1189 738 1265 scandalum
752 1193 788 1264 et
803 1187 1030 1262 sanctissimo
1046 1192 1089 1262 D.
1104 1191 1146 1264 N.
1163 1188 1391 1287 complacen-

66 1318 143 1392 dum
157 1315 371 1415 acceptavit.

113 1441 211 1516 Faria
234 1447 335 1515 sexta
356 1440 505 1538 majoris
524 1439 753 1514 hebdomade
774 1451 970 1538 parasceve
990 1445 1207 1538 nuncupata,
1232 1463 1302 1537 que
1323 1440 1389 1514 luit

66 1567 137 1642 dies
161 1572 204 1642 it
224 1565 361 1641 mensis
389 1566 521 1658 martii,
540 1570 663 1640 Rmns.
683 1571 726 1641 D.
752 1567 943 1642 cardinalis
961 1565 1277 1641 vicecancellarius
1293 1565 1388 1664 epis-

66 1717 171 1791 copus
204 1691 415 1768 Portuensis
447 1691 641 1766 celebravit
677 1691 838 1768 officium
868 1691 904 1764 in
934 1690 1073 1787 capella
1098 1691 1238 1788 majore
1266 1689 1388 1788 palatii

65 1817 155 1914 apud
169 1841 195 1893 s.
212 1819 372 1890 Petrum.
390 1817 512 1892 Altare
528 1823 690 1915 paratum
706 1819 772 1894 luit
791 1820 836 1894 ab
856 1818 1018 1894 interiori
1036 1824 1138 1916 parte
1158 1817 1267 1915 pallio
1283 1817 1387 1914 nigro

66 1940 105 2016 de
124 1941 266 2033 vellate,
290 1947 325 2016 et
349 1965 458 2039 super
483 1941 595 2018 altare
620 1944 739 2042 posita
758 1969 829 2019 una
844 1951 984 2020 tantum
1007 1943 1150 2019 tobalea
1166 1943 1332 2044 simplex,
1350 1949 1387 2016 et

66 2067 253 2142 scabellum
277 2067 435 2165 desuper
458 2068 608 2159 nudum,
641 2093 752 2168 super
773 2093 845 2166 qno
865 2069 991 2168 posita·
1005 2068 1072 2142 luit
1099 2091 1186 2142 crux
1215 2073 1388 2166 cooperta

66 2193 206 2290 simplex
221 2193 258 2267 in
273 2193 409 2284 media,
428 2199 464 2268 et
478 2193 564 2270 hinc
580 2201 616 2269 et
631 2195 714 2270 inde
736 2219 798 2270 sex
818 2195 1136 2271 candelabracum
1151 2193 1387 2268 luminaribus

67 2319 234 2392 extinctis.
251 2321 342 2394 ltem
357 2319 394 2392 in
411 2320 519 2418 plano
540 2320 661 2395 altaris
682 2323 785 2420 juxta
806 2321 942 2396 dictum
964 2321 1161 2395 scabellum
1186 2321 1222 2394 in
1248 2320 1383 2411 medio,

67 2445 119 2518 ubi
136 2445 241 2518 bursa
255 2445 498 2545 corporalium
513 2445 598 2544 poni
615 2447 719 2536 solet,
738 2453 815 2521 erat
830 2447 948 2544 posita
959 2446 1028 2520 alia
1041 2470 1130 2520 crux
1141 2446 1260 2520 minor
1277 2445 1385 2522 etiam

67 2577 227 2670 cooperta
241 2595 287 2646 ex
301 2595 389 2646 auro
403 2577 439 2646 et
453 2571 562 2669 perlis
576 2595 617 2645 ac
632 2571 809 2669 lapidibus
818 2573 986 2670 pretiosis
999 2571 1163 2648 conlecta
1178 2576 1305 2670 parata
1319 2593 1386 2666 pro

70 2695 181 2770 allicio
205 2696 275 2770 diei
300 2695 522 2794 peragendo.
552 2697 742 2771 credentia
774 2702 899 2796 parata
927 2698 993 2772 luit
1027 2703 1198 2795 cooperta
1230 2695 1384 2793 simplici

66 2820 197 2897 tobalea
215 2822 260 2896 ab
283 2821 452 2896 omuibus
471 2821 632 2918 partibus
655 2822 871 2898 remissaita
895 2823 993 2922 qnod
1020 2821 1161 2897 anullo
1185 2821 1299 2896 latere
1321 2820 1387 2894 de-

66 2945 246 3042 pendebat,
274 2953 311 3021 et
336 2969 446 3044 super
459 2946 530 3020 duo
547 2945 765 3022 candelabra
780 2970 863 3021 cum
881 2947 1120 3026 luminovibus
1137 2944 1317 3035 extinctis,
1342 2967 1385 3018 ac

66 3070 161 3144 bacili
173 3095 256 3146 cum
271 3071 391 3146 bucali
408 3071 484 3147 sine
506 3071 639 3146 centris
655 3096 663 3162 ;
682 3071 760 3146 aliis
777 3080 900 3146 autem
915 3071 1023 3146 rebus
1038 3077 1145 3170 prout
1165 3071 1201 3145 in
1223 3093 1384 3144 ceremo-

66 3195 140 3270 niali
161 3197 346 3272 ordinatis.
372 3199 491 3294 Super
510 3196 711 3272 cancellum
734 3197 842 3272 etiam
865 3198 1002 3296 capelle
1024 3197 1142 3294 posita
1160 3196 1303 3269 luerunt
1321 3217 1385 3269 sex

65 3319 233 3397 intcvticia
248 3345 322 3397 non
336 3345 503 3414 accensa,
527 3345 629 3398 more
647 3331 834 3398 consueto.
856 3327 980 3397 Rmns.
1005 3325 1048 3396 Ι).
1070 3319 1383 3396 vicecancellarius

66 3448 191 3546 accepit
210 3449 333 3524 omnia
351 3455 563 3546 paramenta
583 3449 818 3547 pontificalia,
851 3449 1008 3547 demptis
1030 3447 1186 3522 sandalis
1199 3453 1245 3521 ·et
1267 3446 1385 3520 ehiro-

67 3572 168 3648 thecis
191 3597 294 3649 moro
318 3581 507 3666 consueto,
526 3581 563 3649 et
584 3597 657 3650 non
679 3574 765 3648 dixit
788 3575 995 3673 psalmum:
1016 3574 1133 3661 Quum
1158 3573 1298 3664 dilecta,
1316 3583 1380 3644 etc.

68 3699 150 3796 Papa
177 3700 324 3774 indutus
352 3699 388 3773 in
419 3723 566 3774 camera
594 3700 771 3799 papagalli
795 3700 942 3790 amictu,
974 3699 1068 3791 alba,
1101 3699 1259 3797 cingulo,
1292 3697 1385 3771 stola

64 3823 220 3919 violacea,
247 3849 364 3924 cappa
389 3825 434 3899 de
459 3831 600 3918 rosato,
633 3826 776 3900 mitram
802 3826 1005 3924 simplicem
1030 3826 1067 3902 in
1098 3826 1215 3924 capite
1238 3831 1380 3914 tenens,
1527 3875 1529 3882 ι

64 3951 327 4045 precedentibus
343 3973 452 4026 cruce
474 3959 511 4026 et
527 3951 768 4026 cardinalibus
788 3975 829 4027 ao
850 3952 928 4026 aliis
947 3976 1048 4026 more
1071 3957 1261 4041 consueto,
1286 3949 1384 4024 venit

63 4075 100 4148 ad
120 4077 292 4175 capellam
328 4099 512 4175 magnam,
541 4077 659 4175 primo
693 4078 883 4153 assistente
916 4077 1077 4152 fimbrias
1112 4082 1227 4175 capp'e
1255 4097 1382 4148 omnes

62 4201 152 4277 simul
169 4203 342 4279 reflectas
368 4208 549 4300 portante.
581 4207 678 4301 Papa
706 4203 818 4278 oravit
843 4204 880 4277 in
904 4203 1103 4277 faldistorio
1131 4205 1243 4292 nudo,
1273 4200 1382 4276 unico
1428 4199 1438 4220 “

62 4329 185 4401 tantum
199 4327 346 4403 cussino
361 4328 522 4402 violaceo
538 4329 695 4426 desuper
708 4329 840 4427 posito,
854 4335 890 4403 et
905 4328 975 4402 alio
991 4351 1101 4427 parvo
1112 4327 1260 4402 cussino
1272 4349 1384 4425 super

62 4453 203 4528 scabello
217 4477 286 4552 pro
299 4454 451 4551 genibus
466 4454 585 4554 posito
602 4453 792 4529 asinistris
812 4460 922 4556 Papa.
942 4457 1051 4531 Venit
1065 4452 1381 4528 vicecancellarius

62 4579 292 4674 genuflectens
322 4579 358 4653 in
390 4587 487 4658 terra
513 4583 622 4673 nuda,
648 4581 841 4657 inclinatus
865 4606 975 4680 super
990 4580 1187 4656 scabellum
1214 4579 1377 4652 nudum:

61 4713 190 4781 orarunt
211 4731 277 4805 per
299 4707 456 4806 spatium
481 4707 587 4782 unius
610 4707 782 4783 Miserere
807 4709 864 4784 vel
889 4709 996 4784 circa.
1022 4712 1119 4807 Papa
1144 4705 1308 4780 ascendit
1331 4705 1378 4779 ad

62 4833 174 4908 solium
188 4835 326 4909 nudum
340 4843 376 4908 et
393 4835 485 4909 sedit
500 4833 640 4924 insede
656 4835 763 4924 nuda,
781 4834 888 4910 unico
906 4839 1041 4909 tantum
1057 4832 1202 4908 cossino
1217 4831 1379 4906 violaceo

64 4957 200 5057 desuper
211 4961 343 5059 posito.
367 4963 447 5034 Duo
467 4958 667 5034 cardinales
688 4959 830 5034 diaconi
849 4961 1013 5034 lecerunt
1034 4959 1067 5033 ei
1083 4957 1326 5032 assistentiam
1342 4963 1379 5031 et

63 5083 210 5161 sedentes
225 5087 312 5162 hinc
326 5091 362 5160 et
378 5083 460 5157 inde
480 5107 581 5158 more
599 5091 789 5174 consueto,
804 5091 839 5158 et
855 5083 1047 5158 cardinalis
1058 5080 1378 5157 vicecancellarius

63 5209 232 5286 celebrans
262 5210 425 5287 aseendit
453 5209 498 5283 ad
530 5209 767 5284 faldistorium
795 5216 832 5284 ut
857 5208 969 5284 moris
997 5215 1065 5284 est.
1095 5212 1282 5310 lnceptum
1313 5204 1379 5279 luit
