3600 6094
106 489 257 559 [uentilat]
424 491 550 550 RERUM
574 489 801 548 URBANARUM
825 486 1087 546 COMMENTARll.
1389 487 1426 542 63

103 673 183 722 mua.
220 647 348 720 Idmon.
384 647 435 720 D.
466 647 656 720 cardinalia
688 647 898 744 Melfitansia
932 647 1058 719 electas
1089 655 1141 716 cot
1174 643 1212 714 in
1245 667 1425 716 summum

100 773 292 870 pontificem
310 783 346 845 et
362 773 469 870 elegit
490 773 557 844 sibi
572 797 700 846 nomen
729 773 976 846 Innocentium
1007 767 1116 844 VIII.
1140 810 1189 822 -
1217 768 1278 841 His
1306 769 1424 859 dietis,

105 899 209 974 omnis
224 897 378 996 populus
393 897 616 988 acclamavit,
634 921 809 996 campane
825 899 945 996 palatii
966 905 1002 972 et
1017 899 1165 972 basilice
1181 923 1210 971 s.
1230 895 1327 970 Petri
1344 918 1427 968 cum

104 1049 224 1122 magna
246 1023 409 1122 petentia
429 1025 567 1120 pulsate
590 1029 687 1114 sunt,
719 1029 755 1097 et
788 1025 1020 1122 scoppelterii
1049 1023 1211 1099 custodie
1236 1021 1357 1120 palatii
1390 1021 1427 1093 in

105 1151 316 1248 triumphum
345 1149 422 1223 siue
457 1148 724 1222 intermissione
768 1156 975 1248 seeppettes
1007 1156 1175 1224 oneratos
1210 1147 1426 1236 emiserunt,

105 1299 282 1372 quousque
332 1273 469 1347 electus
513 1273 675 1372 pontifex
708 1297 753 1348 ax
790 1274 939 1348 basilica
977 1275 1139 1372 predicta
1174 1274 1219 1347 ad
1256 1272 1427 1371 palatium

106 1400 273 1474 rediisset.

146 1525 362 1622 Subscriptis
377 1525 592 1623 perdicium
607 1526 831 1624 pontificem,
849 1532 887 1599 ut
908 1549 1029 1623 supra,
1047 1525 1224 1623 capitulis,
1242 1524 1427 1623 preposite

105 1651 164 1724 sibi
178 1651 322 1726 luemnt
335 1651 447 1726 multe
460 1653 741 1750 supplicationes
756 1675 821 1750 per
836 1657 991 1725 RRmes.
1011 1655 1085 1724 DD.
1105 1651 1319 1740 caminatae,
1337 1675 1426 1748 quas

103 1800 221 1852 omnes
253 1801 319 1850 sua
354 1777 532 1872 Sanctitas
571 1778 820 1852 indifferenter
852 1778 986 1874 absque
1024 1777 1165 1851 illarum
1200 1775 1425 1873 inspectione

104 1901 255 1998 signavit.
280 1905 372 1977 Tum
394 1903 571 1978 Sanctitas
593 1927 658 1977 sua
677 1903 816 1976 intravit
836 1927 983 2000 parvam
1005 1903 1206 1976 sacristiam
1227 1901 1427 2000 predictam

104 2027 135 2100 in
149 2051 218 2124 qua
232 2053 253 2102 a
267 2029 432 2103 diaconis
447 2027 687 2104 cardinalibus
704 2029 769 2103 luit
785 2029 950 2103 omnibus
967 2027 1039 2102 suis
1061 2027 1284 2103 uestimentis
1300 2034 1426 2102 exutus

105 2161 136 2228 et
149 2154 304 2228 vestibus
319 2156 589 2252 predecessoris
605 2155 658 2229 sui
676 2155 762 2229 Sixti
779 2179 872 2252 ‘pape
888 2155 1003 2251 quarti
1019 2155 1176 2244 indutus,
1199 2177 1268 2250 que
1292 2153 1426 2226 ibidem

104 2303 162 2375 per
175 2279 363 2383 sacristam
379 2290 505 2379 parata
523 2289 639 2371 erant,
660 2281 828 2355 videlicet
847 2281 998 2370 camiee,
1021 2279 1179 2378 diploide
1195 2304 1239 2352 ex
1261 2277 1428 2352 setenine

106 2403 197 2494 albo,
227 2412 329 2480 vaste
359 2431 404 2480 ex
434 2407 552 2504 sargia
582 2407 663 2480 alba
688 2407 779 2496 tina,
809 2431 881 2480 une
909 2405 986 2503 pari
1011 2405 1208 2502 caligarum
1238 2405 1430 2477 mbearum

108 2530 220 2620 roseti,
245 2531 379 2606 calceis
402 2556 446 2606 ex
467 2556 587 2629 panno
603 2537 723 2606 rosato
749 2555 831 2604 cum
854 2531 1021 2605 crucibus
1042 2531 1200 2628 desuper
1223 2530 1260 2602 in
1281 2529 1431 2602 medum

107 2655 358 2747 sandaliorum,
394 2658 538 2754 cingulo
568 2657 769 2732 cremosino
794 2681 878 2731 cum
908 2657 1134 2731 lernimentis
1161 2681 1206 2729 ex
1230 2679 1317 2729 aure
1340 2677 1433 2728 mas-

106 2779 221 2868 siccie‚
253 2782 435 2874 rochetto,
458 2784 613 2874 amictu,
643 2783 737 2874 alba,
770 2783 914 2880 cingulo
945 2789 981 2856 et
1005 2781 1098 2856 stela
1125 2781 1237 2854 rubea
1269 2781 1429 2878 pretiosa

107 2927 180 2978 cum
194 2907 326 3003 perlis;
345 2909 397 2982 sic
416 2915 561 3006 paratus
581 2909 687 2984 rediit
707 2909 754 2983 ad
776 2933 921 3006 parvam
943 2907 1143 3004 cappellam
1165 2905 1380 3003 predictam,
1395 2911 1432 2980 et

107 3031 229 3106 sedens
259 3033 298 3106 in
333 3034 418 3107 sede
453 3034 657 3131 supradicta
688 3035 785 3109 circa
813 3056 992 3122 mensam,
1028 3032 1077 3104 ibi
1110 3031 1243 3106 iterum
1281 3029 1434 3127 signavit

107 3155 378 3252 supplicationes
393 3179 460 3254 per
470 3158 670 3232 cardinales
685 3163 722 3232 et
737 3157 972 3231 conclavistas
988 3155 1055 3230 sibi
1073 3159 1258 3253 porrectas
1271 3176 1314 3226 ac
1330 3165 1429 3227 retu-

107 3275 174 3352 lum
188 3281 489 3356 conclaristarnm
504 3307 570 3381 per
584 3307 642 3357 me
659 3282 725 3356 sibi
742 3283 966 3380 propesitum
979 3306 987 3372 ;
1002 3282 1219 3379 cujustcner
1233 3278 1313 3353 talis
1326 3283 1404 3352 erat
1422 3305 1429 3350 :

152 3407 247 3478 Metu
283 3407 444 3504 proprie.
481 3407 629 3483 Dilectis
658 3409 740 3482 tiliis
774 3407 1000 3482 conclavistis
1027 3405 1264 3504 infrascriptis
1297 3403 1358 3502 qui
1398 3403 1434 3476 in

108 3531 258 3605 conclavi
281 3533 538 3632 assumptionis
564 3541 687 3609 nestra
709 3535 755 3608 ad
779 3514 920 3632 apicem
951 3533 1081 3607 summi
1108 3531 1338 3630 pontificatus
1369 3555 1432 3604 seu

108 3656 321 3750 apostolatus
337 3657 589 3752 intertuamnt,
613 3659 807 3757 specialem
830 3659 982 3757 gratiam
1003 3657 1123 3732 facere
1147 3659 1322 3745 uolentes,
1347 3654 1435 3754 ipsis

109 3801 248 3854 omnem
264 3782 526 3879 supeltectilem
546 3807 690 3859 camere
709 3790 833 3858 nostre
855 3783 1047 3873 conclavis,
1065 3807 1205 3872 aurum,
1227 3787 1430 3878 argentum,

108 3901 230 3997 libres,
261 3913 379 3982 vastes
414 3917 449 3984 et
485 3933 729 4008 quascumque
756 3933 813 3983 res
842 3910 929 3983 alias
960 3915 996 3983 et
1024 3908 1120 3982 bena
1148 3914 1289 3996 nestra,
1321 3903 1433 3978 nihilo

111 4027 270 4128 dempto,
301 4057 369 4130 que
398 4035 443 4108 ad
466 4035 601 4110 dictum
629 4035 828 4110 conclavim
854 4041 1042 4134 apportata
1068 4033 1227 4122 inerant,
1256 4032 1433 4104 donamus

111 4159 142 4226 et
157 4163 284 4252 sponte
301 4158 508 4257 elargimur.
528 4162 700 4236 Similiter
715 4168 751 4235 et
766 4160 887 4235 emnia
901 4160 1098 4258 lignamina
1112 4157 1304 4232 conclavis.

151 4279 251 4372 Item,
274 4281 441 4358 similiter
456 4285 633 4362 donamus
653 4287 798 4363 cuilibet
818 4311 862 4360 ex
885 4285 986 4384 ipsis,
1011 4293 1047 4359 et
1062 4281 1138 4358 dari
1158 4281 1319 4356 volumus
1335 4277 1439 4376 quin-

111 4426 173 4499 que
189 4428 325 4483 cannas
341 4413 449 4508 panni
465 4413 595 4488 rosacii
610 4413 688 4504 tini,
703 4413 832 4511 quibus
848 4435 886 4486 se
901 4410 1067 4486 vestiant.

158 4543 259 4631 item,
277 4545 317 4614 ut
332 4539 488 4615 sentiant
501 4541 666 4614 laborum
682 4561 830 4612 suemm
847 4536 1028 4636 premium
1048 4533 1202 4632 aliquale
1223 4534 1436 4610 atmeritum

117 4672 388 4763 consequantur,
405 4665 493 4764 ipsis
507 4665 545 4739 in
560 4687 753 4740 commune
770 4669 911 4762 sponte,
930 4667 966 4737 et
981 4685 1025 4736 ex
1040 4665 1139 4735 certa
1153 4666 1277 4734 nostra
1289 4661 1441 4736 scientia

118 4809 335 4866 reservamus
357 4796 394 4865 et
417 4795 602 4866 reservata
625 4813 705 4863 esse
730 4787 894 4862 velumus
921 4791 957 4860 et
978 4781 1206 4858 decernimus
1227 4781 1297 4857 due
1318 4783 1441 4860 officia

119 4915 326 5014 scriptorum
354 4915 635 5015 apostolicorum
661 4913 751 4989 dello
782 4937 906 5012 pressa
928 4914 1144 5008 nuncupata,
1170 4905 1199 4980 si
1222 4931 1291 5006 que
1312 4915 1441 4984 vacant

119 5040 158 5112 ad
169 5064 331 5139 presens,
349 5043 507 5141 alioquin
528 5041 645 5139 prime
660 5047 841 5130 vacatura,
863 5062 946 5113 cum
966 5035 1134 5111 omnibus
1149 5039 1185 5108 et
1201 5034 1350 5132 singulis
1367 5035 1440 5108 suis

119 5163 309 5244 honeribus
346 5175 382 5243 et
411 5167 664 5243 emolumentis
702 5165 884 5242 consuetis
923 5161 1110 5254 omnibus,
1144 5161 1190 5236 ad
1224 5159 1440 5236 electionem
