3600 6094
161 489 323 556 [socratas]
501 487 628 546 RERUM
650 485 878 546 URBANARUM
902 486 1164 550 COMMENTAHII.
1463 499 1497 556 41

159 654 311 740 nerent,
342 647 496 744 quasin
531 671 602 720 uno
632 646 724 720 libro
754 651 895 720 secreto
929 645 1022 745 apud
1053 648 1287 722 secretarium
1316 651 1499 749 registrari

160 774 386 873 permittam.

214 907 319 994 ltem,
350 927 432 978 cum
457 927 479 976 a
504 901 687 976 nonnullis
711 907 892 976 asseratur
913 905 1088 999 quosdam
1110 929 1139 976 s.
1167 929 1197 977 r.
1215 909 1256 978 E.
1284 905 1498 998 cardinales,

163 1029 335 1103 timentes
357 1053 408 1129 ne¹
427 1051 598 1102 romanus
623 1028 784 1126 pontifex
811 1053 874 1102 eos
899 1031 964 1103 sub
989 1031 1110 1104 colore
1136 1031 1286 1128 alicujus
1311 1032 1500 1128 legationis

163 1155 361 1252 compellat
379 1179 401 1227 a
419 1177 569 1228 romana
592 1155 693 1228 curia
717 1155 903 1246 secedere,
929 1179 1200 1252 nonnumquam
1225 1158 1439 1230 abstinuisse
1465 1165 1517 1232 et-

165 1280 349 1354 abstinere
370 1305 391 1353 a
409 1281 521 1354 libere
541 1279 777 1355 consultando
797 1279 834 1353 in
853 1280 1067 1354 consistorio
1088 1305 1131 1353 ea
1153 1305 1220 1376 que
1247 1281 1298 1354 eis
1320 1281 1498 1370 videntur,

164 1407 380 1500 intersitque
413 1429 563 1479 romane
592 1405 747 1480 ecclesie
784 1409 820 1478 et
853 1407 1050 1506 apostolice
1087 1406 1182 1480 sedis
1217 1407 1312 1504 quod
1341 1407 1501 1506 ipsorum

165 1531 405 1609 cardinalium
435 1533 574 1606 animus
599 1531 644 1605 sit
672 1532 709 1604 in
740 1531 961 1605 consulendo
990 1532 1083 1605 liber
1109 1541 1145 1606 et
1177 1538 1295 1606 cesset
1321 1533 1358 1606 in
1386 1535 1502 1608 consi-

166 1661 298 1733 liorum
314 1659 523 1732 eorumdem
540 1657 759 1734 exhibitione
776 1658 893 1732 omnis
908 1657 1061 1731 formido
1082 1657 1270 1754 omnisque
1287 1659 1407 1752 timor,
1424 1663 1501 1758 pari

166 1786 279 1860 modo
303 1807 426 1876 roseo,
452 1785 535 1882 juro
560 1792 597 1858 et
621 1785 794 1880 promitto
820 1807 894 1859 non
923 1785 1067 1860 mittere
1099 1784 1256 1882 aliquem
1280 1787 1500 1864 cardinalem

166 1911 319 1986 invitum
342 1910 380 1983 in
407 1910 564 2008 aliquam
589 1909 828 2008 legationem,
853 1910 922 1985 nisi
946 1911 1146 1988 necessitas
1172 1912 1337 1988 mittendi
1359 1938 1443 1990 vera
1465 1923 1502 1990 et

166 2059 242 2110 non
266 2035 369 2127 ficta,
396 2035 459 2110 sed
478 2035 665 2110 dumtaxat
687 2035 847 2112 volentes
867 2044 904 2112 et
928 2061 1098 2136 expresse
1120 2039 1407 2133 consentientes,
1433 2063 1500 2116 nec

166 2185 232 2237 eos
245 2161 418 2235 indirecte
433 2160 479 2235 ad
493 2161 683 2236 volendum
699 2169 736 2236 at
746 2164 1045 2238 consentiendum
1059 2189 1125 2263 per
1138 2165 1259 2262 aliqua
1270 2165 1366 2240 mala
1380 2167 1500 2241 media

165 2286 438 2384 quoquomodo
452 2286 643 2361 inducere.

218 2419 262 2488 Et
279 2415 428 2512 insuper
444 2415 591 2514 puritati
609 2412 914 2489 conscientiarum
933 2413 1145 2490 eorumdem
1157 2416 1394 2492 cardinalium
1412 2441 1501 2492 con-

168 2541 289 2614 sulere
308 2539 474 2614 volentes
490 2547 599 2638 prout
612 2547 789 2636 oportere
807 2539 983 2633 rideatur,
1009 2564 1072 2617 eos
1097 2548 1134 2617 et
1155 2543 1355 2641 quemlibet
1374 2567 1501 2620 eorum

168 2689 192 2740 a
216 2665 400 2762 quibusvis
429 2665 657 2758 criminibus,
692 2665 899 2740 excessibus
931 2675 967 2741 et
996 2669 1135 2742 delictis
1165 2675 1501 2769 quantumcumque

168 2787 380 2862 enormibus
396 2797 432 2862 et
447 2788 627 2885 gravibus,
645 2811 711 2886 per
730 2813 793 2865 eos
813 2792 990 2866 hactenus
1012 2795 1285 2890 quomodolibet
1297 2797 1501 2870 commissis

168 2921 206 2988 et
232 2914 459 3012 perpetratis,
489 2914 765 3014 qualiacumque
790 2917 874 3009 sint,
905 2919 1013 2993 etiam
1040 2920 1070 2992 si
1098 2921 1184 2994 talia
1212 2921 1343 3014 forent,
1370 2945 1440 3018 que
1464 2922 1503 2995 in

169 3040 332 3138 generali
347 3040 580 3138 expressione
595 3041 805 3139 hujusmodi
823 3065 896 3116 non
915 3044 1314 3139 comprehenderentur
1329 3054 1364 3120 et
1382 3047 1503 3143 requi-

170 3173 294 3242 rerent
328 3167 463 3240 nudam
497 3174 533 3241 ct
566 3167 774 3266 specificam
805 3167 1085 3258 contessionem,
1122 3178 1159 3244 et
1192 3171 1238 3245 ad
1266 3171 1503 3246 obtinendum

170 3315 299 3368 eorum
322 3293 589 3368 absolutionem
622 3317 667 3368 ex
697 3293 820 3391 quavis
854 3293 1079 3368 ordinatione
1107 3295 1328 3369 individuam
1360 3319 1504 3394 expres-

170 3419 314 3492 sionem
325 3418 541 3515 indigerent,
564 3426 734 3516 essetque
752 3443 878 3494 eorum
898 3420 1076 3495 absolutio
1096 3420 1300 3518 specialiter
1317 3445 1338 3494 a
1353 3444 1504 3496 romano

170 3544 343 3643 pontifice
356 3551 536 3619 reservata
550 3567 594 3620 ex
608 3547 731 3641 quavis
744 3569 855 3621 causa
866 3546 1072 3622 necessario
1086 3547 1332 3645 exprimenda,
1348 3570 1416 3622 nec
1431 3571 1504 3622 non

172 3695 194 3745 a
218 3670 507 3768 quibuscumque
539 3673 941 3765 excommunicationis,
969 3674 1215 3772 suspensionis
1244 3681 1280 3748 et
1302 3674 1502 3766 interdicti,

172 3797 326 3894 aliisque
349 3795 603 3873 ecclesiasticis
628 3799 835 3890 sententiis,
861 3799 1024 3873 censuris
1050 3806 1086 3874 et
1111 3800 1213 3898 penis
1238 3823 1259 3873 a
1281 3801 1363 3898 jure
1383 3799 1438 3874 rel
1461 3800 1505 3873 ab

171 3922 322 4028 homine
340 3925 463 4019 quavis
485 3924 677 3998 occasione
696 3925 756 3998 vel
776 3947 886 3999 causa
904 3923 985 3998 latis
1010 3931 1047 3998 et
1068 3925 1230 4016 inllictis,
1256 3949 1320 4000 seu
1343 3925 1505 4021 promul-

172 4049 277 4147 gatis,
301 4049 410 4124 etiam
431 4049 575 4140 talibus,
596 4073 749 4147 quarum
769 4027 949 4125 absolutio
968 4057 1149 4125 reseruata
1168 4051 1377 4149 simpliciter
1396 4051 1503 4144 iuret,

173 4179 213 4246 ut
244 4174 439 4271 prefertur,
468 4175 666 4272 apostolica
700 4175 931 4267 authoritate,
968 4177 1129 4275 plenarie
1161 4177 1199 4250 in
1235 4187 1388 4276 utroque
1425 4177 1506 4250 loro

173 4299 320 4374 absolvo
333 4307 371 4374 et
388 4301 546 4376 totaliter
559 4302 692 4393 libero;
718 4325 760 4376 ac
779 4326 888 4400 super
908 4327 1137 4400 quacumque
1158 4303 1423 4400 irregularitate
1442 4327 1507 4401 per

174 4447 238 4500 eos
271 4433 335 4501 aut
371 4427 569 4524 quemlibet
605 4450 732 4502 eorum
769 4427 1042 4525 quomodolibet
1079 4435 1264 4505 contracta
1299 4426 1508 4524 simpliciter

174 4555 212 4626 in
228 4561 382 4648 utroque
401 4553 479 4628 toro
501 4553 622 4649 quoad
640 4575 766 4628 omnes
790 4553 948 4644 ordines,
976 4561 1011 4628 et
1032 4552 1175 4628 illorum
1195 4552 1303 4627 etiam
1327 4553 1364 4625 in
1386 4552 1507 4628 altaris

175 4680 376 4755 ministerio
390 4681 435 4754 ad
447 4680 663 4778 pontificalis
678 4679 788 4754 officii
802 4679 1069 4768 executionem,
1085 4704 1152 4754 uec
1163 4703 1236 4754 non
1249 4678 1507 4776 presidendum

175 4805 355 4899 ecclesiis,
376 4806 605 4881 monasteriis
621 4813 658 4881 et
677 4805 755 4881 aliis
776 4805 866 4880 locis
889 4805 1156 4897 ecclesiasticis,
1178 4803 1311 4902 illaque
1331 4812 1366 4880 et
1384 4807 1507 4903 queris

174 4931 355 5006 beneficia
371 4931 619 5007 ecclesiastica
640 4955 682 5006 ac
703 4953 953 5028 quoscumque
977 4936 1077 5005 actus
1100 4929 1345 5004 exercendum
1371 4930 1507 5028 plenis-

175 5057 268 5132 sime
286 5057 457 5156 dispenso
474 5057 676 5156 aboleoque
699 5064 734 5134 et
756 5059 860 5134 deleo
881 5081 1027 5133 omnem
1047 5057 1282 5133 inhabilitatis
1305 5063 1341 5133 et
1359 5056 1507 5131 inlamie

175 5183 357 5259 maculam
382 5207 427 5258 ex
450 5185 635 5283 premissis
654 5185 940 5284 provenientem,
966 5208 1038 5281 qua
1058 5183 1331 5282 quomodolibet
1352 5181 1507 5280 respersi
