3496 6056
64 453 132 519 rtoar
146 451 211 518 rtet]
381 449 507 506 RERUM
532 445 759 506 URBANARUM
784 445 1047 506 conueniatur.
1341 459 1378 514 79

63 603 274 702 reparatione
307 601 350 678 ab
377 601 474 676 intus
494 599 647 697 indiget;
673 602 809 699 atejus
832 591 914 677 aule
935 601 1154 678 anticamere
1183 611 1219 678 et
1233 629 1377 682 camere

62 754 118 829 pro
131 729 301 828 pontifice
314 728 442 827 pannis
461 729 506 804 de
522 727 638 802 rascia
652 748 754 800 more
779 727 884 802 solito
905 727 1117 802 ordinentur
1134 733 1170 800 et
1186 737 1373 824 ornentur,

63 880 134 932 cum
149 855 293 946 tabulis,
311 854 491 944 fenestris,
510 853 655 928 sedibus
671 857 707 928 et
723 851 901 928 scabellis.

104 988 274 1058 Parentur
309 981 418 1079 etiam
448 979 582 1057 ibidem
616 1001 744 1052 omncs
778 1001 921 1054 camere
950 980 1207 1056 canonicorum
1245 991 1282 1059 et
1309 983 1379 1062 alia

63 1107 195 1206 qrridem
209 1107 403 1182 commode
420 1129 484 1204 pro
496 1105 639 1180 thmis.
657 1107 732 1179 Μ).
750 1104 992 1180 cardinalibus
1007 1113 1044 1180 et
1055 1107 1213 1204 prelatis.

103 1237 287 1333 aptentur,
322 1233 566 1307 reformentur
595 1255 660 1306 seu
699 1238 910 1330 reparentur
938 1231 1073 1306 ibidem
1102 1233 1225 1310 omnia
1253 1237 1384 1313 solaria

64 1358 213 1432 aularum
237 1363 274 1432 et
302 1379 530 1432 camerarum
555 1358 665 1452 Papa,
698 1361 733 1426 et
750 1355 789 1430 in
820 1357 899 1454 ejus
923 1357 1011 1432 liant
1031 1357 1171 1450 lectice,
1203 1384 1374 1456 scamma,

64 1508 176 1560 mense
192 1492 227 1558 ct
242 1485 313 1559 alia
328 1484 546 1560 necessaria.

107 1611 409 1688 Decredentiariis
426 1615 543 1710 Pape:
1100 1699 1105 1708 Ι

106 1743 231 1815 Parent
253 1762 366 1814 unam
390 1737 614 1814 credentiam
639 1761 661 1810 a
685 1736 824 1836 capella
845 1761 874 1811 s.
901 1737 1057 1837 Georgii,
1085 1737 1191 1814 aliam
1208 1737 1246 1815 in
1267 1742 1380 1818 choro

63 1866 196 1941 basilica
211 1890 241 1938 s.
260 1863 358 1940 Petri
373 1887 485 1962 prope
500 1863 610 1938 altare
628 1863 749 1960 majus
764 1863 800 1936 in
812 1887 925 1940 cornu
940 1864 1104 1962 epistole.

106 1995 153 2066 De
167 1989 290 2066 officio
306 1990 539 2065 torreriorum
553 1995 648 2090 Papc
665 2019 672 2065 :

108 2117 266 2194 Habeant
280 2125 443 2216 paratam
456 2117 580 2192 sedem
592 2122 688 2210 Pape
702 2117 795 2192 intra
809 2116 972 2192 ultimam
986 2125 1125 2216 portam
1143 2119 1263 2217 palatii
1275 2131 1384 2218 ‘supra

65 2245 249 2344 scalasque
264 2269 394 2322 omnes
416 2253 538 2346 portas
560 2245 720 2342 porticus
746 2243 892 2318 basilice
912 2269 941 2318 s.
966 2243 1061 2318 Patri
1087 2245 1243 2344 respicit,
1262 2251 1384 2320 tamen

66 2371 90 2444 si
104 2371 257 2469 pontifex
269 2373 309 2448 in
324 2372 410 2448 sede
423 2377 600 2470 portatur,
618 2369 749 2468 poterit
762 2369 796 2442 in
815 2369 952 2444 illamet
974 2369 1059 2445 sede
1074 2369 1110 2444 in
1122 2393 1194 2467 qua
1206 2377 1383 2468 portatur,

66 2496 353 2588 ibidcmsedere;
786 2501 787 2504 ’
930 2521 934 2528 ·

111 2628 235 2699 Parent
261 2621 493 2700 ornatissime
515 2621 691 2722 capellam
711 2648 741 2695 s.
768 2619 932 2720 Gregorii
958 2643 1041 2696 cum
1065 2620 1181 2720 palliis
1205 2629 1242 2698 at
1260 2623 1389 2720 pannis

70 2747 223 2823 viridibus
240 2748 402 2840 interra,
426 2773 468 2824 ac
487 2748 612 2824 sedem
635 2753 731 2846 Pape
750 2747 787 2821 in
808 2771 879 2846 qua
905 2770 1027 2822 sacras
1045 2757 1163 2824 restes
1178 2749 1389 2846 receptur'us

70 2882 129 2966 est,
143 2875 247 2972 pallio
264 2875 347 2950 albo
363 2882 493 2950 ornent
515 2897 598 2949 cum
620 2874 694 2950 suis
715 2872 880 2948 scabellis
900 2872 1041 2946 duobus
1064 2871 1149 2946 binc
1171 2879 1208 2948 et
1226 2873 1309 2948 inde
1325 2897 1389 2973 pro

70 2999 216 3074 diaconis
231 2999 504 3100 assistentibus;
521 3005 649 3097 parent
665 3019 826 3072 scamma
841 2997 913 3072 sire
928 2996 1063 3072 bancos
1080 2997 1117 3070 in
1137 2997 1232 3072 diota
1252 2998 1391 3095 capella

72 3147 127 3221 pro
140 3125 283 3200 thmts.
307 3128 383 3199 ΠΙ).
401 3123 654 3214 cardinalibus,
675 3122 877 3198 oratoribus
891 3121 991 3196 laicis
1001 3123 1105 3220 juxta
1120 3121 1232 3196 altare
1257 3129 1390 3197 aratro

73 3257 104 3323 et
118 3251 294 3350 episcopis
314 3251 567 3326 assissentibus
587 3250 633 3326 ad
652 3249 834 3324 sinistram
859 3251 955 3345 Pape
988 3255 1023 3322 et
1042 3249 1164 3322 omnia
1185 3247 1391 3326 bancalibus

72 3387 190 3452 ornent
204 3401 310 3452 more
326 3377 449 3468 solito;

115 3503 218 3576 Extra
231 3503 410 3600 capellam
437 3503 634 3601 prodictam
650 3525 811 3578 scamma
828 3501 901 3576 sire
927 3500 1063 3576 bancos
1078 3523 1142 3600 pro
1161 3499 1392 3604 prolatisque

73 3625 191 3702 similia
215 3629 428 3704 bancalibus
456 3627 678 3724 cooperiant,
714 3626 867 3700 chorum
898 3623 1019 3699 altaris
1051 3624 1198 3702 basilice
1233 3627 1393 3726 predicte

74 3750 226 3830 similiter
237 3763 369 3854 ornent
382 3755 485 3852 paliis
500 3773 542 3826 ac
553 3749 658 3826 sedes
671 3749 853 3847 pontificis
867 3749 1003 3824 ibidem
1016 3756 1053 3826 ct
1069 3773 1232 3828 scamma
1242 3777 1308 3852 pro
1319 3778 1396 3830 car·

75 3873 471 3980 dinalibusetprelatis3

118 4008 367 4084 ltaldistorium
380 4015 417 4084 et
431 4004 629 4086 scabellum
640 4027 724 4083 cum
744 4004 885 4080 duobus
907 4005 1061 4080 cussinis
1080 4005 1277 4099 consuetis,
1298 4009 1395 4106 quod

76 4129 116 4202 ad
137 4133 259 4208 omnia
279 4133 361 4208 loca
385 4133 445 4208 ubi
472 4135 634 4233 pontifex
659 4133 807 4210 habebit
835 4131 1079 4230 genuflectere
1097 4155 1163 4229 per
1195 4134 1393 4210 servientes

75 4277 250 4334 armorum
266 4281 388 4334 coram
404 4283 448 4335 eo
463 4269 671 4359 portcntur;

119 4383 248 4460 Sedem
264 4385 422 4478 bassam,
442 4387 645 4486 pulchram,
662 4383 880 4462 cameralem
893 4405 964 4481 quc
984 4382 1079 4456 iuter
1099 4382 1207 4458 altam
1227 4391 1262 4459 et
1285 4385 1397 4461 altare

75 4504 106 4578 in
120 4507 230 4586 choro
247 4534 314 4586 suo
327 4519 491 4612 tempore
507 4515 705 4590 collocetur
723 4541 731 4606 ;
1396 4504 1400 4513 “

118 4633 334 4732 Suggestum
356 4661 464 4735 supra
482 4637 597 4712 scalas
618 4637 765 4714 basilice
786 4664 815 4713 s.
835 4640 930 4714 Petri
945 4640 1106 4738 predicte
1138 4635 1343 4712 ordinatum
1363 4639 1400 4714 et

77 4758 191 4834 sedem
220 4763 441 4838 eminentem
464 4764 599 4840 ibidem
623 4766 778 4862 positam
803 4773 933 4840 ornent
961 4765 1077 4862 paliis,
1110 4763 1273 4862 spaleriis
1301 4771 1338 4838 et
1364 4763 1399 4836 in

76 4886 161 4959 terra
173 4887 302 4983 pannis
315 4887 498 4980 viridibus,
516 4895 552 4963 et
565 4896 693 4986 parent
705 4888 777 4964 duo
787 4889 945 4988 scabella
956 4890 1064 4964 solita
1076 4897 1161 4964 ante
1176 4889 1302 4964 sedem
1319 4913 1400 4988 pre·

76 5003 282 5085 dictam.De
305 5011 382 5085 aliis
411 5011 552 5087 duobus
576 5012 742 5088 scabellis
772 5013 858 5089 hino
887 5021 924 5089 et
951 5015 1035 5089 inde
1062 5037 1127 5114 pro
1159 5015 1402 5090 cardinalibus

78 5133 320 5212 assistentibus
348 5137 434 5236 poni
473 5139 657 5215 consuetis
696 5162 770 5216 non
802 5145 858 5216 est
889 5162 1023 5238 magna
1057 5163 1166 5234 cura,
1207 5142 1292 5240 quia
1320 5165 1401 5217 car-
