3424 6038
92 497 163 563 [Mars
177 495 246 559 ttae]
426 493 553 553 RERUM
577 491 807 552 UHBANAHUM
834 493 1097 554 COMMENTARII.
1358 497 1412 554 295

86 650 169 723 libus
180 648 351 744 usquead
366 647 499 722 ostium
511 646 679 721 introitus
689 647 784 720 iutra
799 646 934 722 dictum
949 649 1152 724 cancellum
1169 675 1177 725 :
1192 650 1229 724 in
1244 650 1409 749 opposito

86 783 193 849 autem
205 780 328 872 parate
344 781 446 850 erant
459 773 640 869 sedespro
653 773 813 847 diaconis
828 774 1080 864 cardinalibus,
1092 781 1128 850 et
1143 801 1163 850 a
1180 777 1252 852 line
1268 775 1409 850 sedium

85 901 315 974 diaconorum
334 899 569 974 cardinalium
587 896 761 995 usquead
781 898 913 1002 ostium
939 899 1107 975 introitus
1122 901 1287 999 predicti,
1306 910 1410 978 eraut

85 1027 179 1100 sedes
202 1025 416 1100 humiliores
440 1047 506 1122 pro
531 1024 732 1098 oratoribus
758 1023 877 1112 laicis3
909 1025 955 1099 ad
981 1025 1288 1124 sinistram.Pape
1308 1035 1410 1103 erant

83 1173 222 1224 scamna
243 1149 354 1224 bassa
382 1173 448 1248 pro
467 1149 648 1248 episcopis
675 1148 926 1223 assistentibus
953 1157 989 1225 et
1015 1157 1118 1225 extra
1138 1151 1342 1226 cancellum
1372 1154 1408 1226 in

81 1277 178 1374 plano
193 1299 215 1349 a
229 1275 396 1351 cancello
413 1299 527 1372 usque
544 1275 587 1348 ad
609 1274 762 1348 chorum
777 1275 927 1350 tratrum
950 1283 1052 1350 erant
1067 1277 1172 1351 sedes
1191 1277 1263 1352 sive
1277 1278 1407 1352 banchi

82 1425 139 1500 pro
163 1401 329 1499 prelatis,
352 1400 601 1476 banchialibus
622 1401 798 1498 cooperti.
827 1400 1058 1492 Subdiaconi,
1081 1402 1262 1476 auditores
1285 1402 1406 1477 clerici

80 1549 229 1616 camere,
254 1525 402 1625 acolyti,
426 1523 636 1600 cubicularii
660 1525 802 1616 secreti,
826 1525 987 1599 advocati
1015 1525 1185 1598 sederunt
1206 1526 1300 1601 intra
1320 1552 1406 1602 can-

80 1652 200 1726 cellum
222 1651 261 1724 in
283 1659 432 1726 terram.
452 1648 658 1724 Cardiuales
686 1655 878 1724 tenuerunt
897 1649 941 1723 ad
965 1649 1140 1724 circulum
1159 1673 1260 1726 more
1279 1654 1404 1744 solito;

78 1777 134 1850 sed
142 1775 240 1874 prior
250 1777 506 1874 episcoporum
524 1773 761 1849 cardinalium
772 1797 844 1848 nou
859 1773 950 1849 sedit
960 1773 997 1846 iu
1009 1773 1092 1848 loco
1105 1797 1169 1848 sue
1185 1775 1404 1868 assistentia

78 1901 135 1973 sed
152 1901 287 1974 mansit
308 1901 345 1974 in
360 1902 443 1976 loco
459 1924 524 1975 suo
544 1900 638 1975 iuter
653 1900 855 1975 cardinales
872 1906 908 1974 et
923 1899 959 1972 in
977 1905 1139 1997 tempore
1160 1901 1254 1974 veuit
1269 1902 1314 1976 ad
1330 1925 1407 1975 ser-

76 2027 250 2119 viendum,
270 2036 311 2102 ut
325 2026 436 2102 moris
453 2032 521 2100 est.
540 2027 656 2100 Finita
670 2025 781 2100 missa
796 2033 831 2100 et
846 2025 930 2098 data
942 2023 1196 2100 benedictione
1212 2049 1278 2122 per
1291 2028 1408 2124 ponti·

77 2150 189 2241 licem,
206 2175 284 2226 non
301 2151 446 2225 luerunt
459 2149 638 2247 publicato
659 2151 878 2248 indulgentie
893 2149 977 2246 quia
997 2171 1063 2246 per
1078 2148 1211 2224 bullam
1226 2149 1406 2249 publicata

77 2284 170 2349 crant
194 2275 375 2373 plenarie.
408 2278 471 2350 SS.
498 2279 542 2348 b.
572 2278 613 2350 N.
642 2275 746 2366 sedit,
776 2283 811 2348 et
833 2275 1073 2350 faldistorium
1099 2277 1316 2352 celebrantis
1341 2280 1406 2354 luit

78 2400 226 2497 positum
242 2401 282 2474 in
296 2402 403 2499 plano
418 2400 570 2498 capelle,
593 2399 695 2497 quasi
717 2407 800 2475 ante
821 2399 982 2475 medium
997 2401 1133 2493 altaris,
1152 2403 1267 2500 magis
1285 2408 1406 2478 tamen

77 2548 193 2598 versus
208 2549 327 2602 cornu
338 2525 490 2624 epistole
506 2526 566 2600 ubi
583 2527 718 2600 resedit
732 2525 938 2617 celebrans;
955 2549 1079 2600 coram
1091 2527 1317 2624 quoquidam
1329 2527 1406 2603 olfi—
1542 2579 1546 2588 ·

80 2649 171 2723 ciclis
186 2649 374 2724 societatis
389 2651 617 2725 Annunciate
634 2651 762 2726 obtulit
782 2675 894 2725 unum
909 2653 1025 2725 bacile
1043 2675 1124 2725 cum
1140 2653 1268 2727 decem
1287 2653 1404 2726 bursis

82 2774 226 2848 corlenis
248 2775 381 2873 plenis,
408 2798 473 2872 pro
500 2775 710 2850 maritandis
743 2775 895 2874 puellis:
928 2801 1081 2871 quarum
1111 2802 1183 2852 una
1208 2777 1317 2852 bursa
1342 2779 1407 2856 tuit

83 2906 197 2994 aperta
212 2906 250 2975 et
265 2899 403 2974 carleui
418 2899 454 2972 in
472 2901 588 2975 bacile
611 2900 724 2998 sparsi
741 2907 779 2976 ut
803 2901 1019 2993 riderentur,
1043 2903 1171 2978 deiude
1196 2904 1339 3002 reposui
1368 2904 1404 2978 in

82 3023 232 3100 bursam.
244 3029 339 3099 Tum
351 3032 583 3100 accessemut
598 3028 715 3124 puelle
732 3027 946 3118 maritanda,
965 3029 1105 3126 singule
1120 3031 1312 3106 interduas
1328 3054 1404 3106 ma-

83 3153 192 3232 tronas
205 3151 300 3226 albis
314 3151 476 3226 vestibus
491 3152 627 3244 indute,
647 3161 680 3227 et
696 3153 887 3250 genuflexa
903 3177 1026 3229 coram
1042 3154 1263 3246 celebrante,
1282 3155 1403 3254 capie-

83 3271 158 3348 bant
172 3299 216 3350 ex
231 3277 309 3350 suis
322 3278 488 3352 manibus
506 3278 652 3352 bursam
672 3283 708 3352 et
723 3301 871 3352 manum
884 3303 985 3354 suam
999 3279 1256 3354 osculabantur
1269 3304 1277 3368 ;
1296 3303 1402 3355 acce-

83 3397 202 3475 debant
218 3401 351 3477 deinde
361 3403 408 3477 ad
418 3402 628 3499 pontificem
641 3409 677 3478 et
692 3405 946 3480 osculabantur
959 3407 1037 3503 ejus
1048 3406 1178 3503 pedem
1196 3411 1267 3480 tam
1283 3405 1402 3502 puelle

82 3546 178 3618 quam
201 3533 382 3602 matrone.
409 3531 487 3614 Quo
512 3528 619 3619 tacte,
643 3529 805 3625 pontifex
831 3551 875 3605 eo
896 3530 1022 3604 ordine
1044 3556 1115 3629 quo
1141 3532 1225 3606 illuc
1254 3538 1403 3606 venerat

83 3651 239 3745 equitavit
265 3654 311 3728 ad
333 3653 525 3728 ecclesiam
541 3677 570 3726 s.
589 3653 700 3728 Marie
714 3653 758 3726 de
776 3655 926 3751 Populo,
944 3656 1108 3731 videlicet
1131 3657 1176 3730 de
1201 3655 1321 3754 platea
1335 3657 1403 3731 Mi-

82 3779 253 3852 nerreubi
271 3801 405 3876 equum
435 3779 599 3853 ascendit
618 3779 664 3852 ad
689 3803 718 3852 s.
741 3780 965 3872 Marcellum,
991 3780 1121 3857 deinde
1149 3783 1195 3856 ad
1219 3783 1403 3859 sinistram

83 3905 238 3978 rectaiia
263 3905 309 3978 ad
328 3903 521 3978 ecclesiam
550 3904 594 3978 de
620 3905 757 4002 Populo
783 3905 1095 4002 predictam,ubi‚
1120 3906 1216 3981 lacta
1237 3908 1401 3982 oratione

85 4028 296 4119 antealtare‚
318 4029 448 4103 eodem
463 4029 588 4104 ordine
609 4029 779 4126 equitavit
794 4053 860 4127 per
875 4031 965 4104 riam
988 4031 1147 4105 fluminis
1169 4032 1215 4106 ad
1228 4033 1401 4131 palatium

86 4171 178 4226 suum
194 4157 290 4254 apud
306 4179 335 4230 s.
350 4160 509 4231 Petrum.
522 4156 738 4230 Liceuciavit
753 4161 874 4230 autem
888 4157 1088 4230 cardinales
1105 4179 1231 4230 omnes
1245 4158 1349 4254 juxta
1365 4165 1401 4230 et

85 4272 330 4378 intrapoutem
345 4305 375 4354 s.
389 4281 531 4379 Angeli,
553 4282 647 4355 uude
668 4289 899 4356 recesserunt
913 4305 934 4354 a
948 4281 1123 4380 pontifice
1141 4288 1176 4356 et
1201 4281 1247 4354 ad
1273 4281 1400 4358 domos
1474 4275 1477 4282 ’

85 4408 369 4484 suasredieruut.
1409 4483 1412 4491 .

127 4531 321 4624 Dominica,
346 4529 542 4625 comanti,
570 4531 752 4607 dominica
780 4531 1000 4628 palmarum,
1029 4535 1092 4606 SS.
1120 4535 1161 4607 D.
1188 4535 1229 4605 N.
1254 4537 1400 4630 paratus

85 4675 171 4730 more
190 4659 295 4732 solito
321 4659 417 4733 venit
438 4660 483 4733 ad
506 4657 696 4756 capellam,
723 4635 835 4730 oravit
855 4657 891 4728 iu
915 4656 1127 4730 faldistorio.
1157 4654 1331 4729 Ascendit
1355 4656 1399 4729 ad

85 4779 199 4856 solium
218 4784 278 4858 ubi
304 4784 370 4858 sibi
391 4784 484 4858 sacta
506 4790 560 4858 est
587 4807 609 4857 a
628 4781 868 4857 cardinalibus
891 4781 926 4853 in
948 4781 1072 4878 cappis
1090 4780 1289 4856 reverentia
1309 4803 1398 4854 con-

86 4905 191 4996 sueta3
222 4915 364 4984 etcum
395 4909 508 4984 ultimi
542 4908 612 4982 duo
641 4907 798 4996 diaconi,
823 4905 990 4980 videlicet
1014 4905 1058 4980 de
1086 4907 1262 4980 Columna
1288 4911 1324 4979 et
1354 4905 1399 4980 de

87 5027 207 5106 Ursinis
228 5034 261 5108 ei
288 5031 527 5112 reverentiam
558 5035 744 5123 iecissent,
781 5037 992 5106 manserunt
1023 5033 1067 5105 ad
1093 5032 1336 5106 assistentiam
1363 5037 1399 5104 et

88 5152 177 5244 primi
198 5159 406 5234 assistentes
426 5185 468 5234 ac
493 5159 699 5259 omnesjalii
725 5157 927 5232 cardinales
948 5165 1169 5254 acceperunt
1186 5163 1399 5255 paramenta
