3578 6032
869 458 1081 518 APPENDICE.

784 657 799 690 α
821 636 987 717 Responsio
1005 631 1161 712 Magistri.

351 816 365 847 ι
381 791 488 856 Verba
502 795 571 866 tua,
588 788 811 852 illustrissime
826 791 905 866 Rex,
919 787 1099 868 prudencia
1112 792 1190 851 sunt
1205 788 1316 868 plena.
1347 787 1441 866 Quod
1456 803 1510 850 me
1524 792 1557 850 et
1567 787 1641 850 rho-

310 891 384 954 dios
394 890 522 970 equites
537 892 710 968 tantopere
724 887 881 961 laudaris,
897 891 953 951 tue
968 887 1102 966 quidem
1115 886 1278 950 modestie
1291 887 1499 950 ascribimus.
1517 885 1645 965 Siquid

311 988 399 1052 enim
408 987 524 1068 glorie,
540 985 627 1048 fame
644 990 703 1049 aut
715 983 884 1066 dignitatis
899 985 1059 1049 innostro
1078 986 1203 1048 relucet
1216 991 1302 1062 cetu,
1321 985 1383 1048 deo
1397 986 1583 1066 gratiarum
1597 984 1644 1044 in·

310 1087 414 1150 lusori
425 1085 656 1161 attribuimus3
673 1087 719 1148 iix
734 1085 827 1147 cuius
843 1083 1051 1163 prouidentia
1072 1083 1174 1160 fonte,
1196 1089 1311 1148 cuncta
1331 1088 1468 1148 manant
1486 1083 1646 1146 fluuntac

312 1185 515 1248 deriuantur.
532 1185 597 1246 Nec
611 1187 644 1245 te
655 1187 789 1245 moueat
802 1181 893 1261 quod
906 1181 1072 1244 christiani
1083 1186 1116 1244 et
1125 1199 1221 1254 cruce
1233 1183 1355 1263 signati
1365 1198 1493 1244 sumus.
1506 1180 1647 1244 Rhodio·

311 1299 387 1346 rum
399 1283 521 1362 quippe
535 1281 651 1342 ciuitas
663 1283 854 1341 cunctarum
865 1279 1016 1360 gentium
1027 1279 1159 1353 asilum,
1171 1277 1338 1359 refugium
1352 1284 1386 1342 et
1395 1283 1513 1358 portus
1528 1277 1648 1342 fidissi·

313 1398 390 1444 mus
405 1383 467 1456 est,
484 1379 640 1458 adquam
657 1381 800 1458 (potrum
819 1381 1008 1440 nostrorum
1031 1377 1190 1440 memoria
1210 1383 1243 1440 et
1263 1382 1319 1440 tue
1339 1377 1447 1458 gentis
1459 1381 1493 1440 et
1507 1376 1651 1440 alianum

313 1496 381 1542 non
394 1475 648 1555 contempnendi
665 1473 840 1556 principes)
855 1476 912 1554 qni
924 1473 1113 1556 coningere,
1136 1477 1278 1556 gratiam
1291 1493 1367 1538 oum
1380 1474 1591 1538 humanitate
1602 1491 1652 1538 ra·

315 1580 499 1659 portarunt.
515 1577 580 1638 Nec
592 1576 680 1636 enirn
693 1574 786 1637 decet
795 1589 978 1654 generosos
989 1574 1131 1649 animos,
1145 1591 1220 1636 cum
1233 1573 1275 1638 de
1289 1573 1400 1637 ledere
1413 1574 1538 1654 agitur,
1552 1573 1654 1636 hosti·

315 1677 397 1740 lium
411 1691 579 1737 armorum
593 1673 757 1736 reminisci
772 1691 780 1734 ε
797 1673 825 1734 si
839 1673 971 1752 genitor
986 1671 1047 1735 luit
1061 1674 1242 1736 acerrimus
1259 1671 1460 1736 Rhodiorum
1475 1687 1656 1752 oppugna·

315 1780 379 1850 tor,
395 1773 525 1854 putauit
540 1788 600 1834 sue
614 1771 698 1851 legis
711 1769 821 1834 decori
839 1769 874 1834 id
897 1770 1091 1834 conducere.
1114 1772 1188 1852 Egit
1206 1775 1243 1834 ut
1264 1771 1370 1834 hostis
1387 1787 1472 1834 :nos
1487 1775 1603 1835 autem
1618 1777 1654 1832 ut

316 1873 404 1936 hosti
420 1870 550 1952 gladios
561 1869 752 1933 obiecimus.
770 1872 858 1932 Deus
869 1869 1005 1932 tandem
1014 1869 1294 1932 clementissimus
1307 1869 1441 1932 iustiori
1455 1867 1542 1930 fauit
1555 1869 1654 1948 parti,

317 1976 350 2035 et
362 1969 495 2034 victorie
510 1967 666 2048 angelum
680 1965 804 2030 rhodiis
818 1969 948 2030 mittere
961 1967 1117 2048 dignatus
1133 1973 1194 2032 est.
1211 1971 1260 2032 'lu
1273 1973 1310 2030 ut
1322 1969 1445 2047 hospes
1457 1968 1657 2046 amicusque

318 2069 470 2134 accedis:
492 2069 564 2130 iura
584 2067 718 2146 quidem
746 2066 894 2146 hospicii,
918 2068 1152 2131 benevolencie
1175 2085 1213 2132 ac
1237 2065 1424 2132 dilectionis
1438 2065 1655 2145 prebeamus

318 2171 444 2233 Decens
460 2173 510 2230 est
525 2167 614 2230 bono
628 2183 666 2228 ao
686 2171 794 2230 erecto
816 2167 862 2228 sis
883 2167 1007 2242 animo,
1024 2183 1083 2246 pro
1098 2167 1183 2230 virili
1197 2173 1290 2246 parte
1304 2183 1416 2230 rerum
1430 2165 1567 2228 euentui
1584 2181 1660 2244 con-

320 2266 447 2342 sulere;
462 2264 618 2344 quodque
634 2265 694 2327 tibi
707 2269 740 2328 et
751 2265 876 2326 nomini
889 2265 1253 2341 christianooonducat,
1268 2265 1387 2344 exequi
1401 2279 1468 2325 non
1479 2264 1657 2341 paruipen·

320 2365 439 2430 demus
448 2366 609 2442 quantum
618 2363 822 2443 elingeniosi
833 2368 865 2425 et
873 2362 1080 2426 fortunarum
1090 2363 1228 2426 incultas
1239 2362 1467 2442 suppeditarit.
1485 2363 1660 2424 Romanus

321 2463 455 2542 quidem
468 2458 626 2540 pontifex,
642 2477 739 2541 reges
765 2465 1020 2540 potentatusque
1045 2462 1195 2525 catholici
1215 2462 1272 2542 qui
1292 2459 1462 2540 religionis
1477 2459 1659 2522 christiane

321 2567 435 2624 tenent
448 2558 684 2640 gubernacula,
702 2559 859 2636 potentia,
876 2560 1041 2638 sapiencia
1062 2577 1099 2622 ac
1114 2560 1329 2640 propensiore
1343 2557 1389 2619 in.
1406 2557 1442 2618 R.
1458 2557 1492 2619 P.
1509 2557 1662 2620 christia·

325 2677 445 2722 norum
459 2657 625 2720 voluntate
640 2656 777 2736 predicti
793 2661 881 2719 sunt.
903 2658 964 2735 Qui
983 2658 1030 2719 tui
1043 2657 1209 2721 aduentus
1227 2659 1399 2721 occasione
1413 2654 1478 2718 frui
1493 2659 1614 2732 soient,
1631 2664 1664 2721 te

323 2773 393 2820 non
406 2755 599 2818 deseremus
614 2752 674 2817 sed
687 2769 749 2818 nos
765 2754 839 2816 huic
858 2771 957 2817 cause
974 2756 1137 2835 propicios
1153 2757 1356 2836 comperies;
1381 2757 1572 2836 placuitque
1593 2760 1665 2838 plu·
1778 2809 1779 2816 ,

327 2856 449 2918 rimum
465 2854 513 2915 tui
528 2853 608 2915 iuris
623 2869 788 2914 summam
803 2853 986 2934 intelligere
1001 2858 1038 2915 ut
1052 2854 1138 2918 iuste
1154 2871 1253 2917 cause
1267 2855 1362 2918 inniti
1376 2854 1568 2932 videamur3
1584 2859 1665 2919 Gra·
1778 2887 1779 2892 κ

324 2959 424 3034 teque
444 2955 522 3014 sunt
541 2949 725 3014 oblationes
747 2967 812 3030 que
835 2967 903 3014 non
926 2951 991 3012 nisi
1006 2952 1048 3014 ah
1068 2954 1178 3015 animo
1193 2957 1288 3033 grato
1312 2958 1345 3016 et
1365 2970 1530 3034 generosa
1546 2959 1663 3016 mente
1778 2933 1779 2973 ³

328 3053 405 3132 (que
420 3065 552 3113 omnem
567 3051 694 3130 respuit
708 3047 955 3130 ingratitudinis
975 3049 1097 3130 labem)
1113 3049 1376 3131 proficiscuntur.
1393 3076 1406 3108 ι
1422 3052 1479 3114 llis
1492 3051 1590 3115 dictis
1613 3069 1662 3116 re·

326 3165 435 3231 geque
446 3149 601 3224 salutato,
616 3148 695 3213 edes
710 3147 833 3210 revisit.

731 3343 743 3374 ι
762 3315 1020 3382 Consultatiooes
1034 3319 1244 3386 Rhodiorum.

369 3473 491 3536 ‹Tolis
511 3473 628 3536 diebus
648 3469 804 3551 frequens
827 3473 963 3535 moetus
985 3473 1123 3553 cogitur,
1141 3473 1200 3536 uhi
1224 3471 1471 3552 sapientissima
1496 3471 1665 3534 consulta-

327 3573 418 3634 tione
440 3589 495 3633 res
516 3572 694 3651 agitantur.
716 3571 839 3633 Placuit
862 3570 998 3632 tandem
1026 3570 1167 3650 principi
1189 3586 1226 3631 ac
1246 3567 1439 3631 rhodiorum
1459 3569 1606 3644 senatui,
1631 3569 1665 3628 in

327 3685 401 3731 eam
416 3685 547 3748 qnoque
561 3669 759 3730 sententiam
776 3672 968 3730 cunctorum
986 3668 1088 3730 animi
1106 3664 1306 3729 inclinantur
1324 3660 1368 3724 ad
1383 3663 1571 3724 Romanum
1582 3677 1665 3740 pon·
1777 3701 1778 3708 .

328 3765 459 3842 tilicem,
471 3766 715 3844 imperatorem,
728 3779 825 3844 reges
836 3769 869 3826 et
881 3766 1044 3844 principes
1053 3763 1229 3828 catholicos
1244 3761 1357 3823 literas
1372 3759 1443 3822 dari
1455 3760 1665 3840 nunciosque

328 3863 424 3938 milti,
445 3863 501 3941 qui
525 3861 613 3940 regis
644 3862 789 3940 Zyzymy
812 3859 855 3923 ad
879 3861 1014 3925 rhodios
1043 3861 1235 3941 coniugium
1257 3857 1431 3933 nuncient,
1461 3859 1666 3936 oportunita-

327 3967 504 4038 temquea
538 3957 600 4021 deo
634 3957 779 4020 oblatam
814 3959 1011 4040 significent,
1037 3977 1104 4040 quo
1137 3963 1172 4023 lt.
1201 3960 1234 4021 P.
1260 3957 1514 4020 christianorum
1539 3957 1663 4020 consuli

328 4057 456 4138 possit:
473 4056 708 4136 Optimumque
722 4056 833 4119 visum
844 4065 895 4121 est
913 4063 950 4120 ut
968 4057 1129 4138 profugus
1149 4057 1302 4137 princeps
1319 4055 1382 4118 suh
1397 4054 1501 4118 tulela
1513 4054 1666 4135 magistri

329 4162 362 4219 et
377 4155 569 4218 rhodiorum
588 4156 738 4236 equilum
759 4155 801 4219 ad
824 4157 976 4220 occiduas
997 4157 1117 4238 migret
1134 4153 1333 4235 prouincias.
1354 4153 1450 4214 iacto
1465 4152 1499 4214 S.
1523 4152 1559 4214 G.
1574 4151 1664 4213 litere

329 4255 507 4335 nunciique
522 4255 761 4334 expediuntur,
775 4271 813 4316 ac
827 4257 924 4317 nauis
943 4257 1092 4319 oneraria
1115 4258 1324 4336 paraturquo
1339 4250 1494 4330 regulum
1509 4249 1662 4313 deuehat.

330 4354 430 4418 Cuius
443 4353 659 4416 conductores
669 4353 870 4431 deputantur
884 4357 1072 4432 prestantes
1083 4352 1274 4416 rhodiorum
1288 4351 1411 4414 milites
1425 4350 1482 4429 qui
1498 4327 1663 4412 Kalendas

333 4453 531 4531 septembris
549 4451 805 4526 necetxxxtt,
830 4452 945 4514 nanim
970 4451 1240 4524 conscendentes,
1254 4455 1353 4528 portu
1367 4447 1506 4512 feliciter
1516 4449 1660 4520 soluunt,

331 4567 368 4613 ea
382 4566 515 4631 quoque
527 4565 647 4629 pompa
662 4553 695 4612 et
709 4553 829 4612 ornatu
844 4566 911 4629 quo
927 4553 1072 4631 Zyzymy
1085 4549 1202 4612 urbem
1223 4547 1382 4610 introiuit.
1399 4548 1579 4625 Postquam
1592 4545 1660 4608 dies

331 4647 397 4710 duo
410 4653 443 4710 et
457 4647 675 4728 quadraginta
687 4663 815 4710 moram
832 4647 997 4724 traxisset,
1015 4645 1129 4710 Rhodo
1142 4646 1306 4710 discessit.
1776 4637 1777 4646 ’

331 4824 467 4876 malheurs
482 4825 514 4876 de
528 4827 609 4876 leim
628 4839 691 4876 sous
708 4839 760 4876 noe
776 4825 862 4889 forme
877 4825 1015 4876 iiticroire.
1031 4826 1069 4876 lie
1085 4823 1111 4874 lo
1130 4837 1174 4874 ces
1193 4823 1314 4874 discours
1333 4823 1380 4886 qni
1401 4825 1464 4872 soni
1480 4835 1533 4886 pen
1553 4820 1619 4872 dans
1640 4820 1662 4870 le

332 4907 464 4956 caractere
479 4906 527 4956 fler
540 4908 567 4956 et
580 4905 647 4956 dans
662 4904 688 4956 le
703 4909 796 4956 nature
811 4905 932 4955 reserves
948 4905 981 4954 de
993 4906 1082 4968 lirim,
1093 4907 1162 4956 mais
1174 4907 1221 4972 qui
1234 4905 1343 4956 doivent
1354 4905 1550 4954 certainement
1562 4903 1663 4954 redelor

332 4997 396 5034 avec
410 4985 557 5036 exactitude
570 4986 595 5036 le
610 4985 674 5036 lond
692 4985 740 5036 des
754 4986 866 5051 penedes
880 4985 916 5035 du
932 4987 1023 5049 prince
1043 4989 1173 5036 ottoman.
1190 4986 1262 5051 (Voy.
1279 4989 1338 5034 tce
1357 4983 1429 5048 sujet
1447 4982 1473 5033 la
1492 4983 1660 5033 Disco-totino

330 5079 377 5114 sur
391 5065 482 5126 Zizim,
497 5066 530 5116 de
544 5065 629 5116 l'abhd
645 5066 746 5126 Vertot,
763 5065 871 5116 relative
885 5079 920 5114 au
934 5067 1007 5128 ‚reoit
1024 5064 1057 5116 do
1076 5065 1205 5117 Gaonrnn
1219 5069 1246 5116 et
1259 5065 1293 5116 de
1310 5065 1340 5114 G.
1356 5063 1390 5114 de
1405 5063 1522 5129 Jaligny,
1539 5063 1603 5114 ilict.
1617 5061 1661 5112 des

334 5141 481 5194 Cirr-aiios
495 5146 527 5198 cte
539 5145 696 5198 Salui-leon
711 5146 744 5196 de
756 5144 930 5198 Jerrcsolem...
946 5145 1125 5206 Amsterdum,
1142 5148 1211 5206 itti,
1226 5149 1245 5197 l.
1261 5145 1293 5205 ll,
1303 5159 1329 5208 p.
1341 5145 1407 5208 ite.)
