3600 6094
215 465 308 530 [Aodi
323 465 392 530 ital]
558 463 684 522 RERUM
709 413 937 523 andrunnun
961 464 1223 524 condamnari.
1518 467 1554 528 21

228 621 442 693 custodibus
471 618 633 692 cedulam
659 619 857 691 secundum
886 641 992 714 quam
1015 620 1190 693 deberent
1221 616 1459 692 cardinalibus
1483 616 1562 691 inli-

224 767 345 832 mare,
363 744 568 840 hujusmodi
584 743 742 818 tenoris:

279 899 298 938 a
317 869 507 943 lntimetur
518 869 666 967 singulis
678 871 821 944 RRmis.
838 871 1091 960 cardinalibus,
1104 869 1257 967 qualiter
1268 873 1341 942 ΒΗ.
1360 873 1436 944 DD.
1454 870 1564 967 depu-

225 993 295 1067 tati
311 993 408 1067 circa
423 999 550 1091 gentes
563 1017 760 1084 armorum,
779 1001 814 1068 et
828 994 1038 1068 divisionem
1054 993 1126 1066 loci
1140 993 1333 1085 conclaviS,
1346 1019 1388 1068 ac
1404 1001 1561 1070 castrum

221 1143 254 1191 s.
275 1118 417 1215 Angeli,
436 1124 472 1191 et
486 1117 556 1190 alia
576 1117 628 1191 eis
648 1115 855 1209 commissa,
879 1119 1043 1192 lecerunt
1064 1117 1221 1190 debitam
1241 1118 1506 1208 executionem,
1524 1125 1560 1193 et

224 1249 421 1342 propterea
444 1242 639 1346 dignentur
660 1244 718 1317 die
744 1244 901 1318 crastina
915 1244 1010 1316 inter
1023 1244 1151 1317 horam
1167 1266 1218 1316 xu
1235 1247 1270 1315 et
1288 1266 1357 1315 xm
1382 1242 1558 1317 interesse

221 1369 334 1443 misse
349 1367 393 1442 de
410 1367 536 1466 spiritu
552 1373 677 1442 sancto
694 1368 729 1440 in
745 1368 893 1443 basilice
908 1369 1022 1442 sancti
1040 1367 1135 1442 Petri
1149 1391 1215 1468 per
1229 1374 1373 1442 Rmum.
1386 1373 1428 1442 D.
1446 1368 1559 1442 cardi-

224 1497 346 1570 nalem
374 1495 488 1568 sancti
520 1495 631 1567 Marci
666 1495 901 1585 celebrande;
933 1495 1043 1570 missa
1071 1495 1185 1585 finita,
1214 1496 1321 1570 faciet
1352 1518 1558 1570 sermonem

223 1626 269 1694 Il.
289 1625 327 1694 P.
344 1625 386 1694 D.
406 1619 616 1694 Guillelmus
632 1622 675 1694 de
699 1622 886 1712 Perreriis,
909 1622 1001 1695 sacri
1023 1621 1143 1718 palatii
1163 1619 1350 1718 apostolici
1370 1644 1558 1694 causarum

230 1747 390 1836 auditor3
407 1769 477 1843 quo
506 1746 621 1836 linito,
648 1746 966 1843 processionaliter
988 1748 1033 1821 ad
1057 1770 1199 1820 sacmm
1226 1746 1394 1820 conclave
1420 1745 1556 1818 ituri.»

273 1873 407 1945 Eadem
432 1871 504 1963 die,
522 1873 750 1945 demandato
771 1872 864 1945 Rmi.
889 1877 933 1946 l).
957 1871 1466 1962 cardinalisvicecancellarii,
1493 1895 1560 1944 no-

219 1997 320 2070 mine
346 1996 438 2070 sacri
463 1997 605 2094 collegii
628 1998 843 2090 mandantis
868 1999 950 2072 dedi
975 1997 1138 2072 cedulam
1159 1997 1265 2072 aliam
1288 1999 1492 2074 cursoribus
1514 1999 1559 2072 ad

221 2123 464 2196 intimandum
479 2129 585 2219 prout
601 2122 636 2195 in
653 2147 696 2196 ea
710 2125 927 2211 continetur,
944 2124 1148 2220 hujusmodi
1162 2125 1297 2224 tenoris
1317 2151 1324 2198 :

275 2279 292 2315 (ι
310 2247 499 2322 lntimetur
525 2252 598 2320 RR.
626 2249 785 2344 patribus
815 2273 856 2322 ac
885 2249 1148 2324 uenerabilibus
1182 2257 1218 2323 et
1247 2249 1449 2348 magnificis
1471 2249 1556 2324 viris

213 2373 374 2446 dominis
815 2389 816 2392 ’

271 2497 404 2572 oratori
420 2499 661 2596 imperatoris,

272 2623 447 2722 episcopo
464 2626 696 2700 Dunelmensi
714 2627 846 2702 oratori
862 2626 958 2726 regis
973 2627 1115 2725 Anglie,

274 2747 408 2821 oratori
423 2751 519 2848 regis
535 2753 765 2845 Ferdinandi,

275 2873 408 2945 oratori
425 2877 521 2971 regis
537 2877 758 2974 Hungharie,

278 2998 412 3072 oratori
429 3000 533 3074 electi
549 3003 748 3100 Mogontini
764 3029 831 3101 per
844 3003 1001 3101 collegas
1017 3027 1100 3079 suos
1114 3005 1298 3100 deputato,

269 3119 552 3219 thurcopellerio
569 3127 703 3201 oratori
720 3128 923 3219 Rhodiano,

275 3250 587 3324 conseruatoribus
604 3276 747 3326 camere
770 3278 812 3327 ac
836 3253 1002 3328 omnibus
1027 3255 1202 3358 capitibus
1226 3253 1414 3352 regionum
1437 3253 1556 3344 Urbis,

273 3371 445 3472 episcopo
462 3376 630 3473 Regiensi
646 3381 780 3454 oratori
796 3381 897 3455 ducis
913 3381 1089 3468 Ferraria,

178 3579 184 3588 ⁸
271 3497 405 3571 oratori
420 3497 738 3594 ducisltlediolani,

270 3623 405 3696 oratori
421 3624 724 3716 Florentinorum,

271 3748 405 3822 oratori
421 3751 649 3842 senensium,

266 3875 545 3976 archiepiscopo
564 3879 778 3970 Arelatensi,

268 4003 542 4103 archiepiscopo
558 4005 782 4094 Florentino,

269 4129 543 4228 archiepiscopo
558 4128 827 4221 beneventano,

264 4254 434 4354 episcopo
450 4254 683 4346 Nannetensi,

263 4376 745 4476 episcopoBarclrinonensi,

267 4503 437 4604 episcopo
453 4509 634 4594 Massano,

260 4631 428 4729 episcopo
446 4625 692 4718 Foroliviensi,

264 4755 435 4852 episcopo
451 4759 659 4846 Mantuano,

264 4881 433 4979 episcopo
450 4881 679 4972 Catlranensi,

214 5031 221 5038 ·
261 5006 508 5104 protonotario
535 5007 579 5079 de
603 5010 774 5080 Preneste
803 5005 875 5078 sive
905 5006 949 5079 de
979 5004 1171 5097 Columna,
1201 5011 1238 5080 et

262 5131 395 5204 lacobo
411 5129 656 5230 protonotario
671 5131 717 5204 da
731 5133 957 5222 Sermonem,
