3422 6034
349 449 402 508 tlt
809 449 983 514 tonsurus
1008 456 1230 518 nauculam,
1532 455 1592 507 «tuin
1607 457 1667 508 tttt'

399 604 568 695 Sabbato,
588 606 727 703 5junii,
742 607 863 704 vigilia
877 611 1074 700 Trinitatis,
1091 613 1152 684 SS.
1169 615 1212 684 D.
1229 613 1353 684 noster
1365 609 1402 682 in
1415 631 1562 684 camera
1573 635 1669 708 papa-

303 831 308 841 ,
349 731 447 828 galli,
463 755 546 804 cum
556 732 970 831 acciperetparamenta,
984 737 1072 810 mihi
1086 737 1176 811 dixit
1192 735 1289 833 quod
1303 735 1478 832 deinceps
1492 759 1566 808 non
1580 737 1669 812 fverat

350 857 649 932 commemoratio
664 857 702 930 in
716 862 897 956 presentis
912 861 983 935 diei
1005 861 1165 960 vesperis
1181 861 1225 936 de
1246 862 1441 952 dominica,
1464 869 1572 959 prout
1585 864 1669 958 prius

350 1005 414 1054 suo
434 987 599 1078 tempore
620 981 715 1056 lacto
734 991 830 1056 esset
850 989 999 1081 propter
1027 986 1107 1058 testi
1138 985 1419 1074 solemnitatem,
1438 1009 1480 1060 ac
1502 987 1669 1058 commisit

350 1105 551 1180 oratoribus
578 1107 855 1183 ultramontanis
880 1110 1184 1184 contendentibus
1211 1109 1407 1206 significari
1432 1107 1568 1180 debere
1587 1109 1669 1204 quod

348 1233 419 1306 hoc
435 1256 516 1306 sero
531 1257 597 1330 pro
616 1233 776 1331 vesperis
797 1242 833 1307 et
853 1258 932 1308 cras
955 1259 1020 1333 pro
1040 1236 1152 1310 missa
1172 1235 1218 1308 ad
1234 1235 1409 1332 capellam
1430 1258 1504 1306 nou
1524 1233 1665 1307 veniant.

349 1361 484 1434 cumbi
501 1359 578 1432 dies
593 1360 866 1434 citramontanis
882 1361 953 1435 sint
973 1362 1156 1448 concessi;
1175 1361 1248 1456 qui,
1261 1384 1327 1458 pro
1342 1360 1507 1456 vesperis
1523 1366 1560 1432 et
1576 1359 1668 1430 missa

349 1485 587 1559 solemnitatis
603 1487 820 1560 sanctissimi
837 1489 1013 1584 corporis,
1031 1511 1053 1560 a
1068 1486 1207 1583 capella
1222 1509 1261 1558 se
1277 1485 1432 1560 debeant
1448 1484 1628 1560 abstinere
1641 1491 1667 1555 et

348 1610 606 1685 ultramontani
630 1618 706 1685 tum
726 1613 864 1703 venire,
886 1621 993 1710 prout
1014 1613 1147 1686 sactum
1173 1619 1249 1701 est;
1269 1619 1305 1686 et
1320 1615 1417 1708 Papa
1435 1609 1570 1684 deinde
1589 1609 1668 1680 veuit

284 1759 286 1767 ·
348 1737 394 1810 ad
420 1736 596 1835 capellam
620 1737 821 1834 predictam
848 1737 894 1811 ad
919 1761 1102 1836 vesperas,
1132 1737 1217 1813 iecit
1237 1738 1398 1812 osticium
1418 1743 1454 1812 et
1474 1735 1548 1810 alia
1566 1735 1670 1807 omnia

348 1887 449 1937 more
465 1863 571 1937 solito
587 1869 670 1936 sunt
685 1864 886 1938 observata.

397 1989 587 2064 Dominica
610 1993 632 2062 6
657 1988 764 2084 junii,
798 1989 932 2063 festum
968 2014 998 2063 s.
1027 1991 1223 2081 Trinitatis,
1248 1989 1440 2064 cardinalis
1477 1984 1666 2061 Parmensis

348 2112 543 2186 celebravit
566 2111 714 2184 missam
738 2111 940 2188 solemnem
961 2115 997 2186 in
1012 2115 1150 2212 capella
1169 2115 1345 2213 predicta,
1366 2119 1465 2210 Papa
1480 2115 1663 2209 presente:

349 2239 437 2310 dixit
457 2261 565 2312 unam
586 2237 787 2312 orationem
809 2245 948 2311 tantum
967 2247 1002 2313 et
1025 2239 1096 2312 alia
1112 2263 1214 2315 more
1232 2241 1352 2314 solito.
1368 2242 1449 2312 b'on
1462 2237 1529 2310 luit
1544 2257 1663 2310 sermo.

348 2364 432 2436 licet
448 2363 653 2436 intimatum
667 2362 792 2436 luisset
808 2361 905 2458 quod
920 2363 1214 2462 archiepiscopus
1229 2361 1456 2437 Patracensis
1471 2379 1662 2434 sermonen

347 2489 504 2562 tacturus
523 2494 619 2562 esset
643 2489 704 2584 qui
727 2512 798 2562 nou
828 2489 926 2562 venit
946 2488 991 2560 ad
1014 2489 1203 2585 capellams
1230 2493 1307 2562 Hoc
1326 2511 1447 2575 mane,
1481 2492 1661 2580 autequam

348 2619 411 2690 SS.
432 2620 474 2688 D.
493 2621 617 2689 noster
631 2614 769 2688 veniret
788 2613 834 2688 ad
856 2613 1046 2710 capellam,
1072 2613 1157 2686 dum
1176 2619 1388 2711 paramenta
1407 2617 1569 2708 caperet,
1589 2607 1682 2680 dirit-

348 2741 545 2838 mihi-quod
559 2747 656 2816 esset
672 2765 753 2813 cum
776 2746 880 2814 ltmo.
908 2743 951 2812 D.
976 2739 1205 2814 cardinales.
1234 2740 1379 2836 Georgii
1400 2735 1601 2811 camerario
1623 2731 1658 2804 ad

347 2865 588 2939 ordinandum
602 2867 874 2964 processionem
893 2887 959 2961 pro
976 2864 1034 2938 die
1057 2865 1220 2961 corporis
1236 2862 1367 2938 Christi
1380 2861 1473 2934 hora
1487 2882 1538 2945 m,
1555 2857 1591 2929 in
1605 2877 1661 2951 qua
1708 2881 1709 2932 t

346 2989 520 3064 officiales
549 2991 720 3066 incedere
750 2989 925 3064 deberent
953 2989 1080 3063 ordine
1115 2989 1361 3087 superioribus
1393 2986 1536 3059 duobus
1573 2982 1660 3054 annis

345 3115 548 3205 observato,
569 3124 604 3190 et
620 3115 717 3212 quod
729 3139 795 3212 per
814 3115 1050 3188 cardinalium
1067 3116 1238 3190 torrerios
1258 3119 1456 3210 poneretur
1475 3105 1657 3208 pauuosdr

345 3242 538 3338 rasciaper
551 3241 708 3338 plateam
725 3267 754 3315 s.
777 3242 886 3332 Petri,
901 3265 930 3313 s.
948 3241 1060 3313 ltlarci
1082 3263 1195 3338 prope
1208 3265 1237 3312 s.
1255 3236 1498 3311 Martinellum
1513 3242 1549 3309 et
1564 3236 1659 3306 Beue
1707 3219 1708 3238 l

343 3363 487 3436 ventani
505 3361 698 3438 cardinalis
709 3389 822 3463 prope
836 3391 865 3438 s.
886 3366 1138 3440 Catharinam:
1157 3366 1236 3438 aliis
1251 3360 1495 3438 cardinalibus
1511 3355 1657 3432 distribui

344 3485 492 3562 deberet
516 3513 582 3586 per
610 3513 744 3564 cannas
778 3515 799 3564 a
825 3491 986 3566 ferreriis
1023 3491 1143 3587 platea
1168 3515 1189 3564 a
1215 3515 1244 3562 s.
1275 3486 1471 3564 Catharina
1489 3505 1599 3580 usque
1623 3479 1656 3550 ad

343 3618 499 3686 castrum
522 3637 550 3686 s.
573 3615 715 3710 Angeli,
742 3622 780 3690 ut
802 3616 933 3712 singuli
955 3643 1056 3693 suam
1082 3625 1222 3716 partem
1250 3621 1421 3690 ornarent
1435 3638 1509 3710 pro
1528 3631 1657 3710 proces·
1706 3661 1707 3670 κ

343 3737 454 3810 sionis
471 3737 529 3812 die
543 3739 728 3834 predicta:
748 3742 799 3814 sic
817 3741 883 3814 suit
898 3743 1143 3818 observatum.

392 3865 477 3937 Heri
492 3887 573 3936 sero
585 3865 621 3937 in
636 3869 811 3963 vesperis,
831 3893 875 3943 ox
891 3871 1150 3944 commissione
1166 3871 1229 3943 SS.
1249 3871 1291 3940 l).
1312 3868 1354 3938 N.
1376 3869 1546 3961 receptus
1561 3860 1616 3933 luit
1627 3856 1655 3927 iu

341 3991 554 4086 magistrum
565 3987 664 4066 ¹sacri
685 3993 820 4091 palatii,
840 4003 876 4068 et
891 4019 934 4069 eo
956 3997 1038 4070 loco
1057 3996 1259 4091 assignatus
1277 3998 1333 4064 est
1350 3990 1527 4084 magister
1544 3983 1653 4059 Paulus

340 4117 530 4190 larinensis
544 4117 680 4190 ordinis
695 4119 962 4214 predicatorum
977 4120 1012 4192 in
1034 4120 1155 4193 locum
1168 4117 1339 4215 'magistri
1353 4115 1465 4188 Marci
1485 4113 1543 4208 qui
1563 4107 1651 4183 hodie
1705 4135 1706 4211 p

341 4242 377 4314 in
403 4249 544 4317 secreto
568 4244 784 4316 consistorio
802 4267 867 4340 per
889 4247 952 4318 SS.
974 4248 1016 4317 D.
1044 4247 1085 4316 N.
1111 4241 1265 4316 ecclesie
1283 4239 1473 4328 Theatine,
1495 4242 1651 4334 quatenus

340 4366 546 4463 Alphonsus
569 4367 704 4442 electus
731 4367 942 4456 lbeatiuus,
967 4370 1064 4464 regis
1086 4366 1303 4442 Fcrdiuandi
1320 4365 1429 4456 fitius,
1448 4387 1493 4438 ex
1510 4357 1649 4435 Ecclesia

340 4493 470 4591 Rhegii
488 4494 713 4592 Neapolitani
734 4493 909 4590 adquam
930 4493 964 4564 in
984 4493 1115 4567 eodem
1138 4492 1353 4567 consistorio
1373 4490 1439 4563 luit
1462 4487 1646 4564 translatus
1704 4543 1705 4548 ,

340 4620 434 4692 inira
452 4628 571 4693 tres...
592 4619 773 4716 prefectus
790 4625 863 4691 est·
856 4617 1043 4714 ,alioquin
1065 4642 1221 4692 exnunc
1243 4623 1349 4714 prout
1368 4638 1413 4688 ex
1435 4621 1522 4686 tunc
1540 4571 1705 4686 eodem

338 4745 511 4840 magistro
537 4749 659 4819 Marco
682 4745 845 4840 regimen
884 4751 921 4816 et
949 4743 1297 4817 administrationem
1323 4738 1478 4814 ecclesie
1506 4733 1645 4829 Rhegiflt

339 4869 501 4966 predicte
520 4870 714 4945 commisit.

389 4996 493 5067 Feria
508 5003 647 5091 quarta,
658 4993 856 5068 emensis
843 4993 949 5090 Junii,
965 4994 1087 5090 vigilia
1099 5017 1262 5091 corporis
1275 4988 1507 5064 sacratissimi
1519 4977 1640 5060 Christi
1703 4975 1704 5027 t

339 5121 402 5192 SS.
433 5123 475 5192 D.
503 5127 628 5194 noster
650 5127 795 5218 paratus
817 5143 918 5193 more
949 5119 1053 5192 solito
1082 5120 1179 5192 vonit
1214 5119 1260 5192 ad
1286 5115 1463 5214 capellam
1489 5113 1639 5208 majorem
