3422 6034
320 481 373 537 330
777 479 952 540 JOHANNtS
973 481 1194 556 BURCHARDI,
1455 485 1627 556 [nonturno

322 633 419 708 diam
435 639 470 708 et
485 633 582 710 illam
590 635 692 734 juxta
708 634 885 732 capellam
901 635 1016 709 sancti
1029 637 1186 730 Andree,
1205 645 1241 713 et
1256 639 1416 736 positum
1425 638 1494 711 fuit
1505 641 1593 737 quasi
1601 643 1627 716 in

321 759 441 834 medio
457 760 625 852 ecclesie,
639 760 790 858 pedibus
806 760 852 833 ἃᾶ
866 767 1007 859 portam
1017 763 1142 852 versis,
1157 766 1322 861 etcapite
1333 765 1378 838 ad
1387 764 1515 854 altare,
1528 775 1561 837 ut
1569 791 1629 840 mo
1693 777 1694 788 ²

322 884 371 957 ris
387 890 453 958 est.
473 885 544 958 Sed
562 885 714 958 clericus
729 885 876 960 basilice
892 887 1054 983 predicte
1070 911 1218 962 crucem
1238 897 1386 986 portans
1412 889 1512 963 illam
1538 894 1630 964 tenuit

323 1009 368 1083 ad
382 1015 490 1106 caput
502 1009 675 1102 defuncti,
699 1010 867 1107 quemad
885 1011 997 1108 pedes
1016 1017 1141 1087 tenere
1162 1013 1318 1088 debebat
1334 1037 1441 1086 more
1465 1023 1628 1088 consueto.

372 1133 518 1208 lnterim
543 1121 705 1208 oratores
729 1142 765 1207 et
788 1135 916 1232 prelati
942 1135 1095 1232 predicti
1120 1136 1294 1211 sederunt
1318 1137 1355 1210 in
1381 1137 1510 1211 baucis
1533 1139 1631 1212 altaris

322 1261 427 1333 beate
449 1257 562 1333 Mario
583 1258 743 1355 virginis,
770 1261 872 1333 chori
898 1261 1062 1336 videlicet
1091 1263 1245 1338 ecclesie
1272 1263 1453 1360 predicte,
1483 1270 1519 1338 et
1545 1265 1633 1338 frater

321 1385 502 1458 Marianus
517 1383 561 1458 de
577 1384 738 1460 Viterbio
749 1385 889 1458 ordinis
909 1386 1191 1483 predicatorum,
1217 1395 1316 1462 stans
1331 1389 1367 1461 in
1383 1389 1513 1462 infimo
1528 1390 1631 1487 gradu,

321 1533 492 1585 ascensus
505 1509 673 1584 adaltare
688 1510 903 1606 predictum,
921 1533 1045 1584 versus
1061 1511 1107 1585 ad
1121 1511 1238 1586 dictos
1251 1519 1416 1588 oratores
1430 1521 1468 1589 et
1483 1515 1633 1612 prelatos,

321 1633 407 1710 fecit
427 1635 618 1712 funebrem
644 1637 859 1728 orationem,
884 1641 923 1710 ut
950 1637 1062 1711 moris
1085 1645 1157 1727 est;
1187 1661 1259 1735 qua
1289 1637 1390 1712 finita
1422 1651 1634 1715 recesserunt

321 1783 461 1851 omnes,
485 1769 519 1834 et
544 1761 695 1858 quisque
716 1761 761 1834 ad
781 1785 883 1834 suam
906 1761 1168 1836 habitationem
1188 1785 1367 1838 reversus.
1394 1764 1543 1838 lnterim
1566 1765 1636 1838 dun
1694 1818 1695 1894 ,

321 1909 442 1961 sermo
458 1886 574 1976 fieret,
596 1885 707 1959 linitis
727 1909 749 1959 a
770 1887 868 1960 clero
888 1889 1119 1986 responsorio
1141 1897 1176 1964 et
1200 1890 1440 1981 orationibus,
1466 1890 1636 1965 defunctus
1694 1897 1695 1942 t

320 2021 484 2111 portatus
508 2014 628 2088 estad
656 2013 832 2110 capellam
859 2023 993 2089 sancte·
1011 2016 1121 2090 Marie
1156 2015 1200 2088 de
1228 2016 1419 2102 Febribus,
1446 2016 1483 2088 in
1510 2039 1586 2112 qua,
1608 2017 1635 2088 in
1694 2035 1695 2044 ¹

320 2139 452 2236 angulo
468 2139 514 2212 ad
529 2139 710 2212 sinistram
725 2139 954 2230 intrantibus,
981 2140 1141 2236 sepultus
1163 2145 1230 2216 cst.
1247 2139 1376 2236 Opinio
1393 2147 1636 2236 eratquorum·

320 2265 403 2338 dam
429 2270 672 2339 mercatorum
701 2264 991 2339 florentinorum
1015 2288 1203 2340 romanam
1234 2265 1370 2340 curiam
1407 2265 1634 2361 sequentium,

320 2389 540 2486 quodetiam
565 2397 668 2487 pater
691 2389 849 2464 defuncti
873 2389 981 2464 funus
1000 2391 1181 2464 associare
1203 2391 1358 2465 debebat
1377 2391 1426 2464 ad
1447 2390 1635 2476 ecclesiam,

319 2514 613 2612 pannisriolatiis
635 2516 798 2591 obscuris
820 2516 983 2604 vestitus,
1009 2515 1105 2612 quod
1129 2516 1217 2589 mihi
1241 2515 1432 2588 dissonum
1452 2514 1636 2591 ridebatur.

320 2663 403 2714 cum
419 2647 516 2715 esset
536 2641 571 2712 in
591 2642 735 2738 publico
756 2641 893 2729 officio;
916 2640 1023 2738 idque
1044 2647 1148 2738 pater
1170 2641 1334 2714 similiter
1355 2649 1530 2738 reputans
1545 2663 1637 2737 prop·

320 2771 421 2838 terea
435 2789 509 2838 non
525 2766 727 2840 associavit.

259 2939 270 2965 .
317 2938 319 2942 .
369 2889 474 2963 Faria
492 2890 662 2976 secunda,
687 2915 756 2988 que
780 2893 845 2965 fuit
870 2897 890 2964 2
915 2892 992 2966 dics
1019 2891 1204 2984 februarii,
1233 2893 1366 2968 festum
1388 2889 1637 2989 purificationis

320 3015 424 3089 beate
440 3016 552 3090 Marie
564 3016 720 3114 virginis,
739 3017 873 3114 paratis
889 3040 933 3091 ex
948 3040 1050 3091 more
1063 3017 1100 3089 in
1116 3017 1254 3114 capella
1269 3018 1410 3113 majore
1418 3015 1540 3113 palatii
1550 3035 1637 3110 apos·
1695 3040 1696 3126 p

319 3139 417 3214 tolici
433 3143 527 3238 apud
543 3166 572 3215 s.
592 3147 738 3234 Petrum
753 3143 911 3217 candelis
923 3145 1026 3241 juxta
1041 3143 1172 3218 ostium
1188 3141 1385 3216 mansionis
1407 3141 1569 3229 sacriste,
1581 3141 1634 3227 SS,
1695 3135 1696 3210 l

321 3274 364 3357 D.
391 3275 517 3344 noster
539 3277 700 3367 paratus,
720 3277 758 3342 ut
781 3268 892 3342 moris
913 3269 1091 3360 est,venit
1111 3267 1305 3342 addictam
1329 3267 1522 3365 capellam,
1545 3285 1635 3338 cruce

321 3399 357 3467 et
387 3394 628 3468 cardinalibus
648 3393 941 3491 precedentibus,
969 3401 1005 3468 ct
1027 3393 1123 3468 facta
1141 3393 1303 3467 oratione
1324 3392 1361 3464 in
1383 3389 1580 3466 faldistorio
1599 3411 1631 3459 ar
1695 3395 1696 3422 ¹

320 3519 559 3593 cardinalibus
581 3520 627 3593 ad
650 3521 887 3594 reverentiam
912 3521 1055 3594 solitam
1078 3503 1250 3616 receptis,
1276 3525 1501 3615 acceperunt
1522 3534 1632 3588 omnes

320 3651 543 3744 paramenta,
562 3645 688 3719 utlieri
706 3646 814 3734 solet,
831 3651 907 3718 tum
920 3649 1028 3742 Papa,
1042 3645 1206 3742 deposita
1222 3645 1340 3734 mitra,
1360 3643 1494 3720 sedens
1507 3645 1635 3740 propter

320 3770 556 3861 debilitatem,
582 3773 765 3847 benedixit
785 3773 968 3864 candelas,
982 3778 1089 3870 prout
1107 3772 1143 3844 in
1164 3771 1360 3860 ordinario,
1381 3769 1535 3867 aspersit
1549 3773 1581 3839 et
1593 3764 1634 3836 in-

322 3895 491 3969 censavit.
504 3899 595 3969 'l'um
609 3897 924 3972 vicecancellarius
940 3897 1121 3970 distribuit
1137 3901 1233 3993 Pape
1247 3896 1338 3968 dnos
1355 3917 1509 3992 magrros
1525 3909 1632 3965 cereos

237 4095 240 4102 ,
322 4044 478 4117 quorum
494 4044 607 4094 unum
624 4045 646 4094 a
664 4018 799 4094 dextris
818 4019 931 4093 tenuit
947 4019 1160 4095 Franciscus
1182 4018 1269 4092 Cibo
1294 4016 1389 4090 lilius
1406 4021 1517 4115 Pape,
1539 4013 1628 4087 aliun

321 4145 504 4219 asinistris
519 4144 780 4243 primogenitus
797 4144 971 4242 Principis
987 4143 1204 4242 Bissignani.
1223 4142 1359 4216 Deinde
1378 4145 1489 4239 Papa,
1502 4141 1629 4232 accepto

322 4271 499 4370 gremiali,
518 4269 697 4342 distribuit
713 4269 790 4343 aliis
814 4293 915 4344 more
937 4277 1126 4342 consueto.
1149 4273 1234 4342 Post
1250 4267 1464 4342 assistentes
1478 4272 1628 4341 etomnes

321 4397 478 4496 prelatos
490 4401 634 4493 paratos
646 4401 682 4469 et
696 4393 970 4491 penitentiarios
982 4399 1018 4467 et
1031 4393 1075 4466 de
1087 4393 1263 4465 Columna
1274 4397 1310 4466 et
1325 4385 1628 4466 Sermonetaassis-

321 4527 439 4596 tentes
459 4545 501 4595 ac
527 4520 571 4593 dc
590 4517 746 4617 Vig'nola
766 4520 1047 4616 gubernatorem
1070 4517 1176 4592 Urbis
1195 4517 1499 4616 protonotarium,
1520 4506 1625 4612 prefati

323 4653 399 4722 ltu.
427 4646 639 4720 Franciscus
663 4645 749 4719 Cibo
772 4651 808 4718 et
832 4643 1094 4741 primogenitus
1119 4651 1338 4740 acceperunt
1359 4665 1444 4715 suas
1466 4635 1623 4717 candelas,

322 4781 400 4846 tum
415 4771 486 4862 alii,
503 4777 541 4844 ut
554 4771 634 4846 fieri
647 4771 750 4844 solet.
768 4769 904 4843 Deinde
915 4768 1331 4866 Papadixitorationem,
1348 4767 1516 4864 imposuit
1527 4764 1626 4836 inccn-

324 4919 405 4969 sum
428 4905 463 4969 et
483 4896 578 4971 facta
597 4903 651 4970 est
672 4896 857 4994 processio
877 4919 943 4994 per
963 4895 1082 4968 aulam
1106 4917 1289 4990 magnam.
1315 4897 1412 4990 Papa
1430 4889 1571 4989 projecit
1590 4881 1623 4955 ad

322 5020 458 5095 lobiam
470 5022 637 5096 candelas
648 5045 775 5120 parvas
788 5021 935 5119 populo,
951 5029 1025 5093 tum
1038 5043 1202 5094 reversus
1214 5026 1270 5092 est
1280 5015 1581 5116 processionaliter
1590 5004 1624 5079 ad

324 5131 500 5242 ¹capellam
514 5149 726 5244 predictam,
750 5149 812 5222 ubi
827 5146 994 5244 deposuit
1013 5152 1226 5243 paramenta
1247 5143 1439 5241 etincepta
1458 5149 1509 5218 est
1523 5137 1620 5213 missu.
