3422 6034
335 509 389 565 382
791 500 966 559 JOllANNlS
991 497 1210 567 BURCHARDI,
1464 497 1570 562 [lauvier
1581 504 1635 568 rim}

385 659 521 733 Eadem
545 656 615 748 die,
641 662 655 728 1
687 654 850 754 januarii,
878 653 949 728 leci
973 653 1167 752 prandium
1189 675 1272 726 cum
1287 649 1514 725 cubiculariis
1538 677 1637 728 secre-

337 787 403 874 tis;
429 793 465 858 et
484 787 632 881 peracto
651 781 816 880 prandio,
840 780 976 853 ostensi
992 803 1113 852 versus
1134 777 1318 876 predictos
1336 801 1420 852 cum
1443 778 1637 853 orationibus

338 915 401 985 SS.
420 915 462 983 D.
480 913 509 984 N
515 966 539 999 .‚
558 908 618 1005 qui
635 932 679 982 ex
699 907 859 982 versibus
875 905 985 1002 elegit
999 905 1156 1002 primum
1181 903 1348 978 videlicet
1367 929 1501 1002 mopna
1515 905 1640 978 etnim-

339 1035 420 1106 titia
447 1045 527 1126 etc,
557 1033 716 1122 tertium,
739 1031 933 1121 decimum,
961 1031 1205 1120 undecimum,
1236 1029 1419 1104 decimum
1439 1039 1594 1126 quartum
1612 1037 1639 1103 et

338 1159 534 1234 secundam
549 1156 941 1250 orationemfvidelicet
956 1157 1172 1254 omnipotens
1182 1157 1390 1254 sempiterne
1404 1156 1498 1231 Deus
1510 1156 1544 1228 in
1556 1157 1639 1250 cvjvs

337 1296 561 1376 mammete,
586 1284 740 1358 dicenda
753 1288 792 1356 ut
812 1307 937 1380 supra;
966 1288 1002 1357 et
1028 1282 1111 1379 quia
1135 1287 1179 1356 D.
1197 1280 1459 1371 Bernardinns‚
1477 1281 1639 1378 episcopus

339 1410 522 1500 Pacensis,
541 1411 636 1508 regis
653 1409 823 1508 Hispanie
840 1414 961 1482 orator
977 1411 1041 1508 (1),
1056 1407 1206 1481 missam
1220 1407 1316 1482 dicta
1334 1406 1393 1480 die
1407 1406 1638 1494 celebraturus,

338 1537 534 1612 notificavit
548 1535 637 1610 mihi
651 1539 714 1611 SS.
735 1539 777 1609 D.
789 1537 831 1608 N.
848 1533 1073 1608 concessisse
1090 1533 1187 1629 quod
1201 1533 1238 1606 in
1254 1532 1350 1606 dicta
1365 1532 1481 1604 missa
1502 1531 1641 1628 quamde

338 1669 463 1739 octava
478 1663 593 1738 sancti
608 1659 781 1736 Johannis
802 1659 1020 1758 evangeliste
1037 1657 1212 1732 celebrari
1229 1658 1376 1749 debere,
1396 1655 1554 1731 ordinavi
1578 1679 1641 1728 cum

338 1788 683 1864 commemoratione
707 1784 908 1860 lnnocentii
937 1783 1052 1860 octavi
1080 1789 1117 1857 et
1142 1786 1305 1860 oratione
1339 1783 1437 1858 Dens
1458 1781 1520 1881 qni
1544 1782 1642 1854 salutis

339 1927 467 2006 eterne,
485 1921 591 2013 prout
616 1915 652 1987 in
677 1915 872 2006 ordinario,
892 1915 1077 1990 diceretur
1091 1919 1218 2012 quarta
1233 1912 1348 1987 oratio
1363 1933 1433 2008 pro
1450 1911 1528 2007 ipso
1546 1907 1642 2005 ponti-

339 2041 409 2116 fice
430 2047 465 2116 et
480 2041 678 2138 quintapro
695 2064 781 2138 rege
797 2049 833 2116 et
848 2041 972 2139 regina
988 2041 1159 2139 Hispania
1176 2065 1184 2113 :
1202 2039 1274 2112 dixi
1290 2042 1353 2114 SS.
1366 2041 1411 2110 D.
1422 2039 1467 2111 N.
1482 2035 1517 2107 in
1532 2031 1643 2130 capelo

339 2166 594 2242 inconsuetum
621 2166 769 2240 omnino
799 2191 879 2240 esse
909 2173 946 2240 et
970 2173 1093 2264 preter
1121 2167 1255 2240 bonam
1279 2162 1476 2252 rationem,
1494 2183 1555 2257 pro
1573 2180 1643 2253 quo-

339 2317 493 2390 cumque
510 2317 609 2392 rege‚
627 2291 736 2368 etiam
751 2291 968 2390 imperatore
980 2297 1279 2388 autqnocumque
1294 2290 1378 2382 alio,
1396 2309 1465 2386 per
1476 2283 1642 2384 specialem

340 2417 543 2493 orationem
559 2415 759 2514 deprecari,
776 2416 922 2514 dempto
938 2415 1058 2490 olficio
1075 2415 1144 2489 diei
1158 2415 1302 2489 veneris
1319 2414 1436 2489 sancti
1453 2439 1461 2486 :
1479 2417 1645 2510 propterea

340 2541 596 2618 inconveniens
612 2565 692 2617 esse
709 2542 804 2640 quod
819 2541 981 2640 predicta
998 2541 1112 2614 oratio
1123 2563 1188 2638 pro
1204 2539 1462 2638 Hispaniarum
1475 2563 1557 2636 rege
1572 2537 1645 2611 dica-

340 2677 409 2742 tur.
437 2667 637 2764 Respondit
653 2667 830 2742 Sanctitas
851 2691 917 2741 sna
939 2665 1036 2740 idem
1060 2665 1126 2739 sibi
1146 2665 1272 2756 videri,
1291 2671 1327 2739 et
1341 2689 1418 2739 non
1443 2664 1644 2740 concessisse

340 2794 437 2890 quod
472 2794 624 2885 dicatur,
654 2795 717 2867 sed
738 2793 870 2868 oratori
899 2790 1125 2867 commisisse
1155 2790 1253 2888 quod
1285 2815 1396 2889 super
1425 2792 1497 2867 hoc
1524 2811 1643 2865 mecum

338 3061 387 3120 des
406 3062 527 3132 Menses,
541 3059 657 3118 arrived
674 3059 702 3118 la
713 3061 787 3134 prisc
809 3061 842 3117 de
862 3060 944 3132 Baza,
958 3060 1130 3119 inutilement
1149 3061 1274 3136 ussitgee
1289 3079 1338 3136 par
1356 3061 1397 3118 les
1419 3059 1581 3136 Espagnols,
1594 3057 1646 3114 mab

338 3152 443 3208 bientot
456 3150 561 3208 reduite
576 3150 633 3234 ala
643 3149 807 3232 soumission
821 3168 871 3225 par
883 3150 1004 3208 l'arrivee
1018 3151 1051 3208 tle
1062 3151 1088 3206 la
1102 3149 1176 3204 reine
1187 3153 1316 3206 amassent
1325 3149 1360 3205 de
1375 3167 1523 3207 nouveaux
1532 3149 1645 3206 renlorts:

375 3265 389 3295 c
405 3243 445 3299 Ne
459 3240 515 3312 isti,
527 3240 627 3316 iuquit,
648 3241 820 3299 retardarent
833 3240 984 3311 victoriam,
1001 3241 1034 3296 de
1049 3237 1216 3296 Ferdinandi
1230 3239 1304 3312 regis
1316 3238 1542 3297 Christianissimi
1555 3237 1646 3296 consilio

338 3338 366 3390 et
388 3348 516 3400 assensu,
532 3347 675 3388 occurrere
697 3330 817 3386 decrevit
836 3331 1011 3388 serenissima
1032 3329 1141 3386 dominu
1159 3328 1256 3402 regina
1279 3327 1422 3386 Elisabeth
1446 3329 1605 3388 descendeus
1622 3343 1647 3380 er

339 3419 453 3478 Giennio
469 3438 531 3477 curn
545 3437 615 3477 novo
631 3420 722 3488 milite,
744 3419 927 3495 applicuitque
946 3422 979 3477 ad
993 3425 1086 3477 castra
1106 3425 1203 3475 octova
1218 3418 1387 3488 Novembris,
1403 3437 1469 3494 quae
1487 3420 1597 3478 adventu
1609 3434 1647 3472 suo

338 3517 365 3567 et
378 3510 479 3568 nostris
493 3510 629 3584 patientie
643 3508 777 3584 hyemalis
795 3510 872 3566 lacile
888 3510 1005 3567 animum
1018 3509 1103 3578 dedit,·
1119 3508 1245 3565 hostibus
1260 3526 1323 3565 vero
1334 3525 1444 3565 omnem
1460 3527 1535 3584 spem
1549 3507 1646 3564 levanda

338 3599 487 3656 obsidionis
502 3601 554 3657 sub
569 3619 623 3674 qua
642 3599 800 3671 tuebantur,
817 3599 939 3657 ademit:
955 3615 1009 3673 quo
1024 3599 1066 3671 fit,
1088 3597 1225 3654 utstatim
1246 3598 1365 3655 adventu
1388 3614 1439 3655 suo
1464 3596 1616 3656 consternati
1628 3602 1647 3649 et

339 3687 440 3762 stupidi
454 3689 573 3746 hostium
597 3689 680 3745 animi
701 3675 757 3746 non
785 3690 819 3746 de
843 3689 936 3758 armis,
952 3689 1001 3745 sed
1020 3689 1054 3744 de
1075 3687 1191 3744 induciis
1215 3693 1242 3744 et
1270 3688 1357 3760 pactis
1378 3688 1541 3762 cogitarent,
1559 3685 1647 3757 incepe-

338 3782 456 3850 runtque
476 3777 622 3834 deditionis
643 3783 788 3836 tractatum
810 3779 854 3836 die
877 3777 1038 3836 Novembris
1053 3777 1101 3843 Xl,
1119 3777 1199 3834 tertia
1221 3775 1346 3834 videlicet
1364 3785 1429 3852 post
1443 3777 1530 3852 ipsius
1554 3773 1645 3846 Regius

338 3867 493 3938 adveutum,
515 3867 717 3936 concluserunt,
732 3869 829 3943 viginti
843 3868 914 3924 datis
930 3867 1012 3924 etiam
1025 3865 1179 3934 obsidibus,
1191 3883 1222 3922 ac
1236 3873 1335 3940 quarta
1348 3867 1508 3925 Decembris
1518 3867 1559 3924 die
1569 3863 1646 3922 felicis·

338 3955 407 4014 sima
419 3956 524 4014 Natalis
539 3955 638 4016 Christi
652 3957 870 4016 lllCDLXXXlX
894 3957 1038 4014 civitanem
1057 3957 1145 4024 Besae,
1160 3955 1225 4012 olim
1239 3973 1393 4030 pugnacem
1413 3963 1441 4014 et
1462 3959 1581 4026 lerccem,
1595 3953 1645 4009 libe·

338 4063 396 4104 ram
413 4051 441 4102 et
454 4045 607 4121 expeditam
621 4047 716 4121 Regiae
733 4047 829 4104 ditioni
848 4047 1024 4121 reliquerunt.
1042 4045 1184 4102 Concessit
1197 4051 1289 4102 tamen
1311 4045 1387 4120 regia
1402 4045 1545 4103 clementia
1561 4043 1645 4100 civibvs

338 4135 509 4196 Bacensibus
524 4136 675 4195 libertatem
689 4135 825 4195 incolendi
839 4143 865 4195 et
875 4137 1027 4207 babitandi,
1044 4137 1095 4192 sub
1110 4135 1186 4208 regia
1201 4141 1291 4192 tamen
1303 4135 1445 4206 servitute,
1460 4137 1535 4194 villas
1549 4141 1572 4191 et
1581 4147 1643 4205 agros

338 4227 366 4284 in
379 4227 541 4303 propinquis
555 4227 644 4302 planis
659 4227 864 4285 consistentes:
880 4227 1055 4302 cupientibus
1075 4243 1139 4284 vero
1158 4224 1277 4282 Africam
1291 4228 1334 4283 vel
1349 4227 1402 4283 alie
1421 4227 1481 4284 loca
1499 4234 1584 4302 petere
1598 4237 1645 4278 cum

337 4317 380 4373 his
396 4317 483 4374 solum
502 4317 581 4373 bonis
604 4335 665 4390 quae
684 4317 805 4374 humeris
827 4324 968 4392 asportare
982 4318 1148 4392 potuissent,
1172 4317 1309 4392 armisque
1327 4318 1462 4390 dimissis,
1484 4319 1562 4376 libere
1579 4311 1644 4370 incul-

338 4412 422 4463 totem
435 4406 567 4480 permisit.
579 4405 681 4463 Civitas
695 4423 804 4481 quoque
819 4407 970 4464 Purchenae
984 4408 1099 4464 duorum
1116 4407 1228 4464 millium
1246 4407 1355 4474 civium,
1371 4407 1469 4466 civitas
1486 4408 1643 4465 Tubemamu

338 4496 419 4566 mille,
435 4514 468 4552 ac
482 4495 588 4553 celebre
602 4495 730 4570 oppidum
741 4495 840 4567 Seven,
856 4497 999 4571 antiquum
1015 4497 1224 4555 Granatensium
1239 4498 1426 4573 gymnasium,
1438 4498 1529 4555 omnia
1540 4501 1644 4552 monhua

339 4586 510 4643 de¹Vacares
532 4591 560 4643 et
576 4586 609 4642 de
631 4585 753 4642 Filabres
774 4604 805 4644 ae
830 4587 957 4644 universa
971 4587 1030 4662 ripa
1046 4587 1165 4644 fluminis
1181 4588 1348 4644 Almanzorae
1364 4605 1429 4644 cum
1443 4587 1535 4644 multis
1547 4581 1641 4658 oppidi&

338 4675 435 4732 castris
454 4682 481 4732 et
501 4675 609 4732 arcibus
630 4675 817 4749 adjacentibus
837 4676 928 4732 omnia
946 4676 1015 4747 hac,
1037 4695 1099 4751 quae
1119 4693 1233 4734 numero
1252 4683 1280 4734 et
1301 4677 1524 4735 exterminatione
1538 4673 1610 4730 multu
1624 4674 1643 4722 cl

338 4781 449 4838 magna,
464 4781 519 4821 uno
532 4771 559 4820 et
573 4765 691 4821 maxima
701 4771 774 4836 sunt,
791 4783 808 4822 a
821 4765 908 4839 prima
917 4765 1075 4823 Decembris
1091 4767 1226 4840 usquead
1241 4773 1364 4824 octavam
1379 4766 1407 4824 in
1422 4767 1524 4842 regiam
1539 4761 1643 4819 ditionem

339 4860 527 4922 pervenerunt.
545 4875 560 4904 »
577 4851 733 4927 (Rayualdi
749 4859 771 4910 t.
782 4853 870 4916 XXX.
887 4871 914 4926 p.
928 4855 1001 4929 168.)

375 4942 401 4994 1.
423 4940 573 4997 Bernardin
587 4943 621 4998 de
635 4940 770 5014 Carjavst
786 4946 820 4998 ne
835 4946 850 4999 a
864 4942 1004 5002 Placentia
1018 4961 1052 5002 en
1066 4947 1146 5016 1136,
1162 4948 1227 5004 etait
1240 4964 1311 5005 venu
1325 4953 1386 5004 tout
1396 4945 1478 5020 jeune
1494 4945 1597 5003 aeone
1609 4955 1614 4994 :
1626 4934 1640 4992 il

338 5026 379 5084 int
391 5029 519 5086 camerier
532 5032 566 5088 de
580 5031 658 5089 Siste
672 5031 720 5090 IV.
736 5031 893 5089 Ambitieux
907 5039 935 5090 et
948 5035 1022 5107 actii,
1038 5035 1056 5092 il
1071 5035 1111 5094 lut
1124 5041 1232 5093 nomme
1246 5053 1294 5110 par
1306 5053 1356 5092 son
1372 5033 1513 5091 souverain
1522 5032 1640 5090 ambassa·

338 5115 577 5263 debrqdpssspagne
596 5125 660 5195 pres
683 5121 710 5178 la
723 5139 789 5180 cour
811 5122 845 5180 de
866 5121 962 5182 Rome.
983 5125 1047 5184 Plus
1067 5126 1138 5197 tard,
1154 5126 1307 5184 Alexandro
1326 5123 1398 5183 Vile
1412 5141 1517 5182 nomme
1532 5113 1639 5178 caninat

338 5221 372 5262 en
455 5246 462 5262 .
