3436 6038
85 451 243 520 [Septembre
256 453 323 518 aleo]
406 451 533 512 RERUM
556 453 783 512 UHBANARUM
808 451 1070 512 COMMENTARII.
1349 459 1403 514 209

126 611 161 700 a.
179 609 464 684 Etodrcuduntio
474 609 512 683 iu
528 610 682 684 turribus
696 609 779 701 tuis,

125 737 160 826 ir.
179 735 351 827 Concede,
380 760 584 834 quesumus,
607 736 774 828 Domine,
794 734 924 832 populo
945 744 1017 824 tuo,
1040 743 1082 806 ut
1098 732 1146 805 sit
1162 756 1221 806 cor
1240 757 1353 807 ornum
1370 746 1404 808 et

81 861 191 932 ausimo
206 885 295 950 eruo,

121 986 157 1074 ip.
176 983 223 1056 Iu
239 985 476 1060 obseruatione
486 984 735 1060 mundatorum
749 998 905 1078 tuorum,

123 1112 158 1200 p.
170 1109 256 1184 Non
275 1113 387 1200 nodis,
405 1112 565 1204 Domine,
583 1135 654 1186 nou
670 1113 781 1204 nodis,

123 1236 160 1326 tl.
175 1235 251 1309 Sed
265 1239 403 1312 nomini
418 1249 476 1312 tuo
491 1238 536 1311 do
552 1237 717 1335 ploriom.

122 1361 156 1450 p.
176 1358 338 1451 Domine,
351 1363 483 1436 eeoudi
497 1364 689 1436 orationem
704 1387 832 1454 meum,

121 1487 158 1576 ll.
176 1487 232 1562 Et
246 1488 487 1563 clomormeus
500 1489 549 1562 od
564 1502 596 1563 te
612 1491 739 1564 ueniat.
812 1583 814 1586 v

124 1611 158 1698 Jr.
175 1611 353 1684 Dominus
367 1613 554 1704 uobiscum,

122 1736 160 1826 ll.
177 1735 323 1810 Etcum
337 1737 464 1834 spiritu
478 1750 548 1811 toro.

537 1937 540 1944 .
665 1869 831 1940 Oramus.

117 1983 253 2062 Denso
277 2013 345 2086 quo
371 2001 493 2064 sarecto
518 1989 703 2082 desiderio,
732 2004 827 2066 recto
845 1993 990 2066 consiliu
1010 2006 1043 2067 et
1057 1995 1157 2090 justo
1179 2004 1265 2066 sum
1283 2017 1401 2090 opero,

79 2111 119 2184 do
131 2115 239 2187 seruis
251 2115 320 2187 tuis
333 2114 431 2188 illum
442 2129 549 2214 quom
564 2117 719 2190 nzzrudus
737 2117 822 2191 dore
837 2131 1181 2218 nonpotestpocuu,
1200 2132 1240 2194 ut
1256 2131 1289 2192 et
1300 2118 1405 2192 cordo

82 2249 194 2311 nostra
218 2241 396 2315 mundatis
412 2243 481 2316 tuis
499 2243 615 2316 dedito
630 2255 674 2335 et,
694 2243 846 2318 hostium
862 2246 1000 2318 subluto
1018 2247 1225 2346 formidine,
1249 2257 1404 2342 terrproro

80 2364 147 2435 siret
163 2375 225 2437 tuo
237 2368 455 2462 protectione
473 2369 677 2467 tranquillo.
695 2370 770 2443 Per
783 2371 832 2443 D.
852 2371 897 2444 N
896 2429 903 2443 .
921 2369 959 2443 J.
978 2371 1158 2446 Christum
1172 2369 1287 2454 filium
1303 2383 1404 2444 tuum

81 2489 137 2583 qui
151 2501 264 2564 tecum
283 2493 369 2566 oioit
381 2509 417 2567 ct
425 2505 555 2593 repunt
567 2496 604 2568 iu
617 2497 752 2570 sinitote
761 2495 916 2593 Spiritus
932 2498 1058 2588 suncti,
1074 2498 1182 2573 Deus.
1199 2497 1274 2572 Per
1286 2495 1404 2571 omnio

83 2615 193 2688 seculo
206 2619 417 2693 seculorum.
432 2621 565 2695 Amen.

125 2743 238 2816 Finita
249 2745 413 2822 oratione
430 2747 506 2822 sine
518 2749 731 2846 repetitione
747 2750 925 2836 Domimrs
941 2752 1131 2842 uobiscum,
1144 2756 1180 2823 et
1193 2747 1271 2822 sine
1288 2749 1404 2824 Bene-

83 2866 232 2943 diromus
247 2871 408 2961 Domino,
426 2879 566 2971 portata
579 2875 643 2948 luit
656 2899 742 2950 crux
755 2885 838 2951 ante
851 2883 984 2976 Papam
1000 2879 1061 2976 qui
1075 2877 1161 2952 dixit
1181 2903 1187 2948 :
1207 2875 1265 2951 Sit
1277 2899 1404 2948 nomeu

82 2991 221 3068 Domini
244 2997 474 3092 benedictum,
495 3005 531 3074 et
554 3001 737 3076 benedixit
757 3003 890 3101 populo
910 3027 1011 3080 more
1037 3007 1228 3092 consueto,
1246 3009 1283 3075 et
1298 3000 1405 3076 rediit

82 3117 121 3190 ad
135 3121 319 3216 palatium.

124 3248 212 3320 Nota
229 3249 328 3345 quod
347 3250 471 3327 nami.
494 3256 570 3328 DD.
591 3253 919 3346 vicecancellarius,
944 3255 1215 3354 Neapolitanus,
1238 3253 1403 3349 audega-

81 3371 190 3446 vensis
205 3381 282 3450 ets.
300 3377 431 3474 Angeli
447 3378 661 3472 cardinales,
679 3381 761 3456 dato
780 3383 1032 3458 benedictione
1053 3406 1118 3480 per
1140 3384 1289 3478 Papam,
1311 3375 1401 3450 mihi

82 3494 238 3574 dixerunt
256 3525 320 3576 suo
343 3503 479 3600 judicio
504 3503 617 3580 Pater
637 3519 754 3580 noster
782 3533 866 3583 cum
887 3507 1071 3582 versiculis
1094 3503 1265 3604 predictis
1294 3506 1401 3600 prout

83 3623 267 3718 supradicti
286 3631 371 3700 sunt
394 3625 479 3702 huic
507 3629 601 3704 actui
627 3655 700 3708 non
725 3635 917 3710 convenire
940 3659 1024 3709 cum
1050 3633 1211 3708 videatur
1236 3627 1399 3702 officium

82 3755 315 3842 mortuorum,
329 3752 392 3826 sed
408 3755 681 3832 convenienlius
695 3760 791 3857 quod
806 3760 907 3834 finito
926 3760 973 3833 Te
987 3761 1105 3834 Deum
1120 3757 1312 3846 laudunus,
1329 3753 1401 3826 duo

85 3893 124 3946 ex
152 3877 356 3952 cantoribus
381 3879 525 3954 omissis
555 3883 667 3956 Pater
690 3893 727 3958 et
749 3911 854 3960 versu
879 3887 933 3960 Et
953 3911 998 3960 ne
1026 3911 1102 3977 nos,
1130 3896 1212 3974 etc,
1239 3881 1404 3955 dicerent

85 4009 269 4096 sequentes
283 4003 465 4100 predictos
475 4005 530 4082 vel
546 4008 635 4084 alios
648 4012 917 4104 convenientes,
936 4019 972 4088 et
986 4013 1022 4086 in
1039 4013 1111 4088 fine
1128 4015 1226 4107 Papa
1240 4011 1403 4082 cantaret

84 4127 275 4203 orationem
297 4131 496 4228 predictam
526 4135 591 4210 sub
617 4135 851 4212 conclusione
877 4163 884 4212 :
908 4138 982 4212 Per
1004 4137 1183 4211 Christum
1208 4132 1400 4208 Dominum

84 4263 245 4344 nostrum,
266 4261 301 4330 et
316 4257 366 4330 ita
380 4255 480 4348 alias,
500 4263 661 4355 tempore
678 4260 777 4334 Pauli
799 4265 828 4333 ll
849 4267 884 4335 et
900 4261 988 4336 Sixti
1004 4263 1081 4350 llll,
1100 4259 1212 4333 luisse
1229 4255 1398 4330 observa·

85 4381 162 4451 tum.
189 4383 371 4480 Respondi
393 4381 580 4458 sacristam
600 4385 737 4482 capelle
762 4392 885 4460 nostre
910 4385 1073 4485 predicta
1094 4383 1281 4460 ordinasse
1298 4383 1334 4454 et
1349 4378 1399 4452 ita

82 4503 139 4575 SS.
153 4507 194 4578 [t.
209 4508 253 4580 N.
275 4505 454 4605 placuisse
476 4537 483 4582 :
507 4511 571 4584 sed
591 4511 826 4586 cardinalium
846 4511 968 4611 opinio
986 4511 1075 4586 mihi
1095 4508 1210 4608 magis
1233 4504 1400 4604 placebat

84 4633 113 4700 et
127 4631 395 4709 convenientior
407 4635 604 4712 videbatur.

124 4755 257 4832 Eadem
273 4758 331 4834 die
350 4765 393 4834 12
409 4762 636 4860 septembris,
658 4761 923 4838 intermanet
941 4761 1095 4861 primam
1115 4759 1243 4834 horam
1268 4753 1399 4844 noctis,

87 4877 182 4951 rediit
200 4882 244 4956 ad
259 4883 392 4958 Urbem
411 4887 536 4958 Rmus.
556 4888 599 4958 D.
616 4885 777 4960 lulianus
795 4885 987 4983 episcopus
1003 4881 1192 4972 Ostiensis,
1210 4877 1402 4993 cardinalis

84 5024 105 5074 s.
134 5005 227 5078 Petri
247 5007 293 5080 ad
311 5009 467 5085 Vincula
488 5017 730 5110 nuncupatae,
756 5034 800 5085 ex
822 5015 950 5100 lanua,
978 5010 1036 5084 cui
1060 5011 1238 5083 venerunt
1262 5003 1404 5079 obviam

87 5128 200 5204 anmi.
217 5135 290 5206 DI).
302 5135 587 5234 andegavensis,
602 5136 901 5230 Rechanatensis,
914 5160 944 5210 s.
958 5134 1166 5228 Clementis,
1182 5127 1401 5218 Parmensis,

214 5291 238 5330 r.
259 5291 279 5332 1.
1228 5277 1260 5333 ll
