3424 6038
56 431 163 497 lOctohre
178 435 244 500 tter]
369 434 495 493 RERUM
518 435 746 506 Uassartnutttt
770 436 1031 498 GOblMENTARll.
1309 439 1362 494 273

52 585 160 658 Carola
181 586 275 684 Gipri
297 587 434 684 regina,
462 589 565 686 cujus
592 611 723 689 corpus
760 591 888 666 eadem
920 591 977 664 die
1005 590 1102 664 circa
1131 589 1261 664 horam
1288 613 1363 662 xxu

50 709 250 785 associatum
276 711 342 785 luit
363 736 428 810 per
447 713 604 810 prelatos
623 722 659 790 et
678 715 832 790 familias
858 719 922 806 SS,
950 719 993 788 l).
1020 719 1062 788 N.
1087 721 1123 790 el
1145 719 1363 788 RRmorum.

51 838 113 909 un.
130 837 374 928 cardinalium,
394 863 439 911 ex
456 837 564 913 domo
584 843 745 938 predicta
764 865 876 938 usque
898 843 942 914 ad
963 840 1149 916 basilicam
1166 865 1196 914 s.
1216 839 1313 914 Petri
1330 839 1365 912 in

50 984 109 1056 qua
122 983 191 1036 non
206 961 314 1060 longe
330 987 351 1036 a
367 964 503 1061 capeda
517 970 725 1038 sauctorum
743 966 886 1040 Andree
906 971 942 1038 et
962 965 1124 1064 Gregorii
1142 963 1179 1038 iu
1191 963 1369 1042 Vaticano

51 1085 218 1182 sepulture
236 1087 419 1161 traditum.
440 1090 655 1186 Requiescat
671 1089 707 1162 iu
722 1114 812 1187 pace
828 1090 950 1164 anima
965 1091 1062 1188 ejus.

92 1209 189 1282 Feria
206 1210 325 1302 tertia,
346 1217 387 1286 31
413 1219 449 1286 et
466 1213 592 1316 ultima
608 1213 698 1312 julii,
715 1215 849 1312 paratis
873 1215 970 1313 prius
985 1238 1050 1312 pro
1071 1213 1231 1310 exequiis
1245 1235 1371 1286 neces-

49 1335 138 1408 sariis
157 1343 191 1410 et
212 1336 308 1412 lacto
334 1345 452 1412 castro
472 1339 607 1412 doloris
629 1339 665 1412 in
683 1339 800 1413 torma
817 1345 991 1414 consueta
1010 1338 1209 1413 latitudinis
1233 1337 1367 1436 pedum

49 1489 116 1536 run
132 1471 166 1538 et
185 1465 419 1562 longitudinis
437 1465 570 1564 pedum
590 1489 711 1556 xxuu,
729 1467 846 1540 affixis
866 1466 975 1539 armis
988 1489 1053 1562 per
1067 1489 1174 1538 naves
1187 1462 1365 1553 Vaticani,
1392 1479 1396 1494 ’

49 1590 79 1660 in
91 1590 226 1686 capella
241 1615 271 1664 s,
289 1591 446 1688 Georgii,
471 1591 507 1664 in
534 1591 735 1666 basilicas
761 1591 855 1666 Petri
878 1591 1061 1665 celebrata
1086 1589 1155 1663 luit
1179 1589 1369 1686 missapro

49 1715 199 1810 exequiis
226 1716 321 1790 bone
345 1717 520 1790 memorie
541 1717 667 1790 Carole
697 1715 791 1814 Gipri
817 1716 960 1814 regine;
984 1715 1224 1790 interfuerunt
1244 1713 1383 1788 11111111.Δ

49 1842 115 1912 bt).
152 1839 352 1914 cardinales
385 1841 714 1934 vicecancellarius,
753 1840 1049 1932 ltlediolanensis,
1090 1838 1373 1938 portugalensis,

49 1963 339 2057 Nechauatensis,
358 1966 404 2040 de
422 1967 634 2059 Comitibus,
661 1946 881 2058 Parmensis,
903 1991 933 2040 s.
955 1965 1113 2064 Georgii,
1136 1966 1181 2042 de
1206 1965 1373 2056 Sabellis,

50 2089 227 2182 Columna,
246 2091 290 2164 de
312 2091 449 2166 Ursinis
468 2099 503 2167 et
523 2092 717 2184 Ascanius;
741 2092 824 2166 data
847 2091 991 2167 luerunt
1012 2091 1195 2166 interlicia
1212 2089 1376 2165 cardina-

49 2214 150 2304 libus;
170 2215 314 2313 prelatis
335 2223 370 2290 et
391 2217 469 2290 aliis
488 2217 606 2292 facule
627 2215 713 2290 satis
735 2239 874 2314 grosse,
895 2238 997 2290 mora
1017 2219 1205 2289 consueto.
1226 2211 1373 2285 Missam

53 2338 231 2414 celebrarit
261 2343 303 2412 R.
334 2342 373 2412 Ρ.
407 2345 450 2414 b.
483 2340 675 2416 Leonellus
705 2340 896 2438 episcopus
925 2337 1188 2436 Traguriensis,
1217 2335 1373 2410 vicarius

53 2463 135 2536 dicte
151 2463 313 2540 basilice.
327 2467 541 2541 Sermonem
557 2467 641 2542 lecit
654 2466 800 2568 quidam
814 2466 924 2540 irater
938 2465 1074 2540 ordinis
1091 2463 1371 2563 predicatorum.

53 2587 316 2664 Absolutionem
344 2598 426 2688 post
450 2592 599 2666 missam
626 2593 792 2666 lecerunt
817 2596 888 2666 RR.
923 2594 992 2664 ΡΡ.
1025 2594 1100 2664 DD.
1130 2590 1300 2680 Thomas,
1329 2591 1372 2661 N.

55 2712 325 2813 Christophorus
355 2718 601 2808 Cortonensis,
634 2717 847 2792 Franciscus
868 2717 1107 2792 Vulterranus
1131 2723 1166 2790 et
1191 2714 1376 2788 lohannes

58 2839 285 2914 tornacensis
301 2841 461 2940 episcopi
482 2867 553 2916 una
576 2866 658 2916 cum
678 2843 908 2941 Tragurieusi
935 2843 996 2940 qui
1020 2841 1278 2917 celebraverat.
1298 2843 1380 2913 Cas-

59 2965 143 3036 trum
161 2965 294 3040 doloris
319 2989 401 3041 cum
424 2968 521 3042 lecto
549 2945 801 3043 subtus'mora
833 2969 938 3042 solito
964 2973 1092 3066 parato
1119 2965 1274 3064 positum
1315 2963 1380 3036 luit

58 3093 148 3164 extra
173 3091 349 3190 capellam
370 3113 399 3164 s.
417 3093 562 3191 Georgii
577 3093 742 3192 predicti,
759 3117 831 3167 non
851 3095 960 3204 longo
979 3091 1024 3166 ab
1049 3115 1106 3184 ea,
1124 3089 1249 3166 cannis
1266 3077 1380 3162 tribus

59 3212 104 3284 rel
117 3223 267 3312 quatuor
281 3217 318 3291 in
336 3219 527 3311 Vaticana,
546 3223 582 3292 et
595 3217 666 3292 hac
685 3219 743 3293 die
757 3223 897 3292 tantum
912 3218 1004 3292 lacte
1021 3221 1105 3290 snut
1120 3214 1284 3309 exequie.
1299 3212 1379 3285 Alia

59 3335 243 3416 factasunt
265 3366 368 3418 more
388 3348 575 3418 consueto.
598 3343 652 3416 Ad
675 3341 912 3418 elevationem
931 3339 1147 3417 sacramenti
1173 3362 1238 3438 pro
1265 3335 1377 3410 missa

59 3461 131 3538 data
144 3475 223 3542 sunt
238 3469 419 3544 interlicia
434 3477 530 3544 octe.

98 3592 346 3690 Feriaquiuta,
365 3594 571 3685 toctobris,
589 3595 720 3669 festum
734 3619 763 3667 s.
784 3593 980 3686 Francisci,
999 3595 1063 3668 88.
1082 3593 1125 3665 D.
1145 3594 1189 3665 N.
1208 3587 1377 3686 equitavit

58 3713 95 3784 ad
109 3717 297 3794 ecclesiam
313 3745 343 3794 s.
362 3719 543 3796 Francisci
559 3719 595 3793 iu
609 3720 869 3794 Transtiberim
888 3746 896 3794 :
915 3745 961 3794 an
976 3709 1098 3793 autem
1115 3715 1250 3790 ibidem
1266 3713 1378 3786 misse

59 3835 218 3936 interluit,
236 3846 374 3920 neseio.

100 3967 196 4042 Faria
209 3969 348 4066 quinta,
371 3977 408 4044 tt
429 3970 601 4063 octobris,
617 3975 688 4066 88.
713 3975 756 4048 D.
781 3977 823 4046 N.
846 3973 881 4046 in
898 3995 1005 4046 mane
1022 3969 1193 4068 equitavit
1203 3965 1247 4041 ad
1263 3963 1379 4039 eccle·

60 4084 137 4160 siam
164 4091 269 4166 beate
296 4093 408 4168 Mario
434 4095 479 4169 de
505 4096 654 4193 Populo,
676 4096 714 4170 in
738 4121 810 4194 qua
834 4099 875 4170 R.
896 4101 935 4170 P.
960 4101 1003 4170 D.
1033 4100 1161 4170 Petrus
1188 4091 1377 4189 episcopus

66 4211 271 4310 Urgellensis
281 4217 477 4294 celebravit
487 4221 635 4295 missam
649 4223 686 4295 in
700 4222 846 4297 laudem
862 4222 926 4295 Dei
937 4245 1003 4319 pro
1018 4221 1377 4316 victoriaperregem

64 4336 218 4436 llispanie
233 4341 358 4418 habita
373 4352 500 4420 contra
514 4350 720 4422 Grauatam.

104 4465 205 4540 llisse
227 4468 386 4544 interluit
411 4473 474 4546 SS.
503 4474 546 4546 D.
572 4476 614 4546 N.
641 4473 896 4569 pontilicaliter
918 4472 1063 4547 indutus
1084 4477 1120 4546 et
1143 4470 1268 4544 ttltmi.
1298 4474 1374 4545 DN.

66 4663 188 4741 obseques
203 4670 374 4730 solennelles.
394 4673 444 4732 Sos
459 4681 546 4732 restes
565 4675 655 4735 lurent
669 4681 838 4751 transponas
853 4677 922 4735 dans
939 4695 990 4736 une
1005 4677 1054 4736 des
1070 4652 1184 4754 cryptes'
1197 4677 1235 4734 du
1254 4675 1378 4748 Votieno,

66 4769 105 4810 sur
118 4755 140 4813 le
150 4757 232 4818 cintre
246 4761 281 4818 da
295 4761 411 4852 laquelle
421 4781 451 4822 se
465 4763 496 4822 lit
509 4763 686 4840 l'inseription
708 4767 832 4826 sulcante
848 4783 855 4823 :

191 4893 249 4952 HIC
266 4893 357 4952 HUlll
380 4895 556 4955 EXISTUNT
577 4899 789 4959 SEPULCNHA
808 4901 912 4959 CAHD.
929 4901 1107 4959 STEPHANI
1126 4901 1237 4960 NARNl

212 4993 256 5050 ΕΤ
271 4991 425 5053 CARGLAE
440 4996 584 5056 REGlNAE
604 4999 835 5057 HlEllUSALElll
851 5000 948 5058 GlPRl
963 5000 1007 5058 ΕΓ
1022 4999 1211 5058 ARMENIAE.

65 5111 122 5190 l'oy.
137 5117 203 5176 daus
218 5119 339 5192 Emoddi,
354 5127 374 5180 t.
387 5123 473 5180 XXX.
489 5141 517 5199 p.
537 5125 595 5195 141,
610 5123 637 5183 la
652 5135 716 5185 nota
731 5125 765 5184 de
780 5125 884 5184 blansi.

193 5254 217 5294 τ.
238 5256 257 5294 r.
910 5291 913 5298 .
1210 5248 1242 5302 18
