3422 6034
100 484 249 554 [iiiluna]
414 481 539 538 nanuu
564 481 792 539 usauuaauu
817 481 1079 540 connauraan.
1359 487 1413 542 aas
1505 473 1509 480 '

96 638 196 710 risum
211 641 266 708 θεῖ
280 633 376 732 quod
391 635 506 730 magis
517 633 745 708 convenisset
761 635 856 730 quod
867 643 949 732 post
960 636 1209 724 reverentiam,
1229 657 1300 709 uon
1313 645 1409 730 ante,

96 767 181 858 Papa
195 766 368 833 mutasset
383 759 533 856 pluviale
549 766 584 832 et
600 759 740 832 stolam.
763 759 900 832 Deinde
920 759 1003 834 lecti
1029 765 1112 832 sunt
1135 783 1328 857 processus
1348 785 1412 858 per

94 891 130 960 u.
155 886 410 984 Hieronymum
439 886 678 982 Galagranum
708 885 969 958 subdiaconum
991 886 1101 958 latino
1125 893 1160 958 et
1185 891 1330 960 Rmum.
1364 889 1408 961 D.

94 1011 301 1084 cardinalem
316 1011 360 1084 de
376 1011 552 1084 Columna
563 1010 597 1081 in
612 1010 759 1106 vulgari.
781 1014 910 1083 Postea
921 1009 1004 1082 data
1019 1011 1223 1084 benedictio
1240 1012 1411 1086 solemnis

93 1160 148 1233 per
158 1137 410 1233 pontiticemet
427 1135 649 1232 indulgentie
660 1135 820 1232 plenarie
832 1159 921 1230 quas
935 1135 1059 1206 nami.
1079 1137 1154 1207 DD.
1174 1135 1217 1208 de
1237 1137 1412 1211 Columna

91 1261 185 1334 latine
204 1268 239 1334 et
256 1261 406 1335 Ursinus
422 1261 459 1333 in
475 1261 608 1358 vulgari
624 1260 766 1333 diaconi
782 1259 983 1333 cardinales
1003 1261 1284 1357 pronunciarunt
1304 1287 1311 1334 :
1333 1243 1410 1357 qui-

92 1387 147 1460 bus
158 1387 417 1482 pronunciatis,
431 1407 558 1460 omnes
575 1385 789 1474 cardinales,
805 1385 965 1482 exceptis
982 1385 1026 1458 de
1042 1389 1141 1460 Puxo
1157 1395 1193 1458 θῖ
1209 1389 1245 1458 S.
1263 1387 1409 1483 Georgii

90 1513 237 1586 diaconis
257 1513 507 1585 assistentibus
523 1511 582 1607 qui
600 1535 665 1584 sua
680 1511 904 1584 retinuerunt
931 1517 1142 1605 paramenta
1163 1511 1408 1607 deposuerunt

92 1643 121 1708 et
134 1637 167 1710 in
181 1637 305 1734 cappis
325 1636 552 1709 associarunt
577 1639 710 1732 Papam
726 1659 840 1732 usque
863 1637 909 1710 ad
923 1637 1061 1710 curiam
1076 1637 1135 1710 ubi
1153 1637 1205 1711 eis
1222 1637 1406 1711 licentiam

89 1761 187 1834 dedit.
204 1761 378 1835 Ascendit
394 1761 523 1835 deinde
540 1761 700 1857 pontifex
720 1761 765 1835 ad
781 1762 923 1835 tertiam
939 1763 1057 1836 aulam
1082 1762 1141 1835 ubi
1169 1762 1282 1859 parati
1304 1770 1408 1836 eraut

91 1887 251 1961 tredecim
268 1911 462 1984 pauperes,
478 1886 567 1959 albis
582 1887 710 1977 induti,
728 1887 764 1959 in
779 1887 875 1976 loco,
895 1896 931 1961 ut
949 1887 1061 1961 moris
1078 1894 1145 1978 est,
1170 1888 1352 1977 sedentes,
1373 1895 1409 1961 et

89 2015 261 2090 credentia
283 2039 366 2088 cum
398 2014 573 2088 bacilibus
598 2035 640 2086 ac
665 2013 743 2086 aliis
762 2023 886 2111 parata
909 2037 1011 2088 more
1037 2020 1225 2105 consueto,
1256 2022 1407 2112 excepto

89 2139 173 2234 quod
183 2141 253 2214 duo
268 2165 353 2214 rasa
368 2163 476 2238 super
491 2163 535 2212 ea
552 2140 669 2236 posita
686 2147 787 2214 erant
805 2163 937 2236 magna
951 2163 1140 2237 pomposa,
1164 2143 1290 2214 contra
1305 2137 1408 2211 debi-

90 2273 155 2338 tum
168 2267 347 2355 ordinem,
363 2291 445 2339 cum
461 2267 519 2340 bic
536 2272 637 2339 actus
659 2263 792 2338 ‘serialis
817 2287 897 2336 esse
925 2263 1067 2352 debeat,
1096 2285 1169 2349 non
1192 2285 1403 2361 pomposus,

89 2389 211 2464 lbidem
229 2397 338 2490 Papa,
368 2393 515 2466 dimisso
536 2391 679 2490 pluviali
697 2389 870 2487 pretioso,
892 2389 1032 2485 accepit
1058 2389 1211 2462 rubeum
1231 2387 1402 2485 simplex,

89 2515 281 2592 dictumest
297 2519 536 2616 evangelium.
559 2521 656 2614 Papa
670 2515 753 2588 lavit
777 2515 888 2612 pedes
913 2537 1108 2611 pauperum
1123 2521 1159 2586 et
1174 2514 1261 2588 dixit
1276 2514 1406 2588 oratio-

90 2663 161 2714 nem
176 2651 283 2739 prout
298 2645 334 2716 in
350 2643 582 2719 ceremoniali
600 2641 798 2714 ordinatur.
823 2640 946 2712 RRmi.
967 2639 1276 2713 {inconmoda
1294 2643 1407 2714 Bene-

89 2773 265 2860 ventanus,
280 2770 517 2844 Alerionsiset
529 2793 558 2841 s.
577 2767 764 2840 Anastasia
781 2765 994 2863 presbyteri,
1008 2765 1052 2837 de
1067 2766 1217 2840 Sabellis
1231 2765 1406 2840 Columna

90 2895 119 2961 et
135 2891 278 2965 Ursinus
306 2892 446 2966 diaconi
475 2893 510 2964 in
530 2893 601 2964 suis
623 2890 746 2987 cappis
768 2890 1010 2963 interfuerunt
1029 2898 1165 2965 stantes
1187 2893 1279 2965 ultra
1294 2891 1406 2965 cardi-

89 3015 176 3089 nales
193 3017 236 3090 de
253 3021 353 3090 Fuxo
375 3025 411 3090 et
438 3041 467 3090 s.
497 3015 640 3113 Georgii
661 3015 871 3088 assistentes
898 3021 935 3086 et
962 3016 1154 3088 Ascanium
1182 3023 1324 3112 paratos
1345 3017 1404 3112 qui

89 3139 416 3239 diuiterangelium.
443 3147 566 3215 limus.
592 3147 634 3215 D.
661 3139 866 3214 Parmensis
887 3140 1096 3213 ministrarit
1121 3140 1317 3214 naviculam
1338 3163 1403 3235 pro

91 3263 305 3362 impositione
325 3268 475 3358 incensi,
494 3267 719 3370 evangelium
736 3271 866 3362 etpost
882 3265 1107 3360 evangelium
1125 3268 1219 3360 Papa
1241 3264 1405 3338 incensa·

91 3390 143 3478 rit;
158 3403 235 3489 post
249 3394 424 3467 lotionem
445 3393 577 3490 pedum
594 3397 641 3466 l).
663 3392 846 3465 lohannes
863 3391 1185 3486 Puschsmagensis
1208 3389 1403 3486 imperialis

90 3523 195 3590 orator
206 3519 444 3615 deditaquam
456 3519 622 3591 matribus
634 3521 742 3613 Papa,
761 3514 923 3612 predicto
937 3519 979 3588 D.
1002 3514 1184 3587 Parmensi
1200 3515 1401 3612 adjurante.

91 3640 178 3715 Picta
196 3644 358 3718 oratione
378 3669 443 3740 per
468 3644 691 3741 pontiticem,
718 3639 816 3713 dedit
837 3639 1128 3713 benedictionem
1155 3641 1288 3736 populo
1315 3640 1403 3712 nihil

89 3764 209 3852 dicens,
224 3771 330 3844 rediit
345 3770 390 3842 ad
403 3793 585 3843 cameram
600 3767 659 3841 ubi
675 3774 887 3864 paramenta
907 3764 1074 3860 deposuit
1090 3787 1191 3837 more
1213 3771 1400 3838 consueto.

129 3895 254 3970 Eadem
283 3898 354 3987 die,
380 3900 477 3971 circa
499 3899 627 3970 horam
652 3921 711 3987 xa,
740 3897 883 3969 luerunt
908 3895 1083 3968 matutine
1110 3894 1341 3967 tenebrarum
1367 3891 1403 3964 in

89 4020 209 4112 capella
232 4023 370 4118 majore
389 4024 565 4119 predicta,
583 4027 679 4119 Papa
698 4022 861 4110 absente,
880 4019 1118 4092 cardinalibus
1132 4016 1402 4114 quampluribus

89 4145 312 4232 presentibus
332 4150 457 4218 Rmus.
482 4149 524 4218 n.
550 4143 742 4218 cardinalis
763 4169 791 4216 s.
812 4143 905 4216 Petri
927 4143 973 4215 ad
989 4143 1154 4231 Vincula,
1174 4141 1328 4214 crastina
1344 4139 1401 4213 die

89 4264 331 4358 celebraturus,
345 4270 431 4342 dixit
445 4271 480 4341 in
494 4270 566 4343 sirie
579 4270 780 4343 orationem
799 4293 808 4341 ι
822 4269 982 4364 Respice,
1001 4279 1082 4353 cta,
1100 4289 1201 4340 more
1218 4266 1337 4340 solito.

130 4391 224 4466 Faria
239 4399 353 4484 sexta,
367 4395 659 4484 venerissancto,
680 4400 721 4466 ll
743 4395 877 4467 mensis
892 4392 1026 4488 aprilis,
1051 4395 1113 4465 SS.
1133 4396 1174 4464 D.
1195 4394 1236 4462 N.
1255 4397 1401 4486 paratus

90 4511 217 4608 amictu,
245 4519 337 4608 alba,
364 4520 522 4616 cingulo,
548 4519 638 4592 stola
663 4519 834 4608 violacea,
859 4541 973 4613 cappa
999 4517 1043 4589 de
1066 4515 1218 4588 scarlato
1239 4521 1274 4588 ct
1294 4515 1401 4587 mitra

90 4635 223 4735 simplici
246 4645 341 4718 veuit
361 4645 406 4717 ad
428 4645 617 4741 cupellam,
642 4645 751 4718 orarit
773 4669 872 4716 more
894 4643 1012 4730 solito,
1033 4646 1136 4713 ltmo.
1156 4643 1197 4711 l).
1218 4636 1399 4710 cardinale

90 4785 113 4830 s.
130 4767 215 4840 Petri
232 4769 441 4846 adVincula
457 4769 662 4842 celebrante
679 4769 723 4841 ad
739 4767 1008 4865 ejussinistram
1021 4765 1211 4862 genuflexo
1227 4788 1234 4852 ;
1249 4771 1284 4836 at
1302 4761 1400 4834 ince-

88 4895 173 4979 ptum
196 4903 250 4968 est
272 4901 307 4968 ct
338 4895 584 4968 continuatum
604 4894 765 4966 olficium
787 4898 891 4994 prout
920 4892 955 4962 in
981 4891 1174 4964 ordinario.
1201 4887 1396 4961 Celebrans

87 5010 159 5087 uno
176 5021 353 5094 orationes
377 5019 587 5093 festivaliter
610 5027 645 5093 et
669 5019 777 5092 molo.
805 5021 891 5089 Tros
912 5024 1080 5090 cantores
1102 5015 1161 5111 qui
1185 5013 1393 5111 passionem

87 5133 229 5216 dixerunt
253 5145 364 5242 parati
397 5151 499 5218 crant
523 5145 611 5218 albis
634 5151 669 5218 θῖ
693 5143 793 5218 stolis
820 5167 861 5215 ac
889 5142 1082 5240 manipulis
1096 5140 1199 5230 albis,
1220 5137 1331 5235 nigris
1357 5145 1393 5209 ct
