3578 6032
739 497 951 556 APPENDICE.
1459 501 1515 558 533

175 676 287 739 littore
301 673 473 756 paululum
483 672 921 756 elongaretur,perbreuem
931 673 1068 754 quidem
1078 673 1408 756 epistolamzyzymy
1419 691 1514 738 cons·

175 773 344 853 cripsisse,
360 771 443 834 etad
454 770 590 834 fratrem
602 769 747 848 dedisse,
762 789 861 852 quam
876 774 996 852 sagitto
1009 773 1151 836 inuoluit
1162 773 1354 852 renuitque,
1372 779 1404 835 et
1418 774 1510 837 sitico

178 887 259 933 arcu
272 872 306 932 in
318 874 440 931 terram
455 868 624 931 contorsit.
647 869 822 948 Exceptum
838 886 913 932 1111
928 869 1039 933 ierunt
1058 872 1233 950 epistolam
1261 890 1280 934 a
1302 870 1413 934 fratris
1428 873 1514 934 mili-

178 969 271 1031 tibus
284 968 342 1047 qui
353 969 481 1048 regium
496 969 653 1029 iuuenem
667 969 860 1046 persequuti
876 973 967 1040 sunt.
985 973 1017 1032 et
1032 967 1125 1031 tratri
1143 969 1317 1032 redditam.
1335 972 1442 1047 Quam
1456 969 1515 1034 ubi

179 1082 362 1147 germanus
375 1065 525 1144 perlegit,
539 1081 718 1143 parumper
730 1065 919 1128 lacrimatus
933 1071 995 1142 111,
1012 1068 1191 1148 animoque
1199 1072 1444 1142 consternatus
1457 1067 1514 1130 diu

180 1162 273 1224 siluit
290 1179 298 1222 :
313 1166 346 1224 et
366 1161 458 1223 aditu
473 1161 637 1240 prohibito
659 1163 824 1242 papilione
847 1181 883 1225 se
907 1166 1091 1227 continuit:
1106 1183 1185 1246 egre
1201 1171 1290 1228 certo
1314 1165 1401 1240 tulit,
1422 1164 1513 1245 quod

180 1257 282 1322 irater
296 1260 484 1322 mahumete
496 1259 581 1339 legis
597 1259 703 1322 cultor
717 1261 817 1339 (quod
833 1263 1075 1340 permaximum
1089 1265 1213 1326 crimen
1227 1263 1428 1326 mahumetei
1454 1263 1513 1325 du-

178 1356 269 1436 cunt)
283 1357 326 1420 ad
342 1357 538 1420 christianos
565 1356 761 1439 confugerit,
791 1359 835 1422 ad
863 1375 921 1422 eos
950 1363 1123 1439 presertim
1153 1363 1209 1440 qui
1238 1361 1514 1424 othumannidum

181 1457 305 1520 familie
317 1457 530 1520 infensissimi
554 1457 659 1534 fuero,
687 1463 719 1520 ct
732 1459 918 1539 genitorem
941 1461 1087 1541 grauiori
1111 1461 1290 1522 allecerunt
1306 1459 1511 1538 ignominiu;

179 1557 338 1635 quodque
352 1556 487 1620 fratrem
501 1557 680 1620 christiano
694 1557 909 1620 adherentem
932 1558 1058 1620 nomini
1072 1557 1147 1638 lege
1166 1556 1377 1619 mahumetee
1389 1557 1515 1636 grauis

180 1655 303 1716 simum
317 1656 433 1718 afferre
454 1659 568 1733 posset
584 1655 727 1718 dedecus
746 1675 753 1717 :
770 1671 911 1735 quorum
928 1671 964 1718 se
978 1656 1147 1718 censcium
1161 1653 1336 1735 profitetur
1349 1655 1406 1734 qui
1421 1659 1512 1717 tanta

180 1754 351 1816 atrocitate
366 1753 409 1816 sit
424 1769 500 1816 cum
514 1758 750 1834 persequutus.
766 1753 873 1816 Series
890 1754 1028 1833 epistole
1038 1753 1111 1816 luit.

565 2001 577 2031 ι
595 1975 745 2057 Epistola
759 1980 898 2056 Zyzymy
911 1979 952 2039 cd
967 1981 1131 2055 Bcpycztt.

227 2155 240 2186 ι
257 2133 402 2212 Zyzymy
419 2133 508 2194 Rex:
526 2133 557 2193 S.
573 2132 601 2192 D
616 2148 623 2191 :
640 2131 794 2211 Bagyazit
809 2131 879 2213 regi
899 2131 1075 2194 senissimo
1093 2129 1195 2193 fratri.
1222 2129 1302 2207 Quia
1327 2128 1403 2207 petii
1425 2129 1515 2208 quod
1560 2132 1563 2140 ’

184 2229 321 2304 iustum,
338 2246 461 2308 equum
476 2236 575 2310 atque
587 2230 708 2293 decens
723 2234 804 2304 eret,
819 2230 880 2303 Tu,
896 2228 977 2290 iuris
992 2227 1127 2290 humani
1143 2227 1264 2306 pariter
1278 2230 1311 2289 et
1328 2226 1431 2289 diuini
1445 2227 1516 2289 vio·

181 2325 278 2404 lator,
294 2326 502 2390 mahumetee
516 2328 600 2409 legis
613 2331 828 2406 contemptor,
845 2325 980 2389 fratrem
995 2325 1038 2388 ad
1050 2325 1264 2387 christianum
1279 2340 1400 2387 nomen
1413 2341 1513 2404 urges

184 2424 351 2499 accedere,
368 2428 400 2486 et
412 2425 453 2486 ad
466 2425 527 2488 bos
542 2427 753 2502 potissimum
765 2427 821 2506 qui
835 2443 930 2488 cruce
953 2425 1075 2506 signati
1093 2428 1206 2487 nostre
1231 2439 1364 2501 semper
1383 2423 1514 2485 inclitis·

185 2522 268 2584 sime
280 2521 403 2584 familie
417 2522 537 2586 infensi
549 2523 651 2587 fuere.
669 2527 717 2588 Tu
739 2525 820 2588 tanti
836 2525 982 2588 criminis
1001 2523 1151 2586 conscius
1167 2539 1203 2584 es
1221 2542 1227 2583 :
1244 2522 1342 2583 vitam
1364 2526 1514 2584 seruatu-

183 2635 241 2682 rus
255 2619 381 2684 inuitus
393 2621 524 2684 accedo.
540 2624 571 2684 Si
584 2623 673 2702 quod
686 2624 756 2686 iure
772 2625 896 2702 optimo
907 2622 987 2684 mihi
997 2620 1133 2684 vendico
1144 2621 1306 2694 dedisses,
1319 2619 1403 2682 intra
1418 2620 1515 2700 regni

181 2718 304 2780 limites
329 2735 383 2781 me
404 2721 625 2796 continerem;
651 2737 711 2783 nec
740 2723 851 2802 regius
875 2721 1107 2783 mahumetcus
1125 2718 1226 2781 irater
1250 2723 1283 2780 et
1308 2717 1514 2779 strictissimo

184 2817 348 2894 sanguine
364 2817 422 2880 tibi
436 2818 578 2896 iunctus,
602 2821 729 2882 hereret
747 2820 933 2882 christianis
955 2819 1041 2880 inter
1064 2834 1148 2898 quos
1163 2816 1267 2896 leges,
1284 2815 1513 2890 cherimonias,

184 2931 294 2977 mores
310 2932 347 2978 ec
361 2916 485 2980 cultum
498 2934 628 2982 servare
644 2934 820 2997 nequeam.
837 2920 941 2981 'lento
955 2918 1088 2998 quidem
1104 2911 1305 2978 enormitatis
1319 2912 1418 2974 deum
1433 2911 1514 2976 ulto·

185 3029 255 3075 rem
271 3013 400 3090 induco,
410 3031 449 3078 ac
462 3013 685 3079 mahumetem
696 3017 887 3096 prophetam
898 3016 1059 3078 vindicem
1070 3013 1219 3092 imploro,
1236 3013 1292 3092 qui
1306 3029 1363 3091 pro
1374 3011 1514 3082 demeri-

184 3112 226 3174 tis
242 3112 302 3175 tibi
315 3129 418 3190 penas
440 3113 590 3176 reddant.
611 3114 644 3176 Si
664 3115 795 3196 genitor
817 3116 877 3176 bec
898 3113 1108 3192 preuidisset,
1135 3117 1167 3174 te
1188 3111 1268 3194 (non
1292 3109 1437 3190 ambigo)
1462 3111 1516 3173 vel

183 3211 292 3274 toxico
307 3211 359 3272 vel
372 3212 484 3292 gladio
500 3218 681 3276 enecasset.
697 3216 770 3291 lpse
787 3214 875 3275 enim
890 3212 1165 3274 othumannidum
1178 3214 1291 3273 auctor
1302 3205 1374 3282 fuit,
1388 3211 1424 3268 tu
1440 3205 1513 3270 des-

125 3331 128 3338 ·
183 3313 307 3370 tructor
321 3309 414 3387 cupis
428 3309 542 3372 videri.
558 3313 659 3389 Spero
673 3309 816 3389 proiecto
839 3327 905 3373 non
928 3311 1121 3373 diuturnum
1140 3307 1210 3371 fore
1231 3313 1324 3370 tuum
1338 3306 1513 3384 imperium

183 3409 274 3468 tanta
289 3407 493 3481 crudelitate,
516 3413 607 3472 tanta
628 3409 748 3470 seuioia
773 3412 931 3486 tantaque
953 3404 1128 3487 tyrannide
1154 3409 1295 3484 partum.
1324 3405 1405 3466 Cum
1424 3393 1521 3464 cnim'

182 3503 275 3566 basis
288 3520 356 3567 non
370 3509 458 3567 recte
472 3503 565 3568 firma
582 3507 635 3580 sit,
652 3504 816 3569 edificium
832 3505 1024 3568 diuturnum
1049 3520 1109 3564 nec
1130 3501 1262 3565 firmum
1286 3501 1420 3581 quidem
1439 3515 1515 3560 esse

182 3603 318 3680 poterit3
335 3609 525 3684 negantque
536 3605 702 3683 sopientes
713 3603 892 3666 violentum
905 3601 1097 3664 diuturnum
1110 3617 1197 3663 esse.
1214 3601 1332 3664 Contra
1344 3599 1432 3660 euim
1445 3597 1514 3658 iura

179 3701 323 3764 bumana
340 3703 461 3780 pariter
476 3708 508 3766 11
523 3703 634 3764 diuina
648 3703 797 3783 germani
815 3703 1012 3782 sanguinem
1037 3699 1257 3778 persequeris
1285 3697 1352 3760 Erit
1375 3694 1515 3758 inauditi

182 3799 290 3861 delicti
306 3800 403 3873 ullor,
421 3799 476 3879 qui
490 3801 556 3862 alto
575 3797 628 3862 dei
641 3799 760 3862 iudicio
775 3804 870 3861 tuum
884 3804 983 3879 caput
998 3801 1145 3861 conterat
1165 3795 1356 3875 aliquando,
1377 3792 1466 3872 quod
1482 3793 1515 3856 in

181 3913 235 3958 1111
247 3897 437 3976 liberosque
450 3913 542 3960 meos
555 3897 680 3960 moliris
695 3915 702 3958 :
717 3897 802 3958 alius
816 3913 900 3976 equa
913 3897 1006 3959 lance
1021 3897 1056 3958 in
1075 3899 1108 3956 te
1121 3899 1265 3972 tuosque
1277 3898 1372 3955 natos
1388 3891 1511 3953 machi·

181 3995 328 4056 nubitur.
343 3993 461 4058 Valeet
471 3996 626 4074 resipisce
637 4011 679 4056 ne
691 3999 836 4056 extrema
848 3993 958 4055 clades
969 3997 1001 4054 te
1013 3999 1155 4070 tuosque
1165 3994 1260 4052 natos
1272 3989 1397 4067 perdat,
1410 3991 1516 4050 exter-

184 4094 300 4169 minet,
317 4091 462 4156 devoret.
480 4119 493 4150 »
512 4097 656 4174 Zyzymy
672 4097 783 4154 autem
797 4089 952 4154 imbecilli
973 4091 1107 4170 nauigio
1130 4088 1212 4150 mari
1233 4087 1383 4160 iactatus,
1408 4086 1515 4147 classe

184 4195 371 4269 conspecta,
387 4191 421 4253 in
436 4192 656 4271 propinquum
671 4191 764 4252 littus
779 4189 869 4268 quod
882 4205 955 4250 sors
974 4189 1100 4250 afferret
1126 4185 1278 4264 operiens
1294 4200 1368 4246 sese
1384 4181 1513 4260 excipit,

184 4287 351 4350 iamenim
371 4287 552 4351 aduersarii
575 4289 707 4364 militeS,
731 4289 829 4350 citato
849 4285 967 4366 gradu,
992 4283 1102 4347 fratris
1123 4281 1236 4363 fugam
1262 4279 1448 4342 nunciaturi
1471 4277 1514 4339 ad

186 4387 341 4466 Bagyazit
351 4387 501 4448 volarent
511 4405 519 4461 ;
530 4387 708 4449 arbitratus
718 4379 859 4465 quisque
870 4383 926 4462 qui
938 4381 1065 4463 primus
1077 4379 1232 4442 nuncium
1246 4377 1340 4440 daret
1350 4375 1514 4456 premium

185 4488 481 4563 consequuturum.
507 4483 707 4545 Rhodiorum
731 4487 818 4544 certe
841 4482 1007 4545 decretum
1033 4481 1182 4542 nondum
1205 4479 1384 4555 acceperat.
1407 4476 1514 4551 Quare

185 4580 408 4644 subdubitans
421 4597 463 4642 ne
478 4581 512 4642 in
526 4581 707 4658 piratarum
725 4595 844 4641 manus
859 4579 1028 4653 incideret,
1054 4577 1172 4656 pelago
1196 4589 1264 4635 non
1286 4578 1337 4636 est
1359 4587 1461 4634 ausus
1477 4587 1514 4631 se

183 4679 365 4756 comittere,
381 4678 484 4742 donec
500 4683 531 4742 et
544 4683 679 4759 gentem
694 4683 727 4741 11
740 4679 880 4740 classem
896 4675 1081 4756 agnouerit.

437 4911 451 4943 ι
474 4890 543 4949 Rea·
560 4889 697 4966 Zyzynty
711 4881 908 4945 Rhodiorum
923 4883 1053 4944 classem
1071 4879 1262 4942 conscendit.

226 5085 240 5116 ι
259 5057 320 5122 Ubi
339 5058 531 5120 nunciatum
553 5061 604 5119 est
627 5055 760 5118 rhodios
784 5055 836 5116 sui
861 5067 961 5114 causa
983 5050 1196 5126 aduentasse,
1219 5047 1370 5110 firmatus
1389 5043 1512 5117 animo,

187 5162 302 5226 nauim
330 5159 520 5225 conscendit
542 5165 574 5222 et
598 5157 884 5222 hierosolimorum
908 5148 1054 5229 equitum
1079 5146 1155 5210 fidei
1179 5164 1251 5209 sese
1275 5143 1386 5210 credit.
1413 5143 1513 5204 Nauis
