3424 6038
98 490 248 558 {Neratiae}
410 485 537 546 RERUM
561 485 790 544 URBANARUM
816 484 1081 550 COMMENTARII.
1360 498 1414 554 293

95 647 238 722 Thomas
253 643 447 743 episcopus
467 641 646 734 bolensis,
670 641 734 716 SS.
759 644 803 714 D.
826 643 869 715 N.
893 665 985 740 pape
1008 643 1195 735 assistens,
1220 647 1413 725 celebravit

93 773 125 847 in
136 771 270 870 capella
285 771 423 869 majore
436 768 555 868 palatii
579 766 820 842 cardinalibus
837 769 1065 863 presentibus
1082 777 1118 846 et
1133 775 1231 870 Papa
1245 774 1410 848 absente.

94 897 177 972 Dixit
196 895 353 994 quinque
378 893 573 969 orationes.
600 891 678 966 Alia
698 893 888 966 observata
907 901 992 966 sunt
1007 918 1109 970 more
1125 895 1245 970 solito.
1265 899 1411 974 Sermo-

92 1043 166 1094 nem
181 1020 265 1094 lecit
279 1025 494 1117 procurator
508 1018 643 1092 ordinis
659 1041 689 1090 s.
707 1015 897 1114 Augustini
916 1019 1196 1096 heremitarum.

136 1145 233 1218 Feria
257 1149 398 1240 quarta,
430 1148 472 1217 ¹2
497 1143 630 1234 martii,
651 1141 782 1216 lestum
804 1165 835 1216 s.
859 1144 1021 1240 Gregorii
1048 1169 1153 1243 pape,
1180 1149 1217 1220 S.
1242 1151 1289 1221 D.
1316 1153 1358 1224 Ν.
1375 1151 1411 1224 in

93 1293 188 1345 mane
215 1271 364 1345 indutus
391 1269 539 1358 amictu,
561 1268 655 1358 alba,
691 1267 852 1365 cingulo,
877 1269 969 1344 stola
995 1270 1156 1346 violacea
1188 1279 1224 1348 et
1255 1275 1411 1374 desuper

90 1393 276 1492 capuccino
303 1393 399 1484 albo,
429 1391 710 1490 precedentibus
739 1392 858 1490 ipsum
889 1393 1103 1468 officialibus
1139 1405 1175 1470 et
1209 1422 1332 1491 cruce,
1375 1409 1412 1475 et

90 1519 316 1616 sequentibus
339 1519 458 1616 ipsum
486 1516 741 1607 cardinalibus,
766 1517 945 1614 episcopis
970 1519 1235 1612 assistentibus,
1263 1523 1409 1616 deinde,

89 1643 157 1717 diis
171 1643 333 1740 prelatis,
351 1665 453 1716 more
469 1641 575 1716 solito
592 1641 764 1738 equitavit
780 1641 825 1715 ad
840 1643 1100 1716 monasterium
1118 1646 1233 1718 sancti
1249 1649 1411 1745 Gregorii

89 1767 175 1841 circa
193 1767 441 1865 Septisolium,
459 1765 520 1840 ubi
541 1767 672 1842 audivit
690 1757 851 1859 missam,
875 1791 983 1864 quam
999 1767 1036 1840 in
1052 1769 1153 1842 altari
1170 1772 1308 1869 maJ'ore
1323 1773 1410 1870 legit

88 1893 188 1968 abbas
199 1893 285 1968 dicti
303 1892 524 1967 monasterii.
536 1891 862 1969 vicecancellarius
877 1893 1032 1988 portavit
1049 1896 1144 1990 Pape
1158 1893 1290 1969 librum
1307 1919 1411 1970 oscu-

87 2017 222 2092 landum
246 2025 331 2117 post
358 2019 584 2116 evangelium
610 2024 659 2107 et,
685 2025 766 2114 post
790 2019 913 2113 Agnus
940 2017 1020 2106 Dei,
1047 2039 1174 2114 pacem
1206 2043 1313 2116 quam
1340 2045 1409 2118 ego

88 2140 206 2216 deinde
226 2141 365 2238 portari
386 2141 453 2216 sibi
474 2148 510 2216 et
529 2141 606 2216 eliis
630 2141 872 2216 cardinalibus
892 2165 934 2215 ac
957 2141 1136 2239 episeopis
1157 2144 1409 2220 assistentibus

89 2273 230 2358 tantum,
256 2267 343 2364 quia
362 2267 420 2340 alii
445 2289 574 2342 omues
591 2268 733 2341 stabant
754 2291 820 2344 suo
842 2265 982 2340 ordine.
1009 2264 1126 2338 Finita
1147 2266 1271 2359 missa,
1298 2269 1410 2342 abbas

87 2391 360 2487 quicelabravit,
385 2415 450 2490 per
473 2391 770 2468 inadvertentiam
792 2391 976 2466 benedixit
995 2393 1128 2491 populo
1151 2401 1187 2466 et
1208 2395 1408 2490 Pape;quo

88 2518 347 2610 nonobstante,
364 2522 462 2616 Papa
476 2519 629 2593 accessit
644 2517 689 2592 ad
701 2517 860 2592 medium
876 2517 997 2591 altaris
1014 2523 1050 2592 et
1064 2541 1187 2592 versus
1202 2517 1248 2592 ad
1262 2541 1409 2592 crucem

48 2691 50 2700 ·
89 2665 178 2714 suam
194 2665 264 2740 que
281 2665 348 2741 per
362 2641 623 2718 subdiaconum
640 2667 761 2717 coram
780 2667 824 2752 eo
844 2649 986 2740 portata
999 2643 1077 2733 suit,
1096 2651 1208 2735 stans,
1226 2643 1409 2718 benedixit

87 2764 237 2841 incentu
257 2768 407 2866 populo,
430 2768 554 2844 dicens
575 2768 635 2842 Sit
655 2791 796 2858 nomen,
821 2780 885 2842 etc.
914 2771 1004 2842 Data
1024 2769 1291 2858 benedictione,
1313 2773 1408 2865 Papa

88 2890 182 2966 rediit
196 2893 241 2966 ad
253 2892 429 2991 palatium
448 2915 492 2967 eo
508 2893 633 2968 ordine
650 2916 721 2990 quo
740 2898 899 2984 uenerat,
914 2899 950 2967 et
965 2916 1048 2966 cum
1064 2899 1161 2966 esset
1172 2895 1275 2990 juxta
1289 2892 1407 2966 ecole-

88 3013 216 3090 sicma.
243 3018 340 3092 Gelai
364 3017 463 3093 dedit
485 3017 667 3092 licentiam
690 3017 929 3092 cardinalibus
956 3023 1104 3115 propter
1134 3017 1406 3092 inundationem

87 3139 244 3233 luminis,
266 3151 307 3218 ut
327 3144 477 3241 quisque
498 3144 645 3216 domum
665 3167 766 3216 suem
787 3142 940 3232 rediret;
955 3147 1061 3239 Papa
1077 3165 1162 3217 vero
1179 3142 1347 3241 equitavit
1361 3144 1405 3216 ad

87 3273 231 3342 castrum
247 3269 366 3342 sancti
378 3268 507 3366 Angeli
522 3273 558 3341 et
572 3267 620 3342 ibi
636 3291 680 3340 eo
694 3267 751 3342 die
765 3267 952 3342 remansit.

126 3393 209 3466 Nam
222 3391 297 3468 hoc
312 3415 418 3467 mane
434 3393 573 3467 eumad
586 3392 756 3489 palatium
771 3392 1029 3488 equitaremus,
1043 3391 1254 3466 associaturi
1274 3395 1405 3489 Papam

85 3514 297 3592 adrandum
308 3517 537 3614 Gregorium,
559 3541 632 3590 non
648 3523 726 3592 erat
745 3539 840 3614 aqua
861 3517 898 3589 in
920 3517 1039 3614 aliquo
1058 3517 1140 3591 loco
1161 3539 1226 3613 per
1247 3517 1351 3606 viam,
1370 3527 1406 3591 et

87 3661 157 3714 cum
176 3641 219 3716 de
238 3641 373 3739 palatio
392 3665 476 3716 cum
496 3641 668 3739 pontifice
692 3641 951 3737 equitaremus,
974 3665 1067 3738 aqua
1085 3651 1163 3716 erat
1188 3667 1297 3741 supra
1311 3644 1404 3716 viam

86 3763 358 3864 circabospitale
374 3791 403 3839 s.
418 3766 604 3840 Michaelis
619 3767 656 3840 in
670 3769 804 3864 burgo,
821 3767 921 3863 quasi
935 3767 980 3840 ad
994 3790 1090 3864 genu
1105 3768 1203 3864 equi.
1217 3771 1304 3842 Cum
1320 3791 1404 3843 vero

88 3889 294 3966 redissemus
314 3891 358 3966 de
381 3916 410 3965 s.
434 3893 623 3988 Gregorio,
648 3915 742 3988 aqua
762 3892 918 3965 ssuminis
938 3900 1016 3966 erat
1036 3891 1134 3966 circa
1154 3893 1347 3968 ecclesiam
1372 3919 1401 3968 s.

89 4011 168 4087 Gelai
186 4013 255 4090 alta
280 4016 382 4113 quasi
403 4038 517 4113 usque
537 4017 582 4090 ad
602 4039 734 4114 corpus
755 4017 853 4113 equi,
879 4025 915 4090 et
939 4017 1047 4092 hodie
1068 4018 1177 4094 crevit
1199 4041 1264 4115 per
1290 4025 1403 4092 totam

89 4135 171 4213 diem
195 4141 242 4216 ita
265 4143 364 4240 quod
386 4149 488 4240 prata
511 4141 669 4239 undique
695 4142 938 4238 cooperuerit,
968 4147 1004 4215 et
1027 4165 1092 4240 per
1115 4149 1227 4218 totam
1254 4143 1401 4234 Urbem,

87 4262 175 4357 juxta
188 4275 345 4344 castrum
360 4268 563 4366 predictum
579 4291 660 4342 cum
676 4289 810 4364 magno
826 4267 963 4365 impetn
980 4268 1110 4342 ductus
1127 4265 1402 4343 transversando

91 4390 186 4464 crevit
203 4394 294 4468 adeo
312 4393 406 4490 quod
426 4393 473 4467 ad
494 4415 605 4466 unum
631 4392 791 4490 palmum
815 4415 899 4466 cum
926 4392 1074 4466 dimidio
1100 4393 1156 4466 vel
1183 4393 1278 4467 cirea
1308 4395 1403 4468 venit

92 4533 190 4610 usque
211 4519 256 4592 ad
274 4519 417 4616 signum
439 4517 484 4592 ad
505 4516 603 4615 quod
623 4517 724 4609 alias,
748 4541 843 4591 anuo
863 4517 990 4615 jubilei
1015 4517 1184 4617 proximi,
1209 4518 1346 4592 elssuxit
1367 4527 1403 4594 et

93 4650 234 4734 venerat,
263 4645 371 4742 quod,
401 4643 568 4718 domibus
604 4647 726 4716 Rmus.
759 4647 802 4717 D.
841 4642 1032 4718 cardinalis
1072 4641 1277 4716 Parmensis
1306 4645 1403 4740 (tuuc

95 4763 272 4873 Papiensis)
296 4771 391 4845 intra
416 4791 561 4844 murum
584 4768 742 4866 positum
766 4777 821 4843 est
845 4775 881 4842 et
904 4769 941 4842 in
966 4768 1084 4866 spatia
1102 4769 1273 4860 divisum;
1298 4777 1404 4864 nocte

93 4909 166 4966 vero
188 4895 347 4993 sequenti
372 4893 544 4985 decrevit,
567 4892 616 4967 ita
642 4893 740 4989 quod
763 4893 821 4966 die
847 4897 889 4966 13
914 4892 1024 4989 hujus
1054 4916 1181 4968 omnes
1209 4895 1262 4969 vie
1291 4895 1404 4970 libere

97 5011 415 5118 luerunt,utprius.

136 5142 328 5236 Dominiaa,
350 5149 393 5217 le
415 5142 547 5234 martii,
573 5151 702 5240 quarta
730 5143 1020 5241 quadragesime,
1046 5145 1109 5217 SS.
1136 5147 1179 5216 D.
1204 5146 1246 5218 N.
1262 5143 1406 5216 indutus
