3496 6056
257 484 295 542 88
716 479 890 538 JOHANNIS
914 474 1134 546 BURCthllll,
1427 472 1507 540 [lom
1522 472 1590 534 ιι34]

312 637 383 712 Sed
398 637 480 734 quia
495 636 646 711 Romani
662 634 750 710 mihi
765 635 932 708 dixerunt
947 655 1029 708 suas
1039 633 1076 706 in
1091 629 1199 704 mutis
1215 626 1424 726 hujusmodi
1441 645 1593 702 consue·

263 765 403 840 tudines
418 763 508 838 velle
524 764 729 852 observare,
747 783 874 835 eorum
890 758 1037 834 arbitrio
1053 754 1195 854 reliqui.

311 895 363 965 lle
380 887 585 964 vexilliferis
603 913 613 963 ε

310 1038 476 1090 cursores
499 1016 563 1088 SS.
589 1017 631 1087 D.
656 1017 697 1088 N.
729 1036 821 1111 pape
850 1013 1022 1110 deputent
1045 1006 1317 1105 quatuordecim
1346 1028 1391 1079 cx
1420 1003 1510 1102 ipsis
1533 1003 1594 1101 qui

262 1142 452 1216 duodecim
466 1163 575 1238 parva
588 1138 716 1213 vexilla
731 1143 767 1212 et
780 1139 871 1211 duos
886 1133 1103 1210 cherubinos
1118 1138 1276 1231 portent,

313 1265 485 1341 tredecim
500 1263 617 1363 capita
631 1264 823 1362 regionum
837 1266 982 1360 portent
996 1284 1059 1334 sua
1072 1258 1201 1333 vexilla
1219 1285 1226 1332 :

309 1390 573 1467 confalonerius
588 1390 711 1488 populi
725 1387 880 1478 romani,

306 1522 519 1615 procurator
533 1514 668 1590 ordinis
682 1515 787 1589 beate
802 1511 913 1587 Maria
928 1511 1247 1601 Theutonicorum,

308 1667 431 1717 comes
447 1639 863 1728 Johannosvranciscus
877 1638 922 1712 de
938 1637 1087 1726 Balnea,

310 1791 434 1844 comes
448 1765 624 1842 Antonius
640 1767 684 1840 de
699 1763 910 1852 Mirandula,

308 1897 521 1989 procurator
534 1888 669 1964 ordinis
684 1913 716 1963 s.
732 1889 906 1964 lobannis
922 1887 1215 1987 Hierosymitani.

311 2020 444 2092 Omnes
459 2016 495 2092 hi
510 2017 667 2092 habeant
681 2039 793 2112 equos
808 2014 977 2089 bardatos
993 2019 1030 2088 et
1044 2012 1115 2087 sint
1130 2012 1258 2087 armati
1271 2035 1383 2110 usque
1399 2013 1445 2087 ad
1461 2011 1595 2086 collum

205 2185 217 2208 ·
262 2167 346 2220 eum
362 2142 577 2242 supravestis
593 2168 658 2241 pro
675 2167 714 2216 sc
730 2148 766 2216 et
781 2140 896 2237 equis,
922 2145 958 2214 et
977 2139 1128 2234 quilibet
1144 2161 1271 2215 eorum
1292 2137 1426 2214 habeat
1439 2133 1614 2236 quatuor'

261 2268 455 2343 lumiliares
478 2268 696 2343 mantellinis
710 2266 855 2365 paribus
872 2268 1028 2343 indutos.

305 2399 357 2468 De
374 2395 612 2468 cardinalibus
629 2399 664 2466 et
678 2392 824 2490 prelatis
843 2418 851 2467 :

311 2518 435 2592 RRmi.
459 2521 533 2591 nt).
556 2517 756 2592 cardinales
775 2517 907 2592 saciant
926 2515 1005 2592 fieri
1024 2521 1214 2614 coopertas
1235 2513 1280 2590 de
1295 2512 1495 2590 buccacino
1511 2511 1594 2588 albo

262 2666 331 2738 que
347 2664 460 2737 equos
476 2643 631 2738 undique
648 2641 858 2738 cooperiant
871 2666 892 2716 a
906 2648 1004 2718 terra
1017 2667 1083 2741 per
1096 2643 1255 2741 palmum
1270 2641 1325 2718 vel
1340 2641 1452 2716 circa.
1556 2699 1564 2708 .

305 2767 444 2842 Portari
458 2767 590 2840 iaciant
604 2772 815 2864 paramenta
829 2768 944 2840 ordini
960 2774 996 2842 et
1011 2767 1165 2866 tempori
1180 2766 1443 2856 convenientia,
1462 2765 1595 2863 quibus

169 2921 172 2934 ·
260 2893 374 2990 parati
390 2892 510 2966 sintin
525 2891 635 2966 missa
650 2899 685 2966 et
700 2892 931 2990 processione
947 2895 993 2968 ad
1007 2897 1237 2968 Lateranum.
1249 2895 1289 2965 ln
1304 2891 1596 2990 processionead

262 3019 490 3106 Lateranum,
509 3016 661 3112 quisque
686 3040 797 3114 penes
822 3041 860 3092 se
882 3019 1015 3092 habeat
1034 3018 1226 3092 servitores
1249 3024 1331 3093 octo
1349 3017 1407 3092 vel
1428 3016 1527 3092 eirca
1547 3015 1596 3090 ad

261 3141 479 3226 voluntatem
499 3165 615 3233 suam,
632 3143 784 3214 honeste
804 3142 964 3234 vestitos,
987 3143 1135 3216 baculos
1162 3144 1263 3218 albos
1285 3144 1323 3218 in
1347 3142 1506 3217 medium
1528 3165 1597 3240 pa-

262 3267 541 3341 ralrenariorum
568 3268 732 3340 manibus
762 3273 968 3364 portanteS,
1000 3268 1100 3342 ethi
1133 3275 1239 3344 erunt
1264 3269 1345 3343 loco
1378 3268 1590 3367 paralrena-

262 3414 409 3464 norum.

313 3515 442 3589 Prolati
470 3516 634 3590 similiter
657 3516 790 3592 iaciant
815 3525 1006 3616 coopertas
1036 3518 1170 3595 similes
1197 3519 1241 3594 de
1271 3518 1439 3617 lustagno
1469 3525 1593 3594 tamen

263 3639 357 3728 albo,
380 3662 452 3712 non
475 3640 519 3714 de
542 3639 767 3716 bambacino.
790 3644 941 3718 Portarii
960 3643 1091 3718 faciant
1109 3643 1279 3742 pluvialia
1301 3645 1383 3721 alba
1404 3653 1439 3720 et
1465 3645 1594 3720 mitras

264 3764 444 3860 simplices
458 3764 588 3861 quibus
601 3765 637 3837 in
650 3768 883 3863 processione
898 3768 970 3843 sint
982 3769 1096 3866 parati
1111 3769 1275 3844 similiter
1285 3778 1322 3846 et
1333 3770 1371 3846 in
1383 3771 1509 3863 missa,
1523 3773 1595 3848 nisi

263 3889 373 3963 missa
388 3889 467 3986 ipsa
481 3890 590 3964 alium
610 3893 768 3968 colorem
782 3893 992 3996 postularet.

307 4017 346 4088 ln
363 4017 593 4112 processione
620 4018 771 4116 quisque
796 4043 908 4117 penes
929 4044 967 4098 se
987 4020 1120 4096 habeat
1137 4022 1328 4098 servitores
1350 4045 1415 4098 seu
1430 4023 1593 4121 perstre

262 4140 381 4214 narios
395 4141 549 4217 honeste
563 4144 721 4236 vestitos,
737 4145 885 4220 baculos
898 4146 999 4219 albos
1012 4145 1048 4218 in
1063 4145 1232 4220 manibus
1244 4153 1445 4246 portantes.

306 4269 358 4340 De
381 4266 533 4340 cameris
555 4268 590 4340 iu
612 4292 643 4342 s.
659 4270 824 4344 Johauue
846 4271 1078 4346 Laterauensi
1104 4271 1387 4350 distribuendis:

309 4415 452 4468 camere
472 4417 600 4474 omnes
624 4395 879 4472 canonicorum
905 4396 1052 4474 basilice
1075 4422 1105 4472 s.
1133 4398 1309 4476 lobannis
1334 4402 1591 4478 Laterauensis

263 4515 382 4591 sivein
398 4520 573 4595 canonica
590 4521 661 4598 sive
680 4547 788 4620 supra
799 4522 932 4598 lobiam
944 4547 1009 4622 per
1023 4545 1133 4621 quem
1145 4525 1192 4600 ad
1212 4528 1346 4600 Sancta
1367 4529 1587 4602 Sanctorum

263 4638 334 4713 itur
349 4643 478 4718 situata
493 4645 751 4722 distribuantur
764 4649 858 4726 iuter
871 4653 1026 4724 RRmos.
1049 4653 1125 4726 DD.
1143 4651 1343 4728 cardinales
1356 4675 1422 4749 per
1435 4651 1589 4728 biduum

264 4764 319 4838 vel
349 4767 507 4842 triduum
538 4780 622 4848 ante
653 4772 749 4848 diem
788 4763 1030 4850 coronationis
1062 4781 1098 4850 et
1129 4801 1196 4874 per
1227 4777 1366 4852 litteras
1407 4779 1595 4876 alphabeti

265 4889 463 4986 signentur,
490 4919 533 4970 ac
554 4897 671 4973 claves
693 4923 819 4974 corum
840 4899 989 4997 singulis
1010 4901 1217 4975 camerariis
1245 4902 1480 5000 cardinalium
1502 4904 1597 4978 assi·
1646 4885 1655 4896 ⁵

263 5019 419 5112 guantur
453 5021 512 5115 qui
546 5045 607 5096 eas
640 5024 804 5098 mundari
837 5024 969 5099 laciaut
1001 5030 1038 5099 et
1065 5026 1193 5123 pannis
1227 5027 1439 5125 opportunis
1471 5028 1594 5121 lectis,

263 5141 444 5234 scammis,
468 5147 625 5240 sedibus,
650 5149 786 5223 mensis
810 5155 846 5223 et
868 5149 946 5224 aliis
971 5151 1078 5225 rebus
1097 5153 1310 5250 opportunis
1334 5154 1504 5230 ordinent
1523 5179 1594 5254 pro
