3578 6032
724 419 937 476 appennine.
1445 425 1498 480 559

160 575 255 634 tante
270 571 370 648 curia,
387 570 483 633 sicuti
504 570 606 634 moris
621 575 683 647 est,
699 575 859 652 perpetua
875 587 943 634 non
963 570 1108 634 deseruit
1122 573 1222 649 atque
1237 570 1356 652 ingens
1370 575 1495 652 pluuia.

160 669 225 731 Vix
241 669 331 731 enim
349 669 476 750 egressi
494 685 626 732 eramus
647 669 807 749 palatium
828 667 1005 746 Pontificis,
1031 685 1105 732 cum
1130 668 1240 732 subito
1261 671 1345 734 adeo
1368 671 1497 754 largum

162 767 329 831 obductae
350 769 442 832 coelo
464 769 571 831 nubes
587 784 762 830 excussere
777 767 929 845 imbrem,
954 771 991 830 ut
1010 767 1166 830 torrentis
1185 784 1275 831 more
1292 770 1416 833 effusus
1431 786 1497 832 333

162 865 265 928 modo
281 883 344 929 nos
359 865 581 942 madefecerit,
603 884 719 930 verum
738 883 824 946 pene
848 871 935 930 totos
956 867 1112 930 obruerit.
1136 867 1357 947 sequentibus
1381 869 1498 932 diebus

161 964 313 1027 uisitauit
332 965 514 1028 cardinalis
530 964 736 1041 Pontificem;
760 965 907 1029 uisitauit
931 965 1122 1029 Cardinales
1147 965 1298 1047 singulos
1320 967 1418 1030 domi.
1434 969 1501 1030 Hoc

162 1067 296 1142 peracto
316 1063 511 1128 visitationis
531 1061 650 1138 officio,
675 1063 828 1127 visitatus
847 1069 897 1126 est
911 1067 943 1125 31
957 1063 1029 1142 ipse
1043 1063 1189 1126 vicissim
1204 1063 1324 1127 domia
1341 1064 1497 1129 113131133-

162 1159 254 1223 libus
271 1161 437 1239 omnibus,
464 1160 560 1224 sicuti
582 1161 683 1225 moris
709 1165 771 1224 est.
794 1161 954 1224 Absoluta
977 1165 1027 1223 331
1048 1161 1119 1224 heri
1134 1162 1267 1224 demum
1281 1163 1362 1224 11333
1382 1167 1497 1227 313133

162 1259 319 1322 visitatio.
343 1261 506 1334 Cetemm,
522 1264 560 1322 ut
581 1260 622 1323 de
636 1259 710 1340 ipso
729 1258 893 1322 Cardinali
911 1259 1036 1338 aliquid
1055 1260 1114 1322 tibi
1134 1261 1261 1341 gratius
1277 1261 1493 1338 conscribam,

161 1357 249 1420 scias
265 1375 341 1421 eum
355 1355 554 1420 satisfecisse
578 1358 733 1421 omnibus
749 1361 880 1438 praeter
893 1357 1074 1420 multorum
1089 1360 1360 1438 expectationem,
1377 1360 1493 1440 quise,

161 1456 339 1534 puerulum
354 1457 484 1520 visuros
500 1459 710 1535 putaueram,
723 1472 791 1519 333
803 1461 872 1520 1331
887 1457 1074 1535 praesentia
1090 1458 1250 1536 corporali
1266 1461 1298 1520 et
1312 1458 1495 1537 proceriore

163 1571 266 1633 quam
280 1571 340 1634 pro
356 1559 474 1629 aetate,
493 1559 629 1633 statura,
647 1572 747 1636 quam
764 1571 894 1618 morum
917 1555 951 1617 in
974 1554 1089 1633 primis
1103 1546 1278 1636 grauitate,
1298 1561 1331 1618 et
1343 1573 1495 1620 sermone
1602 1557 1604 1561 ’

160 1655 197 1716 13
210 1655 364 1718 omnibus
378 1655 521 1718 maxime
536 1653 759 1718 accomodato.
772 1653 986 1718 caerimoniis
998 1653 1237 1730 cardinalatus,
1253 1660 1416 1735 quantum
1431 1672 1493 1736 ego

159 1753 424 1816 animaduertere
439 1757 472 1816 et
490 1754 579 1816 domi
594 1757 626 1816 et
641 1752 720 1816 foris
737 1752 842 1832 potui,
865 1752 948 1816 adeo
971 1757 1046 1831 apte
1067 1757 1099 1814 et
1116 1752 1269 1815 decenter
1281 1753 1393 1828 utitur,
1409 1757 1447 1816 ut
1460 1754 1494 1816 in

157 1852 201 1913 iis
216 1869 275 1930 per
290 1869 395 1916 annos
408 1852 530 1916 multos
546 1856 712 1916 versatum
727 1850 831 1914 fuisse
846 1849 940 1914 facile
962 1849 1123 1914 crederes.
1139 1851 1348 1914 Humanitate
1363 1869 1495 1932 quoque

159 1952 193 2010 et
205 1949 395 2012 affabilitate
410 1950 609 2029 praeditum,
624 1949 771 2030 quotidie
785 1949 895 2030 palam
917 1950 1120 2029 experimur3
1137 1966 1252 2013 verum
1268 1950 1309 2012 de
1322 1951 1385 2013 hoc
1398 1951 1491 2013 alias,

159 2048 280 2124 Quanti
302 2052 335 2110 te
354 2047 452 2112 faciat
476 2049 728 2113 colendissimus
753 2053 917 2129 protector
937 2052 1061 2124 noster,
1079 2053 1111 2110 et
1125 2064 1225 2127 quam
1239 2053 1333 2129 grate
1355 2047 1495 2111 audierit

159 2161 273 2207 secum
288 2146 328 2209 de
343 2151 376 2209 te
388 2147 591 2228 loquentem,
602 2149 708 2228 ipsius
723 2148 765 2211 ad
781 2148 951 2211 1311113133
966 2146 1174 2223 indicabunt3
1188 2150 1219 2209 et
1230 2163 1292 2227 ego
1304 2147 1494 2223 3313133111

159 2245 347 2321 permiserit
362 2245 528 2324 dominus,
544 2247 676 2326 plenius
691 2245 843 2310 referam.
860 2244 1061 2310 Commendo
1075 2245 1135 2307 tibi
1149 2249 1263 2306 nostra
1280 2243 1376 2307 isthic
1388 2261 1491 2326 nego·

159 2343 215 2418 tia,
230 2360 316 2422 quae
329 2345 427 2408 nosti.
445 2347 566 2409 Sumus
581 2347 633 2408 hic
645 2346 679 2408 13
692 2346 852 2426 obsequio
867 2343 1136 2422 reuerendissimi
1151 2341 1333 2407 cardinalis
1353 2341 1492 2404 Medicis

157 2442 270 2503 minus
282 2447 369 2506 certe
384 2444 452 2522 apti
465 2448 498 2507 et
512 2445 634 2522 idonei,
651 2444 710 2507 sed
723 2443 911 2518 voluntarii,
932 2441 991 2505 sed
1005 2441 1132 2504 fideles.
1150 2441 1213 2505 Ora
1226 2457 1285 2520 pro
1300 2437 1384 2502 felici
1398 2443 1429 2502 et
1443 2439 1492 2502 in·

157 2539 280 2602 columi
295 2544 365 2603 tum
381 2541 498 2620 ipsius,
519 2547 590 2606 tum
610 2548 725 2606 nostro
739 2543 848 2606 reditu
865 2545 919 2605 :et
934 2557 1007 2616 nos,
1023 2557 1098 2602 cum
1115 2543 1338 2618 opportunum
1353 2537 1492 2602 11111133-
1562 2529 1570 2546 '

156 2637 212 2712 rit,
231 2638 414 2702 clarissimo
433 2641 503 2704 viro
524 2642 698 2704 Laurentio
720 2641 925 2704 commenda.
951 2638 1177 2702 Tumultuario
1194 2636 1280 2712 stile,
1295 2637 1491 2698 accurrenti

155 2738 283 2802 calamo
300 2739 381 2802 11333
394 2739 492 2802 modo
508 2739 550 2802 ad
564 2745 597 2802 te
610 2739 800 2819 conscripsi,
815 2739 972 2819 quoniam
987 2755 1103 2800 reuera
1120 2752 1237 2815 parum
1251 2733 1348 2796 nobis
1361 2734 1418 2796 otii
1433 2750 1490 2795 33-

157 2841 279 2915 perest.
298 2837 427 2918 Siquid
448 2838 588 2901 barbare
604 2838 727 2902 dictum
743 2837 905 2913 inuenies
923 2836 1168 2898 excusationem
1185 2832 1350 2896 admittes.
1368 2831 1457 2894 Vale.
1474 2857 1486 2884 »

198 2961 211 2992 ‹
235 2937 282 2998 Ex
299 2938 385 3000 Urbe
397 2935 449 2999 die
465 2939 519 2999 Vll
535 2937 660 3016 aprilis,
679 2935 768 2999 1491.
789 2960 801 2990 ι

196 3087 295 3169 (l’etrt'
306 3087 453 3167 Delphini
464 3089 568 3168 Epist.
586 3089 641 3152 liv.
658 3090 710 3164 lll,
728 3085 901 3167 13111317.)

803 3417 843 3488 ll

192 3619 342 3684 ltelation
356 3619 397 3684 de
410 3619 441 3684 la
455 3623 543 3683 13311
557 3618 600 3682 de
617 3621 757 3681 1331331
772 3618 812 3678 de
826 3613 970 3679 Medicis.

478 3781 614 3845 Iacobus
633 3780 841 3858 Antiquorius
860 3776 978 3856 Aupclo
1000 3773 1159 3838 Politiono

772 3881 803 3940 S.
821 3880 860 3940 D.

195 4059 208 4090 a
233 4033 282 4096 Ad
295 4033 447 4113 quintum
462 4030 536 4093 idus
551 4027 671 4108 Aprilis
680 4025 1047 4090 secesseramiicinum.
1065 4025 1226 4089 Postridie
1243 4024 1312 4086 3133
1322 4023 1397 4098 diei,
1409 4039 1483 4085 cum

151 4132 251 4196 oflicii
265 4149 364 4195 causa
380 4128 581 4211 praelectum
596 4126 691 4201 31313,
707 4123 984 4187 humanissimum
1007 4124 1115 4186 virum
1131 4123 1285 4186 iacobum
1301 4120 1482 4183 Pusterlam

151 4230 395 4304 conuenissem,
412 4226 616 4308 perbenigne
629 4242 682 4287 313
701 4223 881 4298 333313133,
905 4221 1049 4285 secunda
1065 4222 1183 4302 iuquit,
1196 4220 1302 4283 noctis
1317 4218 1429 4300 vigilia
1444 4217 1485 4279 dc

152 4327 456 4391 Laurentiilledicis
468 4327 559 4389 obitu
569 4323 768 4404 praenotans
776 4321 969 4384 tabellarius
983 4321 1027 4384 ad
1038 4320 1220 4400 principem
1230 4317 1408 4382 contendit.
1419 4318 1485 4378 Hoc

150 4427 273 4490 nuncio
288 4427 460 4500 attonitae,
477 4425 591 4488 oculos
606 4421 729 4485 331313
744 4425 866 4483 terram
889 4417 1092 4496 definissem,
1110 4423 1215 4495 estne,
1231 4417 1378 4497 inquam,
1390 4414 1484 4476 nobis

150 4526 373 4598 11313311333,
389 4523 539 4587 31131113
559 4521 707 4584 33131331
728 4517 976 4599 sapientissimo
995 4517 1078 4594 viro,
1096 4521 1143 4578 tot
1158 4531 1247 4594 spes,
1264 4519 1312 4577 tot
1326 4514 1484 4578 virtutum

151 4623 315 4705 imagines
331 4627 364 4686 31
377 4621 484 4702 signa,
499 4626 659 4700 tanquam
673 4617 716 4681 ad
727 4633 807 4682 uasa
822 4617 1034 4680 conclamans
1048 4611 1358 4678 sustulerittsedde
1374 4609 1484 4673 ltaliae

151 4721 394 4785 calamitatibus
416 4737 506 4783 mox.
525 4723 615 4798 Quae
637 4717 726 4780 enim
749 4716 792 4778 ab
817 4714 1078 4778 eninentissimis
1099 4713 1180 4776 locis
1199 4713 1286 4776 mala
1309 4713 1481 4792 ingruunt,

150 4821 298 4895 niuibus,
321 4837 394 4883 cum
415 4820 450 4882 in
482 4818 645 4881 montium
671 4813 898 4878 cacuminibus
922 4813 1144 4893 liquescentes
1165 4809 1313 4892 ingentia
1335 4806 1482 4870 efficiunt

150 4919 299 4997 flumina,
316 4917 483 4982 simillima
494 4933 569 4981 esse
585 4914 705 4978 solent.
724 4913 827 4976 Biduo
842 4915 919 4990 post
933 4909 1155 4973 Mediolanum
1171 4923 1347 4990 regressus
1363 4904 1484 4970 offendi

151 5035 341 5082 sermonem
353 5019 481 5083 varium
495 5035 503 5079 ε
520 5032 557 5078 ea
575 5029 720 5093 namque
739 5011 781 5075 dc
797 5010 1019 5073 moestissima
1035 5027 1070 5073 13
1090 5011 1155 5072 iam
1172 5008 1316 5088 populus
1331 5011 1402 5069 3131
1416 5021 1483 5068 oer-

150 5117 225 5194 tior,
242 5117 306 5180 Alii
322 5117 363 5181 de
377 5116 469 5180 coelo
484 5113 601 5178 aedem
617 5107 1295 5190 1111313133333133313333131331331133
1311 5105 1483 5169 decederet
