3600 6094
281 445 316 499 ro
736 435 912 494 tonsurus
935 433 1157 506 nuncunnnr,
1454 431 1630 499 leontina·

283 599 421 694 aliquos
441 579 744 686 cardinalesnisi
764 594 808 667 de
833 616 1013 666 consensu
1036 593 1186 666 duarum
1208 591 1364 689 partium
1387 591 1613 682 eorumdem,

283 730 319 797 et
334 729 420 796 tunc
436 727 574 796 tantum
588 719 626 792 in
641 717 783 792 casibus
796 716 975 815 expressis
990 718 1027 790 in
1038 718 1118 815 jura
1136 717 1196 818 (t).

336 853 444 936 ltem,
467 870 548 920 cum
570 845 641 942 juri
661 850 696 917 et
717 843 864 939 equitati
884 843 1089 932 conveniat,
1113 842 1208 939 quod
1227 843 1296 918 illis
1311 842 1377 940 'qui
1399 868 1429 916 r.
1453 842 1614 918 Ecclesia

285 978 322 1049 in
338 973 410 1048 suis
425 970 699 1046 necessitatibus
719 975 887 1066 prompta
904 968 1085 1043 voluntate
1105 968 1366 1059 subvenerunt,
1388 969 1433 1042 de
1454 969 1617 1066 ejusdem

287 1099 446 1174 Ecclesia
466 1096 692 1170 facultatibus
716 1093 837 1168 debita
860 1094 1032 1168 satistatio
1055 1094 1296 1194 impendatur,
1322 1117 1451 1185 voveo,
1476 1096 1559 1192 juro
1582 1101 1620 1167 et

286 1225 475 1324 promitto,
502 1221 598 1317 quod
623 1219 710 1293 solvi
735 1218 865 1292 faciam
898 1219 1044 1292 realiter
1066 1227 1103 1294 et
1135 1245 1217 1294 cum
1242 1219 1373 1294 ellectu
1400 1218 1547 1293 cuilibet
1573 1242 1619 1292 ex

288 1347 527 1424 cardinalibus
553 1350 626 1418 tam
650 1343 877 1442 presentibus
903 1366 1011 1439 quam
1040 1344 1149 1418 etiam
1172 1343 1349 1418 defunctis
1374 1367 1482 1416 omne
1508 1345 1559 1434 id,
1584 1353 1621 1418 et

288 1482 422 1564 totum,
452 1472 584 1568 inquo
614 1475 755 1544 constat
783 1475 819 1543 et
847 1474 1013 1543 constare
1042 1471 1175 1568 poterit
1202 1470 1240 1544 in
1258 1470 1417 1543 biturum
1445 1493 1508 1544 eos
1537 1494 1619 1546 esse

289 1600 487 1676 creditores
506 1595 567 1669 tel.
586 1619 660 1668 rec.
684 1594 772 1668 Sixti
792 1617 883 1692 pape
904 1595 1019 1691 quarti
1043 1595 1311 1693 predecessoris
1331 1595 1402 1670 mei
1424 1619 1489 1669 seu
1512 1619 1620 1694 apos-

179 1815 181 1820 ,
287 1725 394 1800 tolice
419 1745 562 1798 camere
588 1725 624 1795 et
643 1719 756 1808 sedis,
780 1743 1004 1816 quacumque
1029 1719 1167 1794 ratione
1191 1719 1246 1793 vel
1270 1743 1395 1810 causa,
1419 1725 1455 1794 et
1474 1719 1554 1794 illos
1576 1745 1622 1794 ex

290 1853 355 1943 eia,
374 1850 502 1947 quibus
521 1871 587 1946 pro
603 1869 730 1922 eorum
745 1845 905 1934 creditis,
926 1845 971 1918 ab
991 1845 1120 1919 eodem
1140 1845 1400 1942 predecessore
1420 1867 1516 1936 meo,
1537 1845 1620 1920 loco

290 1975 450 2076 pignoris
475 1974 605 2048 tradita
624 1973 800 2046 hactenus
819 1972 939 2044 forent
958 1975 994 2044 et
1017 1994 1208 2061 concessa,
1236 1975 1372 2060 castra,
1397 1970 1558 2044 civitates
1585 1977 1623 2045 et

289 2105 384 2194 loca,
406 2099 539 2198 jocalia
557 2099 697 2195 aliaque
719 2122 749 2169 r.
772 2097 946 2186 Ecclesia,
969 2103 1029 2170 aut
1048 2121 1113 2193 pro
1133 2095 1408 2194 recuperatione
1429 2095 1481 2168 eis
1501 2096 1621 2170 debite

291 2226 509 2326 quantitatis,
535 2223 643 2321 aliqui
667 2222 826 2296 redditus
855 2221 1040 2319 assignati,
1069 2222 1106 2294 in
1133 2221 1340 2319 hujusmodi
1368 2221 1559 2319 pignorum
1586 2227 1623 2293 et

291 2355 640 2450 assignamentorum
655 2349 884 2448 possessione
905 2349 1147 2422 manutenebo
1167 2354 1206 2421 et
1222 2347 1456 2438 conservabo,
1475 2370 1624 2421 conces-
1719 2417 1723 2426 .

293 2503 422 2574 sasque
442 2477 494 2550 eis
514 2477 670 2572 desuper
692 2474 814 2564 literas
835 2478 871 2546 et
895 2474 1089 2570 scripturas
1108 2473 1316 2571 approbabo
1342 2479 1379 2546 et
1398 2473 1621 2547 confirmabo

292 2605 382 2678 meis
397 2602 524 2692 literis,
542 2625 623 2675 cum
640 2599 863 2697 suppletione
879 2623 1186 2695 quorumcumque
1200 2599 1405 2673 defectuum
1420 2600 1466 2672 ob
1481 2599 1623 2674 illorum

293 2721 499 2808 uberiorem
515 2725 839 2799 conservationem.

342 2856 446 2942 ltem,
463 2875 544 2924 cum
566 2850 660 2924 sedis
680 2849 876 2946 apostolice
896 2849 1089 2948 plurimum
1108 2848 1249 2924 intersit
1272 2851 1368 2945 quod
1392 2849 1496 2923 litere
1522 2873 1626 2946 apos-

295 2978 414 3068 tolice,
441 3000 509 3073 que
536 2975 581 3048 ad
600 2975 757 3048 diversas
777 2975 899 3048 mundi
919 2979 1041 3071 partes
1059 2975 1282 3064 deteruntur,
1305 2981 1473 3048 accurate
1495 2980 1532 3047 et
1551 2974 1627 3047 dili-

295 3106 423 3197 genter
442 3100 543 3196 juxta
566 3099 685 3172 stilum
714 3123 862 3172 romane
892 3099 991 3172 curie
1021 3098 1271 3195 expediantur,
1303 3107 1341 3173 at
1367 3105 1562 3198 propterea
1589 3100 1625 3174 in

295 3225 511 3298 cancellaria
534 3225 733 3322 apostolica
752 3225 823 3297 sint
842 3225 977 3297 dudum
997 3223 1150 3322 plurima
1174 3224 1294 3298 officia
1313 3225 1494 3316 instituta;
1518 3233 1566 3317 et,
1589 3233 1626 3300 ut

295 3353 379 3426 lacti
394 3351 617 3448 experientia
631 3350 867 3439 demonstrat,
886 3349 989 3422 litere
1010 3373 1079 3446 quc
1099 3349 1255 3440 aliunde,
1279 3375 1386 3446 quam
1402 3373 1467 3447 per
1482 3353 1627 3426 cancel-

295 3477 422 3550 lariam
448 3474 684 3572 expediuntur
706 3497 772 3572 pro
797 3481 982 3570 tempore,
1005 3499 1158 3574 persepe
1180 3477 1217 3549 in
1241 3476 1322 3550 stilo
1343 3483 1379 3552 et
1403 3479 1482 3552 aliis
1501 3503 1628 3554 neces-

298 3603 400 3676 sariis
416 3602 487 3673 sint
501 3599 694 3686 delective;
716 3599 856 3672 intersit
876 3624 1017 3696 quoque
1041 3602 1204 3699 ejusdem
1231 3603 1339 3693 sedis,
1367 3603 1463 3699 quod
1486 3605 1627 3680 illarum

298 3727 350 3800 sie
388 3725 634 3823 expeditarum
667 3725 821 3821 registra
853 3725 1009 3799 fideliter
1045 3727 1262 3802 adnotentur
1299 3733 1335 3802 et
1369 3737 1629 3804 conserventur

298 3850 441 3923 insimul
456 3850 493 3922 in
509 3875 579 3923 uno
601 3851 799 3945 eodemque
819 3850 914 3939 loco,
937 3851 1011 3923 imo
1031 3852 1108 3947 pari
1128 3852 1236 3926 modo
1260 3853 1356 3944 volo,
1379 3854 1462 3950 juro
1487 3859 1524 3928 et
1547 3880 1630 3953 pro

298 3976 400 4048 mitto
427 3999 501 4048 non
523 3975 691 4072 expedire
714 3983 774 4048 aut
796 3975 955 4071 expediri
982 3977 1193 4073 permittere
1221 3978 1308 4052 alias
1332 3978 1455 4052 literas
1482 3987 1628 4078 aposto-

297 4101 386 4174 licas
406 4100 562 4190 aliunde,
584 4124 691 4196 quarn
706 4126 772 4198 per
791 4100 1043 4174 cancellariam
1063 4103 1240 4199 prefatam
1263 4111 1299 4177 et
1318 4103 1493 4178 officiales
1512 4105 1625 4195 illius,

297 4225 410 4300 literis
426 4225 629 4299 officiorum
649 4226 829 4299 civitatum
852 4232 888 4299 et
905 4226 1069 4300 locorum
1089 4229 1296 4326 temporalis
1316 4229 1464 4304 dominii
1479 4255 1627 4304 romane

299 4351 459 4426 Ecclesia
482 4355 519 4436 et
542 4349 634 4425 illius
656 4352 957 4450 temporalitatem
985 4353 1286 4428 concernentibus
1312 4353 1497 4428 dumtaxat
1520 4378 1628 4428 exce·

299 4480 392 4576 ptis3
424 4477 625 4574 laciamque
659 4484 695 4552 et
723 4478 901 4552 mandabo
936 4478 1014 4552 illas
1048 4501 1174 4552 omnes
1209 4477 1246 4550 in
1279 4478 1432 4574 registro
1468 4480 1627 4576 generali

299 4605 482 4678 literarum
516 4605 795 4703 apostolicarum
824 4606 1007 4679 dumtaxat
1040 4612 1076 4678 et
1106 4629 1180 4679 non
1208 4604 1292 4678 alibi
1326 4604 1530 4702 registrari;
1562 4607 1629 4680 nisi

301 4735 423 4801 essent
444 4731 546 4805 litere
571 4730 773 4804 officiorum
800 4737 836 4805 et
859 4730 1146 4828 temporalitatis,
1177 4730 1319 4827 quasin
1355 4754 1501 4806 camera
1524 4755 1631 4830 apos-

302 4853 421 4943 tolica,
443 4861 503 4928 aut
521 4857 664 4952 aliquod
691 4857 882 4953 negocium
908 4857 1115 4930 necessario
1136 4863 1277 4932 secreto
1300 4858 1495 4932 tenendum
1515 4860 1632 4933 conti-

340 5126 363 5182 t.
386 5123 494 5181 Hinaldi
508 5129 595 5182 arrete
609 5127 644 5183 ici
656 5129 682 5184 la
696 5129 806 5186 citatior
821 5129 855 5185 de
871 5127 1024 5184 Bnrcbard.
