3424 6038
32 491 132 556 [firmet
146 491 214 556 llil]
349 489 474 548 RERUM
499 488 726 548 UBBANAHUM
750 489 1013 550 COMMENTARll.
1292 497 1345 552 239

29 663 159 738 cappas,
187 645 225 716 et
257 645 355 740 Papa
377 643 525 718 dimisso
551 643 693 742 pluvieli
719 645 832 720 rubeo
870 645 1022 743 simplici
1052 645 1193 742 accepit
1221 645 1342 720 album

28 765 223 862 pretiosum.
252 770 361 841 Facta
382 775 436 842 est
463 769 643 844 confessio
668 776 705 844 et
731 771 842 844 missa
864 769 1008 868 incepta
1026 793 1127 844 more
1152 778 1341 844 consueto.

28 890 158 966 llissam
175 891 371 967 celebrarit
387 898 510 968 limus.
530 899 572 968 D.
591 895 783 970 cardinalis
799 921 828 968 s.
850 897 1043 972 Clementis
1060 895 1118 970 cui
1135 899 1233 994 Papa
1248 895 1346 969 dedit

29 1023 150 1090 tentum
164 1040 278 1092 unam
293 1019 494 1110 candelam,
509 1043 591 1093 meo
600 1020 717 1116 jussu.
731 1023 904 1095 Cantores
916 1043 988 1094 non
1002 1020 1169 1096 dixerunt
1182 1047 1342 1120 prosam.

29 1146 101 1216 Cum
119 1143 346 1242 evangelium
371 1143 564 1234 diceretur,
588 1149 631 1218 R.
655 1148 694 1217 P.
719 1149 759 1219 D.
787 1144 978 1218 Leonellus
1003 1145 1194 1245 episcopus
1214 1151 1347 1247 Tragu-

30 1266 153 1358 rieusis,
182 1269 326 1368 accepit
354 1293 467 1368 prope
497 1269 697 1344 cancellum
725 1268 877 1367 pluviola
905 1268 1028 1343 album
1056 1277 1092 1344 et
1122 1273 1280 1366 mitram,
1310 1281 1347 1348 et

29 1393 172 1468 osculato
187 1401 274 1491 post
289 1395 515 1492 evangelium
529 1395 622 1470 libro
641 1417 707 1494 per
726 1394 941 1470 Pontificem
965 1401 1001 1468 et
1021 1418 1064 1470 oo
1085 1394 1284 1487 incensato,
1303 1421 1345 1471 ac

30 1541 99 1592 curn
112 1519 215 1594 mitra
226 1520 378 1596 sedente
393 1520 546 1595 accessit
559 1521 604 1594 sd
620 1543 703 1596 eum
722 1527 757 1596 et
777 1520 988 1618 genuflexus
1000 1520 1183 1594 osculatus
1200 1527 1255 1595 est
1268 1523 1345 1618 ejus

31 1667 111 1740 genu
134 1643 315 1736 dextrum,
335 1645 425 1720 nibil
451 1645 595 1736 dicens;
613 1653 692 1720 tum
713 1645 807 1720 venit
830 1645 876 1719 ad
895 1645 1074 1744 pulpitum
1093 1645 1131 1742 in
1149 1646 1230 1720 loco
1250 1647 1345 1720 edito

30 1775 240 1864 preparatum
266 1771 327 1844 ubi
350 1771 437 1845 lecit
465 1771 598 1846 bonam
628 1770 829 1846 orationem
857 1770 901 1844 de
932 1769 1226 1846 confederatione
1253 1770 1347 1846 inter

31 1892 220 1986 pontificem
250 1900 290 1968 et
322 1899 482 1970 Venetos
519 1895 627 1986 iacta,
662 1895 792 1970 deinde
829 1896 918 1994 legit
947 1895 1069 1969 omnia
1097 1895 1252 1994 capitula
1275 1921 1345 1992 que

33 2015 178 2112 stipulata
189 2025 276 2093 suut
291 2019 453 2096 Venetiis
469 2020 507 2094 in
526 2019 645 2096 ducali
659 2020 792 2118 palatio
805 2044 872 2119 per
886 2021 983 2094 lllus.
999 2023 1199 2119 Augustum
1214 2021 1346 2096 ducem

34 2148 62 2213 et
72 2141 261 2218 dominium
278 2148 502 2221 Venetorum
523 2169 569 2220 ex
588 2169 672 2236 una,
695 2150 731 2218 et
753 2149 795 2218 R.
816 2143 854 2218 in
870 2143 1011 2220 Christo
1033 2149 1073 2218 P.
1092 2147 1134 2218 D.
1159 2145 1345 2220 Nicolaum

35 2265 189 2342 Francum
211 2267 427 2367 episcopum
449 2269 713 2361 Treviseusem,
733 2293 774 2343 ac
796 2269 930 2342 lulium
950 2272 1119 2344 Gesorem
1141 2268 1185 2344 de
1201 2273 1345 2344 Vareno

36 2392 253 2467 camerarium
275 2395 423 2468 nomine
438 2393 635 2491 pontificis,
660 2392 717 2466 die
740 2397 784 2468 29
804 2391 941 2466 mensis
961 2391 1166 2466 decembris
1180 2391 1344 2490 proxime

38 2519 187 2610 preteriti,
214 2543 480 2595 mcccccxxxvrr
509 2544 531 2592 a
561 2519 761 2606 nativitate3
793 2519 920 2615 quibus
950 2516 1055 2591 lectis
1085 2516 1272 2592 descendit
1300 2517 1345 2590 de

40 2637 164 2734 pulpito,
182 2649 217 2718 et
238 2647 305 2718 SS.
328 2648 372 2718 Ι).
395 2648 450 2734 N.,
476 2650 574 2718 stans
604 2643 681 2716 siue
710 2643 829 2734 mitra,
858 2643 994 2740 incepit
1026 2641 1072 2718 Te
1099 2643 1231 2733 Deum,
1262 2655 1342 2733 etc,

40 2764 217 2841 cantoribus
244 2767 565 2866 prosequentibus.
593 2771 670 2853 Quo
694 2767 811 2858 finite,
841 2775 1075 2844 accesserunt
1099 2771 1170 2842 duo
1188 2767 1346 2866 acolythi

41 2889 285 2984 oumcandelis,
305 2892 342 2965 iu
365 2893 438 2968 suis
459 2893 597 2992 cappis,
619 2892 701 2990 quia
725 2916 798 2967 non
817 2894 1000 2970 habebant
1023 2893 1287 2992 superpellicia,
1309 2899 1346 2966 et

43 3009 270 3106 lapa,omisso
287 3019 399 3092 Pater
413 3031 542 3110 noster,
561 3018 649 3092 dixit
668 3043 675 3092 :
772 3015 775 3021 ‘

79 3139 105 3226 i.
120 3139 282 3240 Fiutpus
297 3144 334 3216 in
351 3145 479 3220 uirtute
495 3157 576 3234 tum
590 3143 798 3218 cantoribus
815 3143 1117 3241 respondentibus
1136 3170 1143 3216 :
1162 3142 1216 3216 Et
1228 3142 1342 3215 obsun-

44 3257 139 3335 duutiu
152 3266 186 3338 in
207 3269 363 3342 turribus
386 3270 479 3358 tuis,·
493 3270 652 3360 concerlc,
672 3293 876 3368 quesumus,
898 3269 1058 3362 Domine,
1073 3270 1206 3368 populo
1227 3280 1285 3341 tuo
1305 3275 1350 3340 ut

46 3382 78 3454 sit
89 3387 113 3458 ci
125 3413 175 3462 cor
186 3415 300 3468 unum
315 3405 349 3466 et
361 3418 434 3468 una
447 3395 540 3493 fides
551 3407 587 3469 et
602 3396 822 3478 unimuunu.

82 3511 111 3602 it.
138 3515 179 3588 In
205 3517 443 3594 obseruatione
469 3521 717 3594 mundatorum
738 3533 892 3594 tuorum.
923 3519 1009 3594 Non
1033 3520 1145 3611 nobis,
1178 3519 1344 3608 Domine,

48 3656 99 3706 um
116 3639 215 3730 scobis,
238 3644 305 3718 sed
326 3645 462 3718 nomini
486 3656 544 3718 tuo
566 3644 611 3718 du
639 3645 804 3742 plorium.
829 3645 978 3718 Domine
1002 3644 1134 3718 eraudi
1155 3644 1347 3717 orationem

50 3781 147 3856 rreum,
165 3767 215 3842 Et
230 3772 364 3845 clamor
382 3792 481 3842 meus
508 3769 557 3842 ud
577 3768 624 3842 Te
648 3771 776 3844 veniat.
794 3769 966 3844 Dominus
983 3771 1172 3843 uobiscum.
1190 3769 1244 3842 Et
1267 3793 1348 3842 cum

49 3885 146 3975 spiritu
167 3903 232 3968 tuo.
259 3898 415 3969 Oremus
444 3919 451 3963 :
476 3893 576 3967 Deus
601 3920 622 3968 u
649 3919 718 3992 quo
745 3907 881 3986 sanctu,
899 3908 984 3984 etc.;
1011 3896 1077 3968 sub
1098 3893 1345 3985 conclusione,

52 4005 107 4078 Per
129 4014 293 4093 Christum
320 4019 520 4094 Dominum
549 4030 721 4109 nostrum,
750 4019 879 4094 Amen.
907 4020 1078 4095 Dominus
1105 4005 1285 4094 bodiscum
1316 4031 1351 4092 et

54 4151 113 4206 curu
131 4143 242 4236 spiritu
264 4157 337 4221 ruo.
355 4149 530 4221 cantores
560 4171 567 4217 :
598 4145 858 4220 Benedicumus
886 4146 1054 4236 Domine,
1085 4145 1162 4218 Deo
1195 4144 1345 4242 prucios.

56 4253 170 4337 iuterim
188 4271 384 4347 cardinales
399 4270 632 4346 veneruntad
648 4269 839 4345 circulum.
860 4270 1055 4345 Celebrons
1068 4269 1156 4344 dixit
1184 4267 1297 4342 Credo
1313 4273 1350 4340 et

31 4437 33 4448 .
60 4376 107 4452 alia
125 4402 412 4472 morecousueto.

32 4493 33 4547 ¹
96 4509 126 4582 lu
138 4514 198 4591 tine
213 4525 309 4621 Papa
323 4521 421 4598 dedit
436 4521 729 4596 benedictionem
749 4529 785 4596 et
805 4519 984 4620 plenarias
1006 4517 1246 4616 indulgentias
1261 4538 1349 4612 quos

34 4669 36 4674 ·
62 4630 208 4715 celebrans
229 4645 491 4744 pronuntiarit3
522 4670 593 4743 quo
629 4645 725 4720 lacto
749 4644 1042 4743 archiepiscopus
1081 4668 1111 4716 s.
1143 4643 1286 4716 Andree
1313 4651 1350 4716 et

35 4739 37 4764 '
65 4755 211 4860 episcopus
233 4771 463 4869 Glasquensis
491 4795 615 4845 coram
639 4772 811 4870 pontifice
833 4770 1022 4869 protestati
1044 4776 1126 4842 sunt
1146 4768 1190 4842 de
1216 4768 1349 4866 injuria

65 4871 143 4960 hodie
159 4912 272 4970 eorum
290 4897 365 4995 regi
385 4897 493 4986 sacto,
520 4903 686 4994 petentes
710 4896 797 4994 ipsis
815 4897 993 4993 justitiam
1013 4895 1226 4984 ministrari;
1251 4895 1348 4970 idem

69 5007 263 5101 supplicarunt
278 5029 314 5096 et
328 5021 515 5120 protestati
531 5028 615 5095 sunt
630 5021 821 5096 cardinalis
842 5021 1112 5119 Andeguvensis
1129 5045 1212 5094 cum
1229 5027 1350 5096 orato-

70 5119 138 5204 ribus
157 5144 238 5240 regis
262 5147 427 5238 Francis,
460 5147 593 5222 comite
623 5147 798 5237 Tendille,
831 5147 926 5244 regis
952 5146 1170 5245 Portugallie
1196 5155 1230 5221 et
1254 5146 1350 5243 regis
