3422 6034
80 482 260 550 [lnnvtertttl]
388 478 514 536 RERUM
540 477 767 538 URBANARUM
795 474 1056 534 COMMENTAHH.
1243 535 1244 538 Ἴ
1336 476 1390 532 329

120 639 178 714 llio
203 637 379 734 sequenti,
410 635 545 710 testum
582 631 795 732 Epiphania,
825 631 922 706 idem
952 629 1145 705 cardinalis
1175 629 1211 704 in
1242 628 1389 704 basilica

78 794 100 838 s.
113 763 212 855 Petri,
229 768 324 861 Papa
337 761 500 852 absente,
517 759 759 835 cardinalibus
774 757 1015 856 presentibus,
1033 756 1228 832 celebravit
1239 755 1387 828 missam

78 887 273 962 solemnem.
298 887 513 958 Sermonem
531 882 616 958 tecit
636 882 782 979 quidam
802 881 911 956 trater
930 879 1066 956 ordinis
1087 905 1271 956 servorum
1286 880 1387 956 beate

79 1010 186 1099 llario,
203 1009 332 1099 atalia,
350 1013 389 1082 ul
403 1007 517 1081 moris
531 1011 599 1097 est,
618 1011 701 1080 suut
716 1007 917 1081 observata.

117 1133 308 1223 Dominioa,
330 1138 371 1208 18
395 1132 532 1207 mensis
552 1131 723 1229 januarii,
751 1140 1000 1208 convenerunt
1030 1125 1066 1208 in
1089 1135 1387 1231 cameramaJ'ore

77 1263 228 1360 etprima
246 1265 329 1357 post
361 1259 481 1332 aulam
510 1259 639 1332 domus
664 1257 833 1355 Aciajolis
862 1258 966 1355 burgi
1003 1260 1118 1332 sancti
1144 1261 1252 1352 Petri,
1280 1281 1388 1356 quam

78 1385 151 1459 alias
169 1385 369 1458 inhabitare
395 1382 533 1456 solebat
553 1382 649 1456 boue
669 1382 844 1456 memorie
868 1385 911 1456 n.
938 1381 1115 1456 Antonius
1140 1382 1185 1456 da
1210 1382 1388 1456 Forolivio

77 1531 202 1582 camere
242 1507 442 1605 apostolica
478 1508 661 1599 clericus,
687 1509 784 1582 circa
823 1508 952 1582 horam
990 1532 1067 1598 xix,
1104 1508 1231 1605 prelati
1265 1509 1387 1606 palatii

77 1633 259 1730 apostolici,
285 1637 323 1707 et
348 1633 482 1710 familie
515 1635 579 1708 SS.
611 1637 655 1708 n.
691 1637 734 1707 N.
762 1656 867 1731 pape,
896 1639 932 1707 et
963 1657 1026 1707 sex
1051 1637 1269 1708 RRmorum.
1309 1637 1386 1708 DD.

74 1759 292 1834 cardinalium
331 1759 511 1834 beneficia
547 1760 585 1834 in
623 1759 790 1834 Dominio
824 1758 1031 1834 Florentino
1067 1759 1306 1834 obtinentium
1344 1760 1389 1833 ad

77 1885 313 1960 associandum
336 1885 442 1960 lunus
473 1886 593 1960 Ursini
617 1885 661 1960 de
689 1884 928 1975 Lautredinis,
958 1883 1022 1956 filii
1046 1883 1220 1958 lobannis
1241 1885 1390 1960 Lanlro-

76 2010 150 2100 dini,
170 2011 254 2086 civis
283 2017 320 2086 et
346 2012 499 2086 oratoris
529 2011 726 2086 Florentini
749 2009 993 2108 primogeniti,
1019 2010 1054 2083 in
1074 2035 1120 2086 xv
1134 2011 1188 2084 vel
1206 2011 1301 2085 circa
1325 2033 1390 2086 sue

78 2136 167 2210 etatis
187 2159 283 2212 anno
304 2137 501 2229 constituti,
525 2137 585 2234 qui
616 2159 660 2211 ex
683 2136 795 2210 nimio
816 2136 925 2228 coitu,
944 2136 1042 2210 circa
1066 2135 1162 2210 diem
1189 2141 1234 2210 22
1255 2137 1390 2211 mensis

78 2262 266 2337 novembris
283 2263 447 2360 proxime
466 2261 641 2360 preteriti,
664 2285 859 2359 percussus
877 2263 991 2352 febre,
1016 2261 1112 2362 diem
1133 2262 1262 2336 clausit
1276 2271 1393 2336 extra-

78 2409 174 2461 mum.
203 2390 309 2478 Nam,
340 2394 380 2463 ut
405 2387 551 2484 quidam
571 2387 795 2478 asserebant,
828 2387 925 2462 idem
948 2387 1142 2484 quamdam
1163 2387 1391 2485 juvenculam

79 2511 197 2609 septies
212 2537 285 2588 una
298 2513 403 2603 hora,
422 2513 482 2588 alii
497 2515 593 2610 quod
610 2513 781 2588 undecies
798 2522 988 2590 unanocte
1002 2513 1181 2612 cognovit.

119 2639 328 2736 Congregati
355 2639 502 2714 luerunt
529 2639 566 2714 in
596 2639 665 2715 alia
689 2663 835 2714 camera
860 2645 943 2738 post
963 2638 1163 2737 predictam
1187 2660 1270 2712 cum
1292 2643 1393 2735 patre

86 2763 228 2837 defuncti
245 2769 409 2838 oratores
425 2765 521 2862 regis
545 2763 774 2856 Ferdinandi,
795 2768 1019 2840 Venetorum
1035 2771 1070 2837 et
1090 2762 1191 2836 ducis
1209 2761 1391 2854 Ferrari'e3

84 2889 113 2960 in
131 2889 243 2965 medio
271 2889 352 2963 aule
375 2890 534 2986 predicte
560 2913 670 2988 supra
693 2912 858 2964 mensam
880 2889 1015 2964 ibidem
1040 2889 1178 2987 positus
1203 2888 1394 2961 defunctus
1443 2947 1448 2958 .

84 3011 211 3086 indutus
237 3012 364 3086 babitu
380 3013 562 3088 societatis
585 3015 811 3086 Battutorum
831 3011 1018 3109 nigrorum
1034 3013 1347 3104 discalceatorum,
1374 3038 1394 3088 a

81 3134 179 3231 capite
208 3138 253 3211 ad
277 3139 408 3236 pedes.
445 3143 523 3213 Duo
554 3138 713 3214 scutiferi
747 3139 901 3229 stabant,
937 3141 1025 3214 duas
1058 3139 1207 3232 faculas,
1241 3141 1394 3214 duarum

80 3257 230 3338 librarum
241 3265 454 3360 quamlibet,
467 3265 650 3356 ardentes,
662 3265 828 3340 manibus
843 3272 1024 3354 tenentes,
1040 3264 1184 3354 deinde,
1202 3265 1337 3363 paratis
1350 3289 1395 3363 ex

82 3406 165 3459 more
189 3388 380 3464 intorticiis
403 3396 438 3464 et
468 3391 643 3483 candelis,
671 3390 950 3490 precedentibus
974 3387 1143 3464 tratribus
1172 3391 1329 3481 Araceli,
1361 3415 1391 3466 s.

82 3509 265 3606 Augustini,
294 3522 417 3590 sancte
442 3516 554 3591 Marie
575 3507 623 3594 de'
645 3517 781 3614 Populo
808 3523 844 3591 et
867 3515 1081 3613 quibusdam
1103 3515 1181 3591 aliis
1205 3522 1397 3615 propterea

82 3637 198 3710 uocatis
218 3663 261 3714 ao
286 3638 510 3716 beneficiatis
533 3649 569 3715 et
594 3641 736 3716 clericis
760 3641 908 3716 basilice
934 3666 963 3716 s.
992 3641 1101 3731 Petri,
1124 3648 1306 3739 portatum
1330 3643 1396 3717 luit

83 3759 172 3836 tonus
194 3765 239 3840 ad
265 3764 454 3842 basilicam
483 3767 698 3864 predictam,
728 3768 765 3841 in
796 3791 867 3864 qua
888 3766 1044 3842 debebat
1068 3768 1225 3864 sepeliri.
1253 3769 1395 3844 clerum

85 3891 308 3998 precedebant
322 3915 503 3991 pauperes
519 3893 639 3990 viginti
655 3892 837 3966 intorticia
851 3898 1037 3989 portantes
1050 3916 1058 3982 ;
1073 3899 1155 3989 post
1170 3891 1247 3967 illos
1263 3893 1397 3968 sollici·

85 4015 200 4088 tutores
221 4018 409 4093 literarum
440 4018 733 4116 apostolicarum,
759 4018 803 4090 de
835 4015 989 4114 collegio
1017 4039 1171 4112 quorum
1202 4018 1393 4094 defunctus

85 4143 160 4227 erat,
173 4139 380 4218 defunctum
391 4145 600 4240 portabant;
613 4168 676 4218 sex
688 4168 733 4218 ex
746 4144 918 4220 societate
929 4140 1094 4240 predicta
1106 4144 1346 4236 Battutorum,
1361 4153 1397 4220 et
1417 4151 1420 4156 “

88 4268 222 4352 quatuor
244 4291 289 4344 ex
304 4269 594 4344 sollicitatoribus
611 4269 794 4367 predictis,
814 4269 923 4346 etiam
939 4293 1069 4346 manus
1084 4269 1219 4344 feretro
1234 4283 1396 4367 appone-

90 4379 171 4478 bant,
186 4414 303 4468 sexex
314 4395 488 4470 societate
503 4421 546 4470 ex
559 4419 623 4470 suo
636 4419 737 4470 more
750 4397 858 4469 funus
875 4395 977 4492 sequi
993 4395 1173 4487 volebant,
1190 4418 1258 4494 ego
1274 4401 1395 4471 autem

90 4507 165 4601 jussi
183 4539 244 4592 eos
267 4521 465 4616 precedere
486 4521 639 4613 debere;
666 4527 701 4596 et
725 4520 933 4596 immediate
961 4519 1171 4618 post'lunus
1191 4521 1397 4618 equitarunt

90 4645 231 4716 oratores
246 4645 412 4740 predicti,
440 4647 533 4720 inter
563 4669 655 4744 quos
675 4671 785 4745 super
809 4647 897 4721 alios
921 4646 1078 4743 primum
1097 4647 1219 4721 locum
1244 4647 1397 4722 obtinuit

91 4757 281 4842 Franciscus
297 4769 384 4844 Cibo
400 4771 494 4845 tilius
519 4775 632 4870 Pape3
655 4777 738 4870 post
753 4795 816 4848 eos
833 4777 867 4846 et
891 4795 973 4846 oum
1001 4773 1053 4846 eis
1070 4773 1197 4872 prelati
1223 4774 1345 4872 palatii
1363 4783 1399 4849 et

89 4881 136 4958 alii
161 4891 355 4972 inordinata
382 4899 466 4994 quia
487 4899 646 4996 pluebat,
673 4903 707 4972 et
731 4897 786 4971 ria
804 4897 919 4972 brevis
940 4905 1042 4972 erat:
1065 4899 1103 4972 in
1122 4907 1226 4996 porta
1250 4899 1397 4976 basilice

93 5006 259 5094 distributa
270 5021 415 5094 luerunt
431 5019 579 5093 candele
597 5019 765 5094 tratribus
782 5027 818 5094 et
834 5019 931 5094 clero
945 5045 1046 5096 more
1057 5021 1162 5096 solito
1177 5051 1184 5096 :
1198 5023 1305 5096 sunus
1318 5046 1400 5120 por-

92 5137 188 5216 tatum
213 5145 278 5220 luit
300 5169 367 5243 per
383 5153 547 5242 quartam
566 5153 722 5244 portam,
749 5145 918 5222 videlicet
935 5146 1035 5223 illam
1057 5171 1128 5246 que
1143 5154 1199 5224 est
1213 5149 1398 5225 interme-
