3436 6038
334 471 386 528 roo
788 467 964 526 sonamus
988 465 1210 539 abacelam,
1498 474 1647 542 rumim]

331 625 418 698 hinc
433 621 567 700 atinde
583 623 764 723 genuflexi
777 629 972 700 tenuerunt
987 647 1100 722 usque
1116 623 1162 698 ad
1176 623 1517 704 communicationis
1528 628 1644 716 tinem:

330 774 401 847 qua
415 749 530 842 finita,
547 749 712 848 deposita
727 749 791 824 luit
806 750 976 849 mappula
990 755 1025 824 et
1041 749 1282 825 subdiaconus
1300 752 1494 848 reportarit
1508 753 1645 828 calicem

330 899 412 950 cum
432 875 573 968 hostile,
594 883 631 951 et
651 875 752 950 illurn
776 877 896 973 posuit
919 899 1027 974 super
1047 875 1209 951 medium
1233 873 1354 948 altaris
1376 875 1423 950 ad
1448 876 1567 952 locum
1594 880 1645 954 ubi

329 999 428 1099 prius
444 1007 591 1078 steterat
606 1009 642 1077 et
654 1001 789 1076 ibidem
806 1002 939 1076 mansit
956 1001 1002 1076 ad
1025 1002 1136 1077 linem
1158 1000 1283 1092 misse,
1307 1006 1342 1074 et
1359 1025 1547 1112 quousque
1563 1008 1646 1103 Papa

330 1127 523 1203 ecclesiam
549 1127 669 1204 exivit.
700 1129 791 1202 'l'urn
814 1127 964 1202 sacrista
990 1129 1086 1226 Papc
1113 1127 1211 1201 dedit
1241 1150 1303 1202 eas
1333 1129 1483 1204 sacriste
1509 1129 1644 1207 basilice

328 1276 364 1326 s.
395 1253 491 1329 Petri
518 1254 577 1351 qni
606 1278 668 1329 cas
692 1277 758 1353 pro
780 1252 1037 1328 commuuione
1057 1252 1218 1328 fidelium
1238 1253 1412 1352 reposuit.
1436 1258 1546 1354 Papa,
1571 1257 1643 1332 lotis

328 1379 506 1473 manibus,
535 1403 699 1456 reversus
729 1385 784 1454 est
808 1379 852 1454 ad
881 1379 991 1454 altare
1019 1401 1102 1454 cum
1125 1370 1245 1471 mitra,
1267 1379 1417 1478 perfecit
1439 1379 1589 1455 missam
1614 1391 1644 1457 ct

327 1506 426 1583 dedit
442 1507 735 1582 benedictionem
754 1505 832 1581 siue
852 1505 973 1596 mitra,
993 1527 1095 1580 more
1115 1511 1304 1581 consueto.
1327 1509 1408 1581 Non
1429 1507 1527 1582 dedit
1542 1507 1646 1582 ludul-

326 1633 479 1731 geutias,
498 1631 583 1731 quia
596 1633 634 1707 in
645 1631 790 1732 publica
803 1631 1056 1707 benedictione
1071 1629 1252 1730 plenarias
1267 1631 1416 1707 daturus
1426 1638 1514 1708 erat.
1528 1638 1642 1708 Rmua.

181 1845 189 1861 p
327 1760 370 1833 b.
389 1758 578 1833 cardinalis
593 1757 911 1835 vicecancellarius
927 1758 987 1856 qui
1003 1757 1177 1832 assistens
1195 1763 1273 1833 erat
1285 1764 1321 1833 et
1336 1761 1459 1833 Rmus.
1479 1760 1524 1834 D.
1542 1760 1647 1834 cardi-

325 1883 416 1958 nalis
433 1883 605 1958 Senensis
620 1883 786 1958 dixerunt
804 1882 901 1981 quod
921 1887 1017 1981 Papa
1033 1905 1106 1956 non
1126 1881 1282 1957 debebat
1301 1883 1360 1958 hic
1380 1883 1466 1959 dare
1488 1883 1646 1959 benedic·

324 2007 513 2086 tionem'in
526 2009 627 2084 altari
641 2008 724 2106 quia
736 2016 863 2108 postea
874 2007 1054 2106 publicam
1067 2009 1213 2083 daturus
1230 2017 1340 2084 esset.
1356 2009 1540 2108 Respondi
1555 2009 1641 2107 quod

322 2143 472 2235 propter
493 2135 673 2235 publicam
697 2137 767 2212 hec
793 2159 866 2210 non
891 2135 1041 2210 deberet
1067 2135 1220 2226 obmitti‚
1248 2136 1443 2233 qniacssct
1460 2135 1638 2211 conclusio

321 2259 431 2338 misse
447 2269 484 2338 et
498 2262 551 2338 sic
571 2262 826 2360 acquieverunt
846 2261 1006 2360 opinioni
1026 2285 1121 2336 mee.
1147 2265 1256 2359 Papa,
1277 2261 1360 2336 data
1379 2261 1639 2352 bencdictione,

322 2386 490 2486 deposuit
504 2387 652 2488 pallium
668 2387 766 2487 quod
780 2411 888 2488 super
909 2373 1012 2462 altari
1033 2386 1181 2478 dimisit,
1204 2385 1347 2462 interim
1369 2387 1494 2462 dicens
1510 2387 1644 2463 :Domi-

321 2535 390 2588 nus
414 2511 589 2589 uobiscum
613 2521 650 2590 et
669 2513 986 2612 processionaliter
1013 2518 1174 2611 portatus
1203 2511 1270 2587 luit
1294 2513 1341 2586 ad
1361 2513 1482 2588 locum
1506 2517 1639 2614 publice

321 2636 597 2733 benedictionis,
628 2664 694 2740 per
718 2665 847 2718 navem
882 2640 1047 2716 ultimam
1081 2640 1262 2716 sinistram
1294 2640 1449 2716 ecclesie
1481 2643 1639 2720 uidelicet

320 2761 438 2874 vultus
452 2766 580 2860 sancti,
603 2767 663 2865 qni
679 2777 763 2844 tunc
783 2768 852 2844 luit
871 2776 1057 2845 ostensum
1071 2767 1108 2840 in
1128 2767 1211 2842 loco
1233 2767 1407 2865 predicto.
1434 2771 1532 2868 Papa
1547 2771 1636 2844 dedit

320 2885 610 2969 benedictionem
633 2895 813 2993 publicam
833 2895 1034 2971 solemnem
1063 2900 1103 2967 ut
1127 2893 1238 2968 moris
1256 2899 1311 2967 est
1330 2899 1366 2968 et
1385 2893 1637 2993 indulgentiam

318 3014 518 3110 plenariam
540 3041 646 3116 quam
668 3020 792 3094 RRmi.
820 3022 894 3096 DI).
920 3020 964 3096 de
990 3017 1142 3094 Sabellis
1163 3018 1200 3092 in
1216 3017 1328 3094 latino
1348 3025 1385 3094 et
1406 3017 1451 3094 de
1474 3021 1639 3096 Columna

318 3141 459 3218 diaconi
471 3145 670 3222 cardinales
689 3148 725 3221 in
745 3147 882 3247 vulgari
901 3145 1022 3222 italico
1039 3143 1343 3245 pronunciarunt;
1367 3163 1439 3241 qua
1454 3145 1637 3244 publicata,

318 3266 518 3344 cardinales
534 3270 781 3368 deposuerunt
794 3275 1017 3370 paramenta.

366 3395 499 3474 Omnes
514 3395 640 3493 prolati
660 3404 695 3471 et
713 3401 810 3496 Papa
834 3421 876 3472 ac
891 3397 959 3496 ipsi
975 3395 1177 3471 cardinales
1188 3394 1338 3495 quisque
1351 3421 1516 3475 reuersus
1533 3405 1584 3476 est
1596 3399 1637 3476 ad

316 3516 438 3592 locum
466 3544 589 3612 suum;
617 3527 714 3622 Papa
744 3525 864 3600 eundo
887 3523 933 3599 ad
951 3521 1137 3598 basilicam
1160 3527 1196 3598 et
1220 3524 1266 3598 ad
1287 3523 1576 3602 benedictionem
1595 3551 1633 3603 ac

316 3641 565 3722 benedicendo
581 3648 706 3723 habuit
718 3673 872 3748 regnum
887 3649 1095 3748 preciosum
1110 3647 1147 3721 in
1162 3647 1293 3746 capite.

366 3770 431 3846 Die
446 3771 530 3847 lune
546 3773 711 3872 proxima
722 3783 804 3874 pust
819 3776 950 3850 festum
971 3775 1109 3851 Pascha
1123 3797 1193 3871 que
1208 3773 1275 3848 luit
1293 3777 1337 3848 27
1351 3775 1490 3850 mensis
1511 3778 1633 3864 martii,
1715 3745 1716 3834 i

315 3895 440 3970 limus.
468 3901 510 3986 D.
533 3899 723 3974 cardinalis
755 3901 1033 3979 Mediolanensis
1058 3899 1250 3978 celebrauit
1271 3899 1420 3975 missam
1445 3901 1482 3976 in
1509 3902 1635 4002 capella

313 4045 458 4119 magna,
479 4022 515 4097 in
540 4025 671 4123 palatio
696 4027 895 4125 apostolico
920 4029 1014 4129 apud
1038 4053 1068 4104 s.
1093 4034 1254 4125 Petrum,
1282 4037 1379 4130 Papa
1400 4039 1582 4131 presente,
1604 4037 1633 4106 et

312 4148 604 4226 observate'suut
624 4153 831 4229 ceremonia
849 4161 1020 4231 consuete
1040 4162 1147 4255 prout
1161 4156 1199 4230 in
1212 4157 1290 4232 aliis
1303 4157 1424 4231 missis
1445 4163 1482 4233 ct
1497 4156 1631 4233 nonluit
1714 4141 1715 4194 l

229 4309 231 4318 v
312 4298 432 4349 sermo
447 4301 455 4368 ;
473 4275 569 4352 dicta
581 4279 647 4353 luit
663 4303 734 4355 nna
751 4286 892 4356 tantum
908 4281 1036 4356 oratio.

359 4401 424 4476 Die
441 4403 564 4478 martis
586 4405 724 4482 Pascha
751 4429 819 4505 que
844 4406 910 4482 luit
928 4411 973 4482 28
993 4409 1130 4484 mensis
1153 4409 1284 4502 martii,
1310 4431 1384 4485 non
1404 4409 1470 4485 luit
1489 4409 1624 4510 capella.

310 4527 538 4604 Celebratum
554 4531 620 4607 luit
633 4533 766 4632 festum
782 4533 1071 4611 annunciationis
1087 4535 1193 4612 beate
1208 4537 1319 4613 Mario
1335 4535 1482 4634 virginis
1498 4537 1534 4611 in
1544 4537 1625 4611 hunc

309 4651 405 4728 diem
423 4653 634 4730 translatum
646 4660 681 4729 ct
696 4655 742 4730 ad
752 4656 1053 4755 supplicationem
1069 4662 1290 4736 RRmorum.
1309 4663 1386 4734 DI).
1405 4659 1624 4734 cardinalium

309 4783 345 4850 et
366 4777 547 4853 societatis
569 4780 734 4879 ejusdem
754 4783 1044 4858 annunciationis
1064 4786 1170 4861 beate
1192 4786 1319 4877 blarie,
1340 4787 1405 4861 SS.
1424 4789 1468 4860 D.
1487 4789 1529 4862 N.
1544 4783 1625 4859 dedit

307 4897 490 4975 licentiam
510 4905 654 4979 illimis.
674 4907 749 4980 DD.
769 4905 1012 4983 cardinalibus
1029 4909 1269 4986 interessendi
1286 4909 1409 4986 ollicio
1430 4911 1468 4986 in
1489 4907 1625 4988 ecclesia

307 5025 412 5100 beate
434 5029 546 5103 blarie
568 5031 740 5124 Minerva,
766 5041 802 5108 et
832 5040 1024 5133 propterea
1053 5059 1128 5112 non
1159 5036 1225 5111 luit
1255 5037 1365 5112 missa
1400 5036 1569 5112 solemnis
1596 5037 1625 5106 et

306 5151 452 5249 publica
473 5153 510 5228 in
534 5157 672 5256 capella
694 5159 828 5257 palatii.
856 5161 993 5238 Eodem
1019 5185 1141 5257 mane,
1165 5165 1230 5239 SS.
1258 5165 1302 5238 b.
1336 5167 1380 5240 N.
1411 5159 1624 5238 innocentius
1712 5201 1713 5268 3
