3422 6034
60 495 125 556 pltars
140 493 203 555 11891
372 492 497 548 RERUM
522 492 748 550 URBANARUM
773 492 1034 549 contuebuntur.
1312 499 1369 556 339,

99 647 261 736 Sabbata,
287 649 331 717 11
351 646 483 734 martii,
511 647 576 718 luit
601 645 785 742 publicum
809 648 1065 721 consistorium
1089 647 1124 718 in
1150 647 1266 744 prima
1285 646 1366 719 aula

59 795 183 868 magna,
208 769 371 843 videlicet
401 770 524 866 palatii
544 771 732 869 apostolici
752 773 847 870 apud
872 798 899 847 s.
930 777 1077 847 Petrum
1101 795 1165 870 pro
1186 797 1250 845 xrn
1275 773 1366 844 hora

58 900 257 974 intimatum.
279 900 405 970 Rmus
435 900 709 971 Beneventanus
731 921 775 970 ex
796 905 915 972 castro
936 923 966 972 S.
988 897 1115 995 Augcli
1135 921 1200 995 per
1219 897 1369 970 currito-

59 1027 134 1096 rium
156 1023 250 1098 venit
270 1025 366 1096 bono
388 1045 495 1094 mane
521 1020 567 1094 ad
586 1021 759 1117 palatium
780 1022 981 1118 pradictum
1003 1021 1047 1094 ad
1067 1045 1250 1096 cameram
1270 1020 1363 1093 Rmi.

58 1155 90 1222 D.
117 1148 316 1238 duriensis;
342 1147 507 1220 similiter
529 1152 565 1220 et
589 1150 714 1219 Rmus.
743 1149 785 1218 D.
819 1146 1014 1220 Aleriensis
1037 1172 1081 1221 ex
1103 1147 1210 1220 domo
1236 1171 1302 1219 sua
1322 1146 1368 1220 ad

58 1274 204 1348 camdem
234 1296 419 1348 cameram
451 1272 562 1363 venit,
592 1271 728 1368 inqua
762 1295 800 1344 sc
833 1279 1100 1368 congregarunt
1136 1276 1368 1369 expectantes

58 1401 253 1495 horamque
274 1397 531 1472 consistorium
554 1403 676 1489 esseut
694 1390 911 1494 ingressuri;
935 1397 994 1470 ubi
1016 1421 1098 1472 cum
1118 1397 1223 1470 simul
1247 1402 1369 1471 essent

59 1525 263 1622 congregati,
283 1523 441 1596 dimissis
458 1523 603 1597 birretis
626 1523 697 1596 suis
718 1521 949 1618 quotidianis,
973 1529 1194 1621 occeperunt
1213 1523 1368 1620 primum

59 1651 180 1724 vosacia
195 1648 439 1724 cardinalibus
456 1647 719 1722 convenientia.
1096 1629 1102 1648 ⁸

96 1779 235 1852 Interim
257 1781 434 1852 venerunt
457 1775 502 1848 ad
521 1773 694 1870 palatium
717 1772 917 1847 cardinales
933 1773 1083 1870 antiqui,
1102 1781 1138 1848 ct
1160 1778 1222 1850 SS.
1254 1779 1296 1850 D.
1324 1779 1366 1850 N.

58 1911 184 2000 paratus
199 1927 303 1976 more
327 1905 503 1976 consueto
523 1899 622 1974 venit
641 1900 685 1972 ad
706 1899 827 1974 locum
848 1899 1066 1991 consistorii,
1088 1899 1148 1973 ubi
1169 1901 1370 1975 cardinales

58 2053 168 2102 omues
183 2029 352 2124 antiquos
373 2025 512 2122 accepit
528 2025 574 2098 ad
589 2024 841 2116 reverentiam,
865 2030 904 2098 ut
919 2025 1030 2098 moris
1050 2034 1117 2100 cst.
1136 2029 1239 2116 Tum,
1258 2025 1371 2100 omni-

58 2151 111 2226 bus
137 2151 431 2241 consedentibus,
460 2153 502 2224 Ι).
534 2150 744 2223 Domiuicus
773 2155 957 2224 Romanus
981 2151 1173 2224 advocatus
1197 2151 1372 2226 consisto-

59 2279 138 2350 rialis
150 2277 337 2375 proposuit
354 2275 547 2372 quamdam
563 2299 723 2365 causam,
741 2299 812 2370 qua
831 2283 868 2349 et
885 2275 1054 2365 admissa,
1078 2279 1142 2350 SS.
1168 2279 1211 2349 D.
1229 2279 1272 2350 N.
1287 2275 1372 2349 lecit

59 2425 151 2475 uuam
176 2403 361 2478 modicam
387 2401 590 2474 orationem
615 2425 765 2474 narrans
791 2425 939 2474 causam
960 2403 1006 2476 ob
1035 2427 1143 2498 quam
1172 2401 1372 2476 cardinales

58 2531 172 2602 creavit
200 2537 237 2602 et
261 2527 448 2626 publicans
472 2549 563 2622 quos
593 2526 812 2621 assumpsit:
832 2526 1115 2601 admonitionem
1146 2533 1267 2601 tamen
1295 2526 1372 2600 sveri

58 2661 254 2729 consuetam
278 2653 380 2726 novis
409 2650 651 2724 cardinalibus
680 2651 800 2724 lacere
834 2650 963 2740 noluit,
1009 2651 1133 2725 diceus
1165 2651 1200 2724 in
1231 2657 1371 2726 secreto

58 2779 258 2852 consistorio
284 2777 383 2852 illam
420 2775 500 2850 ficri
539 2776 686 2866 debore,
723 2775 867 2848 ltRmis.
896 2779 971 2849 bu.
1004 2775 1302 2852 vicecancellario
1336 2785 1372 2851 et

58 2905 239 2978 camerario
264 2889 523 2992 asserentibus,
550 2905 654 2974 Rmo.
679 2904 722 2972 D.
749 2901 863 2982 sancti
887 2901 996 2974 Marci
1018 2908 1054 2976 et
1076 2925 1134 2975 mo
1150 2903 1371 2976 contrarium

59 3028 297 3126 allegantibus.
317 3027 466 3102 luterim
483 3025 604 3098 numi.
624 3027 698 3098 llll.
723 3024 768 3098 dc
790 3027 890 3098 Fuxo
911 3032 947 3100 ct
969 3051 999 3100 s.
1027 3025 1171 3122 Georgii
1188 3028 1374 3101 Beneven-

58 3159 179 3245 tanum,
202 3161 289 3253 post
310 3154 390 3228 illos
411 3153 455 3228 de
481 3153 633 3228 Sabellis
656 3161 692 3228 et
712 3153 885 3228 Columna
906 3151 1143 3243 Alerienscm,
1171 3159 1205 3225 et
1221 3152 1371 3228 Ursinus

58 3285 86 3350 ct
99 3281 283 3371 Ascanius,
298 3278 513 3352 Aurieusem
529 3278 566 3350 in
578 3277 793 3352 ultimoloco
805 3277 1032 3352 associarunt
1042 3276 1088 3350 ad
1103 3278 1371 3352 consistorium.

59 3403 133 3474 Cum
156 3409 282 3478 essent
306 3403 343 3476 in
367 3406 516 3479 introitu
540 3406 760 3495 consistorii,
777 3409 875 3502 Papa
897 3403 1008 3476 finivit
1024 3425 1230 3477 sermonem
1253 3429 1371 3496 suum,

59 3526 165 3623 sicque
183 3529 264 3603 siue
285 3553 388 3604 mora
409 3537 641 3606 accesserunt
668 3532 714 3606 ad
738 3530 948 3629 pontificem
972 3552 1055 3603 cum
1075 3529 1276 3603 reverentia
1292 3554 1376 3605 con·

59 3658 158 3742 sueta,
176 3677 287 3750 quam
303 3655 464 3752 pontifici
480 3664 563 3732 ante
580 3657 712 3754 gradus
730 3657 810 3731 solii
826 3657 1003 3731 lecerunt.
1108 3737 1111 3744 ι

98 3781 258 3854 Accessit
277 3779 415 3875 primus
439 3781 650 3880 pontificem
674 3787 945 3858 Beneventanus
970 3805 1054 3855 cum
1082 3782 1156 3854 suis
1181 3785 1377 3872 conducto-

57 3901 156 3997 ribus,
177 3927 291 4001 quem
311 3909 407 4003 Papo
428 3907 473 3980 ad
493 3908 609 4004 pediS,
633 3931 762 3982 manus
783 3914 820 3981 ct
841 3907 914 3982 oris
933 3907 1095 3981 osculum
1118 3907 1257 4004 accepit
1278 3935 1287 3982 ι
1307 3909 1376 3984 illis

59 4027 89 4097 iu
103 4030 185 4103 solio
201 4031 489 4121 remanentibus,
511 4033 665 4108 occessit
687 4033 793 4107 etiam
817 4032 1013 4106 Alerieusis
1035 4059 1118 4108 cum
1134 4034 1208 4108 suis
1222 4036 1379 4110 conduc-

62 4154 199 4248 toribuS,
227 4156 290 4253 qui
317 4157 447 4231 eodem
475 4159 584 4233 modo
609 4165 775 4256 receptus
807 4165 874 4250 est,
912 4158 1077 4234 similiter
1105 4169 1139 4234 et
1171 4161 1375 4251 Auriensis3

62 4376 157 4435 latoria
172 4383 251 4436 della
267 4381 361 4438 Sacra
376 4381 525 4452 Relipione
535 4394 561 4437 et
576 4383 718 4438 Illustris.
731 4383 842 4438 Militia
857 4383 889 4436 di
902 4381 965 4438 San
978 4383 1101 4438 Gioconi
1115 4383 1373 4454 (ierosolimitana,

60 4466 133 4524 2vot.
154 4469 241 4526 in-lol.
258 4470 285 4526 iu
303 4471 392 4526 Roma
410 4472 488 4537 1591,
505 4469 551 4527 liv.
569 4469 642 4536 XIV,
659 4489 685 4544 p.
707 4471 781 4544 412),
798 4471 843 4544 qui
864 4471 979 4544 pretend
1000 4489 1053 4544 que
1074 4470 1154 4527 Zizim
1174 4472 1252 4528 baisa
1269 4471 1294 4528 le
1313 4472 1377 4546 pied

61 4553 92 4610 du
104 4557 184 4631 Papo,
199 4567 228 4616 ct
246 4559 312 4616 celle
331 4559 366 4616 da
381 4559 503 4633 Sponde,
519 4559 564 4634 qui
580 4577 676 4616 assare
698 4577 749 4633 que
767 4559 846 4614 Zizim
861 4558 972 4615 baisale
988 4559 1051 4633 pied
1072 4559 1109 4616 du
1124 4561 1209 4633 Papa,
1225 4561 1292 4618 niuis
1311 4577 1377 4618 avec

63 4661 107 4700 unc
120 4654 188 4704 sorte
202 4649 414 4723 d'indignation.
432 4649 602 4722 (Continuat.
614 4649 663 4705 dos
678 4651 750 4705 Anu.
767 4648 800 4705 de
814 4649 958 4718 baronius,
973 4667 1018 4706 un.
1036 4651 1116 4722 1189,
1133 4661 1164 4706 n⁰
1178 4651 1218 4724 2.)

91 4736 167 4792 lassi
180 4755 233 4813 peu
249 4739 345 4794 rondes
360 4745 404 4794 cst
417 4737 546 4812 l'opiuion
559 4740 592 4794 dc
603 4757 672 4795 ceux
687 4739 732 4813 qui
744 4744 792 4795 ont
807 4757 842 4795 vu
851 4737 931 4793 Zizinr
943 4738 1012 4794 dans
1023 4738 1048 4794 la
1059 4739 1181 4796 medullio
1192 4743 1382 4814 representant

62 4839 92 4876 un
102 4824 203 4882 homme
218 4827 371 4900 agcuouille
386 4827 520 4884 devantlo
532 4828 616 4902 Pape.
626 4829 696 4903 Voy.
711 4827 842 4897 Palatius,
855 4829 940 4882 Gesta
952 4829 1140 4902 Pontificum,
1151 4834 1172 4885 Ι.
1186 4831 1233 4897 ΙΙΙ,
1248 4831 1298 4886 col.
1314 4833 1377 4900 698,

62 4918 85 4966 ct
98 4913 226 4987 Bouanui,
242 4918 434 4975 Numismota
451 4919 565 4989 Pontis.
578 4920 673 4987 Rom,
685 4921 702 4972 2
712 4918 765 4974 vol.
781 4918 807 4974 in
824 4917 882 4982 tol,
896 4917 974 4987 1699,
990 4923 1010 4986 t,
1023 4919 1044 4985 l,
1061 4937 1087 4992 p.
1105 4921 1166 4989 108,
1178 4925 1205 4975 et
1219 4923 1236 4976 a
1248 4919 1376 4993 l’Appen-

62 4999 112 5057 dice
123 5004 147 5060 la
160 5005 272 5062 relation
289 5007 322 5064 de
338 5006 471 5065 Caoursin
488 5007 529 5080 (n⁰
547 5007 603 5082 34).
619 5007 729 5078 Raluze,
747 5007 816 5063 dans
835 5023 879 5062 ses
895 5030 909 5058 a
925 5009 1124 5076 Macellum,
1140 5032 1152 5060 a
1168 5015 1188 5065 t.
1205 5009 1226 5078 l,
1238 5027 1265 5082 p.
1278 5007 1332 5064 517
1350 5015 1379 5066 et

63 5089 118 5155 518,
134 5094 247 5152 adonne
261 5114 315 5153 unc
329 5095 408 5154 lettre
432 5097 469 5154 du
487 5097 579 5154 Graud
601 5097 672 5154 Tunc
694 5115 728 5154 au
751 5097 825 5172 Papc
845 5095 955 5153 relative
977 5097 1097 5170 aZiaim,
1113 5104 1141 5155 ct
1158 5097 1183 5155 la
1204 5101 1320 5172 repense
1340 5097 1378 5154 du

66 5181 196 5239 souverain
211 5183 305 5242 Pontis
321 5231 327 5246 .
