3424 6038
86 463 227 532 [avrillltl]
400 459 526 516 RERUM
551 457 779 516 URBANARUM
803 455 1065 518 COMMENTARH.
1344 463 1396 518 247

81 622 162 714 Papa
182 620 262 714 post
296 611 588 689 benedictionem
620 605 714 688 sedit
736 619 772 687 et
795 611 939 686 mitram
978 612 1130 711 occepit,
1166 617 1355 688 cantarunt
1383 639 1409 694 :¹

77 743 174 816 Pueri
203 741 428 830 hebreorum,
464 749 528 812 etc.
568 743 673 830 Post,
713 737 893 811 distribuit
927 741 1040 836 Papa,
1078 739 1161 814 lavit
1200 763 1327 813 manns
1358 749 1393 814 et

74 865 215 966 prelatus
248 870 372 940 orator
403 863 631 961 imperatoris
652 863 750 938 dedit
774 885 906 960 aquam
927 867 1044 961 Papa,
1070 863 1130 960 qui
1161 866 1271 954 lotus,
1302 863 1389 940 dixit

73 991 267 1078 orationem,
293 989 464 1088 imposuit
483 991 673 1064 incensum
697 1013 761 1087 pro
781 989 1015 1086 processione
1043 1013 1118 1087 que,
1142 990 1238 1064 lacta
1258 999 1325 1082 est,
1355 998 1391 1064 et

73 1117 239 1191 ulamma
256 1121 446 1190 consuete.

111 1246 224 1316 Rmns.
251 1244 296 1314 b.
335 1241 527 1315 cardinalis
553 1263 582 1316 s.
602 1241 805 1314 Clementis
831 1241 1089 1332 celebraturus,
1118 1241 1393 1338 quamprimum

71 1366 192 1464 accepit
205 1365 366 1464 palmam
382 1389 498 1456 suam,
515 1365 576 1440 ivit
596 1366 641 1439 ad
663 1365 889 1439 vestiendum
914 1389 952 1439 se
974 1365 1020 1438 ad
1042 1363 1295 1454 faldistorium,
1313 1365 1387 1457 ubi,

71 1491 216 1588 deposita
228 1490 297 1565 sibi
313 1491 472 1589 planeta,
490 1492 632 1589 accepit
646 1513 799 1589 cappam
815 1515 932 1584 suam,
951 1491 1057 1582 sedit,
1074 1493 1213 1589 accepit
1231 1493 1391 1566 sandalia

73 1623 101 1690 ot
112 1615 191 1690 dixit
204 1615 386 1714 psalmum
402 1638 503 1690 more
515 1624 689 1691 consuete
703 1623 786 1691 ante
797 1615 951 1714 primam
965 1617 1181 1693 orationem.
1197 1619 1390 1694 Celebrans

74 1741 203 1838 incepit,
218 1741 426 1839 discoperto
442 1741 573 1838 capite,
597 1741 718 1816 dicere
743 1771 749 1814 :
775 1743 861 1815 Por
880 1743 987 1835 uobis,
1006 1744 1070 1818 ssd
1089 1743 1268 1818 incautus.
1295 1745 1393 1818 Prin-

76 1866 154 1964 cipio
172 1865 291 1964 ipsum
315 1866 520 1956 emendavi,
551 1871 587 1941 et
612 1865 700 1941 dixit
723 1891 731 1940 :
753 1865 930 1941 Dominus
952 1869 1141 1944 vobiscum.
1163 1869 1243 1944 Alia
1272 1871 1393 1944 omnia

78 1988 157 2063 locta
170 1995 250 2062 sunt
266 1995 376 2088 prout
389 1989 426 2064 in
446 1991 680 2067 ceremoniali
696 1991 895 2066 ordinatur.

117 2114 426 2212 lnlrapassionem
450 2121 486 2190 et
509 2117 601 2191 inlra
621 2117 667 2190 ad
685 2117 922 2192 elevationem
944 2121 1173 2211 sacramenti,
1194 2123 1256 2195 SS.
1281 2125 1324 2197 D.
1349 2128 1392 2198 N.

79 2239 177 2313 tenuit
194 2241 355 2337 palmum
376 2265 478 2316 suam
505 2265 651 2339 parvam
675 2243 712 2315 in
740 2267 846 2317 manu
874 2269 882 2318 :
906 2243 1106 2319 cardinales
1130 2251 1251 2320 autem
1279 2254 1315 2321 et
1336 2248 1394 2323 alii

55 2451 59 2460 1
81 2385 188 2436 omnes
202 2363 296 2439 inira
311 2365 520 2462 passionem
534 2373 569 2442 et
584 2369 811 2465 evangelium
827 2375 967 2444 tantum
980 2369 1118 2467 palmas
1134 2393 1217 2444 suas
1233 2373 1277 2446 de
1294 2395 1395 2447 more

82 2495 268 2564 tanuemnt.
288 2491 450 2584 Interim,
469 2493 554 2568 dum
570 2495 690 2592 passio
701 2493 896 2584 diceretur,
911 2493 1071 2568 intimavi
1082 2493 1239 2569 dominis
1249 2495 1396 2593 prelatis

82 2614 313 2691 assistentibus
329 2623 365 2692 et
381 2617 458 2693 aliis
482 2619 686 2695 oratoribus
707 2620 816 2693 etiam
835 2619 1107 2716 protonotariis,
1125 2621 1186 2716 qni
1206 2619 1243 2694 in
1258 2623 1398 2720 capella

80 2737 315 2830 interfuerunt,
347 2767 500 2839 quorum
533 2769 705 2820 numerus
735 2751 813 2820 erat
838 2746 1099 2844 qninquaginta
1125 2746 1180 2821 vel
1207 2749 1317 2839 circu,
1352 2749 1396 2822 de

82 2863 232 2940 mandato
257 2870 324 2942 SS.
356 2871 398 2942 D.
421 2872 462 2944 N.
489 2893 596 2968 pape,
618 2871 715 2967 quod
734 2869 770 2942 in
791 2876 940 2944 tonsura
964 2876 1000 2943 et
1021 2871 1145 2946 habitu
1168 2871 1332 2948 honestis
1356 2894 1397 2948 ac

82 2987 276 3065 decentibus
309 2993 492 3076 incedere,
525 3003 561 3068 et
594 2994 742 3092 singulis
777 2993 905 3069 diebus
940 2995 1116 3093 capellani
1144 2995 1189 3069 ad
1223 2997 1397 3095 capellam

82 3113 198 3208 venire,
222 3140 297 3193 non
319 3143 385 3216 per
408 3119 508 3193 aulas
537 3128 573 3193 et
594 3121 754 3218 porticus
779 3143 820 3194 ac
840 3121 1026 3194 basilicam
1047 3145 1076 3194 s.
1102 3123 1212 3213 Petri,
1233 3123 1288 3198 vel
1315 3123 1397 3197 alibi

84 3237 296 3316 deambulare
322 3251 359 3317 et
387 3246 557 3344 spatiare,
586 3251 622 3319 et
644 3247 706 3320 SS.
732 3249 773 3318 b.
798 3249 826 3320 N
833 3303 856 3337 .,
881 3246 990 3319 linitis
1017 3246 1160 3338 ciliciis,
1186 3271 1232 3322 ex
1261 3248 1400 3346 capella

85 3385 179 3460 usque
195 3367 239 3441 ed
254 3391 439 3444 cameram
452 3369 630 3468 papagalli
645 3371 682 3443 in
698 3370 822 3468 cappis
837 3371 925 3462 suis,
943 3371 1074 3468 quibus
1089 3369 1126 3444 in
1143 3371 1282 3470 capella
1297 3377 1399 3445 utun-

86 3495 140 3583 tur,
156 3496 347 3588 associare,
366 3497 535 3570 debeant.

124 3620 215 3693 Faria
226 3627 356 3718 quarta
366 3623 514 3720 majoris
528 3620 770 3712 hebdomade,
792 3627 830 3693 ll
847 3621 982 3718 aprilis,
1001 3622 1095 3696 circa
1107 3622 1343 3698 horaminter
1355 3647 1400 3696 xx

85 3749 115 3813 et
133 3767 200 3836 xxx,
226 3747 371 3846 incapte
395 3748 539 3822 luerunt
565 3747 740 3820 matutine
765 3747 997 3822 tenebrarum
1026 3747 1061 3818 in
1085 3747 1223 3844 capella
1246 3748 1396 3846 majore.
1453 3786 1456 3794 ·

86 3863 138 3938 SS.
154 3871 193 3941 D.
207 3873 248 3946 N.
267 3879 414 3968 paratus
432 3872 577 3962 amictu,
598 3870 691 3962 alba,
710 3870 869 3968 cingulo,
892 3871 983 3944 stola
998 3871 1156 3945 violacea
1174 3879 1209 3948 et
1226 3895 1342 3972 cappa
1356 3873 1400 3946 de

86 3990 233 4086 scarleto,
246 3995 325 4070 sino
345 3995 454 4068 mitra
465 4001 501 4070 et
516 3995 593 4067 sine
610 4017 732 4082 cruce,
751 3995 988 4092 sequentibus
1008 3997 1126 4094 ipsum
1144 3999 1398 4088 cardinalibus,

87 4113 186 4205 primo
196 4119 388 4217 episcopis,
404 4119 533 4194 deinde
546 4119 779 4217 presbyteris,
795 4119 943 4194 demum
953 4121 1115 4195 diaconis
1127 4123 1402 4219 omnibus,qnie

88 4236 188 4313 nulus
203 4242 269 4318 sibi
284 4243 491 4333 assistebat,
508 4249 591 4341 post
611 4266 674 4318 eos
689 4245 837 4342 prelatis
858 4246 1112 4322 assistentibus
1130 4253 1165 4320 et
1186 4247 1277 4322 aliis.
1294 4249 1401 4325 Venit

87 4359 123 4431 ad
140 4367 319 4461 capellam,
343 4369 456 4442 orarit
477 4369 515 4466 in
543 4368 755 4461 faldistorio,
779 4374 941 4446 ascendit
963 4373 1008 4447 ad
1030 4375 1174 4464 solium,
1198 4375 1306 4464 sedit,
1329 4397 1403 4448 sur-

89 4485 176 4578 rexit,
192 4489 277 4564 dixit
296 4493 432 4566 :Pater
449 4505 580 4584 noster,
602 4507 666 4568 etc.
693 4497 822 4570 Omnia
841 4497 937 4573 lacta
959 4507 1041 4574 sunl
1062 4507 1169 4596 prout
1185 4499 1222 4572 in
1242 4521 1403 4574 ceremo-

89 4607 158 4682 niali
177 4617 396 4690 ordinantur.

128 4735 219 4814 Circa
235 4741 345 4816 linem
368 4751 489 4819 antem
510 4747 605 4820 venit
633 4747 678 4820 ad
698 4747 950 4839 faldistorium,
977 4749 1052 4840 ubi,
1075 4773 1160 4824 cnm
1183 4751 1404 4850 inciperetur

89 4857 264 4956 antiphona
281 4891 290 4942 :
311 4867 474 4944 Christus
489 4871 624 4970 suctus,
641 4883 720 4962 etc,
740 4873 948 4970 genuflexit.
973 4874 1032 4948 Sic
1057 4899 1209 4951 manens
1226 4901 1337 4974 usque
1358 4878 1404 4952 ad

89 4976 194 5078 finem,
220 4991 307 5066 dixit
331 4995 465 5068 chorus
493 5019 501 5070 :
529 4995 692 5093 Respice,
726 5008 805 5088 etc,
837 4998 1132 5098 archiepiscopus
1158 5003 1400 5095 Florentinus,

89 5107 250 5208 assistens,
271 5120 422 5215 portavit
438 5119 599 5196 fimbrias
609 5143 738 5196 omnes
753 5121 861 5197 simul
876 5124 1048 5200 collectas
1070 5133 1141 5201 tam
1158 5129 1278 5204 eundo
1296 5151 1403 5226 quam
