3422 6034
71 512 260 582 [lauriarllstll
401 513 528 572 RERUM
553 513 781 572 uuoxNARUtl
809 515 1072 574 COMMENTARN.
1335 519 1388 574 383

69 675 153 744 esset
174 673 211 741 et
233 666 457 742 concordare
477 667 595 760 vellet,
618 675 695 742 tum
720 671 818 766 quod
843 671 1070 746 consuetudo
1100 649 1238 768 capelle
1262 671 1388 745 obser-

70 799 201 868 varetur
222 798 259 866 et
282 792 342 867 illo
362 815 436 866 non
457 792 702 883 excideretur;
728 793 916 892 dequibus
947 795 1037 868 nihil
1063 797 1162 870 dixit.
1193 800 1388 894 Postquam

70 917 325 995 asanclissimo
342 921 384 993 b.
403 921 445 991 N.
464 918 627 1009 discessi,
647 928 824 994 verterunt
840 920 885 994 ad
905 921 1141 996 sanctitatem
1158 945 1259 996 suam
1274 922 1389 996 cardi-

70 1046 149 1121 nalis
171 1071 201 1121 s.
226 1043 416 1120 Anastasia
443 1051 478 1120 et
497 1045 688 1144 episcopus
711 1053 833 1120 orator
848 1047 1045 1144 predictus,
1071 1048 1130 1144 qui
1156 1048 1388 1123 obtinuerunt

70 1199 87 1246 a
112 1174 307 1250 Sanctitate
342 1195 408 1245 sua
429 1173 525 1270 quod
553 1172 664 1246 missa
687 1172 732 1246 de
761 1172 943 1262 dominico
975 1173 1147 1270 preterita
1176 1173 1317 1248 dicatur
1341 1174 1385 1247 do

71 1299 191 1396 Spiritu
207 1307 335 1376 sancto
350 1300 427 1376 sine
443 1301 561 1398 aliqua
572 1299 1046 1395 commemorationezquod
1062 1321 1145 1374 cum
1158 1299 1247 1373 mihi
1263 1300 1387 1373 incon-

69 1426 368 1502 venientissimum
398 1427 580 1503 videretur
616 1431 652 1502 et
683 1449 805 1500 coram
836 1425 1131 1501 vicecancellario
1159 1435 1195 1501 et
1220 1425 1385 1529 predicto
1461 1401 1465 1418 ’

67 1553 548 1628 cardinalesdnastasieme
560 1575 834 1650 opponeremac
844 1551 1003 1626 dicerem
1015 1552 1223 1652 hujusmodi
1236 1552 1384 1626 missam

67 1683 223 1752 etactum
244 1683 395 1776 propter
409 1702 517 1774 quem
539 1677 720 1753 diceretur
737 1677 886 1753 minime
905 1677 1111 1769 convenire,
1137 1677 1330 1753 cardinalis
1352 1703 1382 1750 s.

64 1803 241 1877 ¹lnastasie
252 1803 342 1876 dixit
353 1805 416 1878 SS.
438 1807 481 1875 b.
499 1807 541 1878 N.
556 1826 664 1900 posse
679 1827 807 1878 novam
831 1803 980 1877 missam
1005 1801 1190 1892 ordinare;
1218 1809 1254 1877 ct
1274 1825 1384 1898 quare

65 1951 125 2000 nou
157 1953 223 2027 per
248 1929 348 2002 hunc
373 1935 494 2004 actum
527 1930 637 2004 missa
663 1931 707 2005 de
732 1929 858 2029 spiritu
883 1935 1006 2004 sancto
1035 1929 1174 2003 dicatur
1203 1925 1385 2002 commisit

65 2059 93 2126 et
105 2053 420 2130 vicecancellarius
435 2057 597 2153 predicto
609 2056 780 2155 episcopo
793 2057 890 2154 quod
904 2057 1051 2130 missam
1068 2055 1112 2130 de
1124 2055 1249 2152 spiritu
1261 2061 1384 2130 sancto

65 2178 199 2254 omuino
215 2187 253 2255 et
268 2204 342 2256 non
355 2181 463 2256 aliam
478 2183 693 2273 celebraret,
713 2183 900 2258 ordinavit.

107 2305 306 2400 Dominica,
333 2312 353 2381 3
377 2307 463 2382 dicti
484 2307 621 2382 mensis
648 2308 816 2406 januarii,
845 2311 908 2383 SS.
927 2312 971 2382 D.
997 2311 1039 2382 N.
1061 2306 1157 2382 circa
1179 2308 1309 2381 horam
1328 2329 1383 2380 xu

65 2437 195 2527 paratus
211 2433 362 2525 amictu,
380 2433 474 2524 olba,
487 2433 646 2532 cingulo,
662 2435 753 2508 stola
769 2435 882 2508 rubea
896 2434 1056 2533 pretiosa
1070 2433 1234 2508 ascendit
1250 2457 1384 2530 equum

67 2557 121 2630 sub
132 2559 292 2656 porticu3
311 2561 378 2633 sub
393 2583 539 2635 camera
549 2559 746 2658 apostolica
757 2583 840 2633 cum
853 2565 996 2657 tempus
1011 2566 1108 2634 esset
1120 2558 1336 2657 pluviosum,
1348 2565 1385 2632 et

66 2684 332 2776 precedentibus
342 2685 747 2760 cruceetcardiualibus
759 2708 800 2758 ac
813 2685 954 2759 duobus
965 2683 1207 2759 cardinalibus
1220 2683 1382 2758 diaconis

66 2808 304 2884 assistentibus
318 2811 355 2884 in
368 2833 432 2886 suo
447 2811 529 2886 loco
544 2817 625 2910 post
637 2833 764 2884 omues
775 2811 976 2884 cardinales
992 2810 1249 2908 equitantibus,
1261 2815 1383 2884 tamen

66 2945 310 3033 pretermeam
331 2937 566 3013 voluntatem.
589 2936 766 3014 Volebam
793 2935 889 3009 enim
905 2942 944 3010 ut
959 2935 1121 3010 debitum
1136 2935 1265 3009 luisset
1286 2935 1382 3031 quod

67 3065 253 3140 cardinales
278 3087 405 3140 omues
426 3070 508 3162 post
525 3067 660 3162 Papam
683 3059 887 3158 equitarent
910 3061 1007 3158 quod
1027 3059 1148 3136 iacere
1168 3064 1378 3134 renuerunt.

68 3190 228 3284 Equitarit
242 3191 406 3290 pontifex
420 3191 545 3264 ordine
562 3194 735 3264 consueto
750 3187 923 3284 usquead
949 3185 1141 3261 ecclesiam
1156 3186 1260 3260 beate
1271 3184 1383 3258 llarie

68 3311 105 3386 de
118 3317 250 3414 Populo
267 3316 324 3390 ua
340 3321 439 3390 recta
450 3317 552 3413 juxta
566 3315 700 3388 [lumen
723 3319 806 3387 ante
819 3310 945 3385 turrim
964 3314 1080 3402 None,
1098 3311 1247 3384 domum
1263 3308 1381 3382 cardi-

68 3439 372 3516 nalisParmensis.
393 3439 571 3530 Pontifex,
598 3463 680 3512 cum
700 3437 852 3510 intraret
867 3433 1060 3510 ecclesiam
1073 3457 1147 3508 nou
1161 3432 1227 3506 fuit
1245 3430 1277 3505 ei
1296 3455 1382 3528 por-

69 3574 154 3640 recta
167 3566 477 3658 cruxosculanda,
493 3564 714 3639 licetlratres
726 3561 1029 3661 premonuissem.
1045 3557 1210 3632 Oravitin
1223 3541 1384 3630 faldisto-

70 3689 199 3766 rioaute
211 3693 373 3768 medium
386 3692 511 3782 altare,
530 3690 672 3787 accepit
689 3687 819 3762 deinde
833 3686 984 3784 pluviale
996 3685 1150 3758 rubeum
1166 3681 1380 3782 pretiosum,

68 3813 199 3892 dimisso
213 3817 413 3917 capuccino
427 3823 578 3905 tautum,
604 3823 639 3888 et
659 3813 744 3888 lecit
760 3811 1027 3888 confessionem
1043 3833 1127 3883 cum
1148 3807 1379 3883 celebrante:

67 3936 148 4014 lacta
162 3943 404 4034 consessione,
423 3941 588 4016 ascendit
611 3939 755 4030 solium,
781 3937 921 4035 accepit
937 3935 1136 4010 cardinales
1157 3933 1202 4008 ad
1215 3955 1383 4008 reveren-

69 4063 157 4156 tiam3
174 4075 209 4143 et
224 4069 295 4144 alia
310 4068 433 4143 omnia
448 4073 530 4140 sunt
547 4067 734 4140 observata
749 4087 852 4138 more
868 4061 985 4136 solito.
1001 4059 1197 4135 Cardinalis
1209 4083 1238 4132 s.
1255 4058 1382 4155 Augeli

68 4189 152 4284 prior
165 4194 459 4293 presbyterorum
472 4216 544 4266 non
557 4192 643 4266 lecit
662 4187 906 4265 assistentiam
920 4192 1069 4284 propter
1082 4184 1152 4257 loci
1164 4183 1380 4280 augustiam,

69 4317 123 4389 sed
136 4343 177 4392 ex
190 4343 233 4394 eo
245 4321 327 4396 loco
344 4319 437 4394 inter
452 4318 542 4394 alios
555 4316 756 4392 cardinales
780 4313 927 4389 veniens
952 4309 1164 4384 ministravit
1181 4307 1382 4381 naviculam

70 4445 99 4510 et
120 4443 212 4519 dedit
231 4445 393 4544 pontifici
427 4467 567 4543 pacem.
599 4442 839 4515 interfuerunt
859 4461 985 4511 omnes
1009 4433 1210 4510 cardinales
1233 4433 1269 4506 in
1285 4434 1381 4507 Urbe

70 4577 253 4663 presentes,
272 4571 418 4669 dempto
436 4569 513 4643 solo
528 4569 786 4664 Andegavense
806 4565 963 4638 infirmo.
981 4565 1078 4656 Papa
1088 4560 1182 4632 venit
1198 4559 1243 4632 ad
1257 4557 1381 4632 faldis-

72 4691 185 4769 torium
200 4697 235 4770 in
249 4721 320 4796 quo
334 4693 530 4795 genussexit
541 4694 739 4770 adversum
757 4691 846 4766 Veni
857 4688 1127 4785 conctcspr'rituc
1138 4708 1247 4782 quem
1258 4691 1381 4758 tamen

71 4827 219 4897 cantores
234 4823 301 4922 ipsi
317 4823 542 4920 inceperunt.
566 4819 668 4894 Dicta
683 4826 739 4894 est
758 4841 879 4916 prosa,
911 4815 1005 4888 dicto
1021 4837 1087 4910 per
1111 4811 1304 4885 diaconum
1325 4807 1382 4881 Ite

72 4943 264 5023 ruissuestet
280 4955 527 5047 perecutores
544 4968 718 5044 responso
736 4943 812 5016 Deo
826 4941 962 5040 prutina
979 4967 991 5012 :
1008 4943 1175 5011 cantores
1197 4935 1264 5034 ipsi
1279 4935 1379 5008 ince-

72 5081 184 5162 perunt
202 5081 236 5149 et
259 5075 367 5150 etiam
390 5071 574 5174 prosecuti
599 5077 684 5146 sunt
699 5091 813 5166 usque
839 5067 877 5140 in
905 5065 1016 5139 finem
1042 5062 1090 5136 Te
1115 5063 1229 5136 Deum
1255 5060 1379 5168 laudu-

73 5176 149 5288 moi,
177 5213 253 5293 etc,
284 5201 492 5278 celebrante
515 5196 661 5274 interim
681 5195 717 5270 iu
744 5217 857 5270 cornu
882 5191 1033 5290 epistole
1054 5197 1178 5288 parato
1203 5193 1318 5262 stante
1335 5185 1379 5259 ad
