3496 6056
368 464 420 522 loz
815 459 990 518 ιΙΟΗΑΝΝΙΒ
1015 458 1236 530 ssuflcuarrnr,
1450 460 1592 526 [uoremba

417 617 629 692 Cantoribus
645 615 782 714 capelle
803 620 867 690 SS.
891 621 933 689 l).
953 620 994 690 N.
1018 616 1166 689 faculas.
1220 639 1323 689 xxurr

1380 741 1485 818 unius
1499 744 1578 820 libre

1341 624 1362 1092 ξ
1403 869 1563 964 quelibet.

417 743 598 840 Magistris
621 738 788 832 ostiariis,
814 739 961 817 laculas
1015 797 1022 812 .
1081 799 1088 814 .
1146 799 1153 814 .
1211 799 1218 814 .
1263 767 1325 814 xvr

418 868 655 942 servitoribus
696 892 898 960 armorum,
945 865 1095 942 faculas.
1152 925 1160 942 .
1216 925 1223 940 .
1276 891 1325 942 xv

418 994 630 1068 Cursoribus
656 998 720 1069 SS.
741 999 784 1067 b.
813 999 867 1086 N.,
890 993 1026 1067 faculas
1081 1051 1089 1067 .
1148 1049 1155 1066 .
1212 1053 1219 1068 .
1272 1020 1322 1068 xx

418 1124 523 1194 Porto
543 1121 676 1210 ferree,
694 1119 840 1194 faculas.
897 1175 905 1191 .
962 1177 970 1192 .
1022 1172 1031 1190 .
1083 1175 1091 1189 .
1147 1174 1155 1190 .
1211 1175 1219 1190 .
1271 1143 1321 1193 vu
1464 1185 1470 1199 .
1523 1185 1529 1198 .

418 1247 535 1320 Prime
565 1251 681 1343 porte,
717 1244 906 1319 faculas..
965 1303 972 1318 .
1022 1303 1029 1318 .
1082 1296 1092 1317 .
1144 1302 1151 1318 .
1208 1303 1216 1319 .
1278 1271 1321 1332 ,ιι
1377 1183 1588 1382 ωθὼῑὲώΐθ

416 1368 627 1443 Adhortum
643 1375 837 1456 secretum,
859 1366 1030 1442 faculas..
1084 1424 1091 1440 .
1145 1423 1152 1439 .
1212 1429 1219 1444 .
1296 1395 1321 1446 ιι
1404 1333 1496 1405 qum
1524 1316 1567 1382 ρι’

413 1493 562 1568 Cuilibet
586 1481 830 1590 paralrenario
855 1495 918 1567 SS.
945 1496 988 1566 l).
1017 1497 1060 1566 Ν.
1086 1500 1121 1568 et
1143 1495 1379 1570 cardinalium
1403 1495 1553 1569 laculam
1575 1519 1669 1567 unam

291 1639 297 1652 ·
362 1621 481 1694 medie
494 1621 585 1693 libre
601 1643 672 1717 que
688 1619 820 1717 poterit
835 1620 943 1693 etiam
954 1619 1030 1694 dari
1047 1619 1107 1693 uni
1123 1644 1188 1718 pro
1206 1621 1386 1696 omnibus.

413 1745 577 1820 Totidem
597 1745 694 1820 dabit
718 1745 825 1820 etiam
850 1745 975 1819 ultima
995 1745 1052 1820 die
1077 1746 1290 1822 officialibus
1315 1747 1527 1845 supradictis
1548 1753 1580 1823 et
1598 1747 1675 1820 ultra

365 1869 540 1968 premissa
564 1867 662 1942 dabit
683 1869 811 1944 eadem
835 1868 960 1944 ultima
980 1869 1038 1945 die
1057 1870 1128 1945 duo
1149 1872 1326 1946 intorticia
1351 1879 1507 1969 quatuor
1524 1873 1673 1947 librarum

367 1979 564 2093 quodlibet,
582 1993 818 2070 servientibus
833 2019 1016 2070 armorum
1031 2021 1096 2096 pro
1112 2021 1239 2072 eorum
1254 1999 1404 2097 capella.

417 2124 508 2196 Cera
522 2145 587 2219 pro
605 2119 764 2218 qualibet
779 2145 824 2196 ex
839 2128 977 2220 septem
992 2122 1120 2197 diebus
1135 2123 1229 2198 infra
1244 2147 1421 2198 novenam
1437 2122 1627 2198 ordinanda
1643 2149 1649 2197 :

417 2245 600 2320 lutorticia
623 2253 778 2343 quatuor
802 2246 989 2341 librarum,
1013 2249 1178 2324 videlicet
1203 2273 1268 2348 pro
1289 2256 1407 2324 castro
1430 2250 1573 2324 doloris.
1603 2305 1610 2320 .
1663 2275 1677 2318 v

417 2375 485 2446 Pro
506 2371 703 2448 elevatione
726 2370 987 2448 sacramenti.
1042 2431 1049 2447 .
1104 2433 1111 2449 .
1163 2433 1171 2450 .
1222 2431 1230 2447 .
1286 2431 1293 2449 .
1351 2431 1358 2447 .
1412 2427 1419 2450 .
1476 2433 1483 2448 .
1536 2435 1544 2449 .
1602 2398 1677 2447 .vvvr

416 2499 485 2568 Pro
510 2497 715 2570 celebrante
731 2546 1611 2574 ...............
1671 2524 1678 2570 ι

415 2621 864 2697 Circacastrumdoloris.
910 2680 917 2696 .
973 2679 980 2696 .
1033 2675 1042 2695 .
1096 2679 1102 2694 .
1160 2679 1167 2692 .
1227 2679 1234 2694 .
1285 2679 1292 2694 .
1348 2679 1355 2692 .
1412 2679 1420 2695 .
1479 2681 1487 2695 .
1541 2681 1549 2694 .
1602 2647 1678 2696 ,ιι

415 2749 458 2820 Et
480 2741 662 2844 sepultura
693 2799 1610 2822 ................
1661 2771 1679 2819 u

588 2929 999 3002 lusummanumerus.
1042 2985 1049 3000 .
1100 2985 1107 2998 .
1166 2985 1173 3000 .
1231 2985 1238 3000 .
1294 2984 1301 2999 .
1357 2985 1365 3000 .
1417 2984 1425 2999 .
1477 2986 1485 3000 .
1540 2986 1547 3000 .
1593 2951 1680 3000 xxxvi

407 3067 537 3143 Facula
568 3071 720 3143 duarum
744 3069 928 3160 librarum,
949 3095 1116 3145 numero.
1171 3129 1178 3144 .
1232 3127 1240 3144 .
1298 3129 1305 3144 .
1358 3127 1366 3141 .
1422 3129 1430 3143 .
1481 3127 1488 3142 .
1538 3129 1545 3142 .
1598 3129 1605 3144 .
1649 3093 1681 3141 cu

455 3227 482 3286 va
570 3195 673 3270 unius
693 3196 797 3285 libre,
819 3221 971 3270 numero
977 3249 1604 3270 ...........
1649 3217 1681 3266 cu

467 3349 482 3385 a
570 3319 1049 3411 medielibre,numero.
1100 3378 1108 3394 .
1163 3377 1171 3393 .
1231 3377 1239 3392 .
1292 3378 1299 3392 .
1355 3379 1362 3394 .
1419 3377 1425 3391 .
1477 3379 1484 3393 .
1535 3377 1542 3391 .
1596 3376 1603 3389 .
1650 3341 1681 3390 cu

468 3473 483 3507 v
570 3445 943 3540 quatuoruuciarum,
970 3469 1120 3520 numero
1167 3503 1174 3518 .
1229 3503 1236 3518 .
1290 3501 1297 3516 .
1353 3501 1360 3516 .
1418 3501 1425 3516 .
1472 3500 1480 3515 .
1535 3501 1541 3515 .
1589 3466 1680 3516 .ccc

413 3567 616 3641 Promissis
637 3567 751 3642 bassis
774 3570 864 3644 libre
885 3571 1013 3644 decem
1038 3569 1270 3644 candelarum
1289 3569 1334 3644 de
1356 3568 1478 3666 viginti
1498 3591 1565 3667 pro
1590 3570 1676 3642 libra.

410 3693 514 3766 Feria
532 3692 668 3790 quinta,
687 3699 732 3767 24
748 3695 881 3770 mensis
899 3696 1116 3787 novembris,
1136 3699 1177 3770 R.
1197 3695 1234 3768 iu
1252 3695 1393 3771 Christo
1409 3698 1448 3767 P.
1470 3698 1517 3767 D.
1540 3698 1680 3770 Leouar-

364 3818 430 3890 dus
443 3817 561 3892 Grilus
573 3817 633 3916 (l),
652 3819 941 3918 archiepiscopus
955 3825 1244 3912 Beneventanus
1263 3824 1326 3895 SS.
1345 3824 1388 3893 D.
1408 3822 1449 3892 N.
1464 3819 1676 3904 secretarius,

365 3943 425 4039 qui
441 3943 498 4016 die
515 3943 651 4018 sabbati
671 3951 713 4018 la
733 3946 841 4044 hujus
863 3948 999 4021 mensis
1020 3947 1076 4022 vel
1094 3948 1189 4022 circa
1205 3947 1404 4020 infirmatus
1421 3951 1489 4034 est,
1507 3944 1579 4018 hoc
1592 3965 1678 4016 marre

367 4067 463 4140 circa
482 4088 648 4140 auroram
666 4067 702 4140 in
721 4091 866 4142 camera
880 4095 956 4160 sua,
976 4070 1011 4144 in
1025 4071 1157 4168 palatio
1172 4071 1372 4167 apostolico
1386 4067 1481 4167 apud
1494 4093 1521 4140 s.
1535 4071 1676 4142 Petrum.

366 4192 462 4266 diem
488 4191 615 4266 clausit
638 4202 853 4283 extremum,
880 4195 954 4292 qui,
980 4201 1086 4270 nocte
1111 4194 1289 4292 sequenti,
1319 4193 1454 4290 absque
1480 4217 1623 4293 pompa,
1645 4187 1679 4261 al

367 4317 558 4392 ecclesiam
580 4319 685 4391 beate
704 4317 815 4391 blarie
834 4319 980 4418 virginis
999 4322 1044 4395 de
1065 4321 1200 4420 Populo
1222 4326 1385 4417 portatus
1409 4325 1478 4413 est,
1505 4325 1543 4394 et
1567 4317 1677 4394 ibidem

337 4509 346 4526 ,
366 4442 402 4514 in
422 4441 561 4539 capella
577 4449 673 4515 retro
693 4441 804 4518 altare
827 4445 944 4544 majus
970 4447 1143 4543 sepultus,
1170 4447 1272 4544 cujus
1295 4445 1415 4518 anima
1438 4446 1633 4540 requiescat
1650 4441 1676 4512 iu

364 4591 466 4665 pace.
484 4567 637 4662 Reliquit
652 4574 864 4644 executores
889 4571 1092 4645 testamenti
1112 4573 1165 4645 sui
1188 4576 1347 4646 Rllmos.
1377 4574 1451 4644 DI).
1479 4595 1509 4644 s.
1536 4568 1637 4644 Marci
1650 4569 1675 4638 et

366 4689 646 4763 Ulixboueusem
663 4691 880 4767 cardinales.

412 4817 545 4888 Eadem
561 4815 632 4906 die,
644 4817 680 4890 in
693 4819 842 4894 basilica
853 4819 1024 4918 principis
1037 4819 1283 4917 apostolorum
1297 4819 1341 4895 de
1354 4822 1463 4910 Urbe,
1474 4821 1594 4895 habite
1609 4821 1674 4891 sunl

365 4937 514 5032 exequie
529 4939 730 5013 Achillisl).
748 4941 907 5040 episcopi
919 4943 1131 5018 Cerviensis.
1145 4944 1291 5018 Missam
1306 4945 1488 5043 publicam
1505 4940 1676 5022 celebravit

408 5147 430 5198 l.
453 5142 580 5218 Gripbius
595 5145 665 5204 dans
679 5145 798 5220 Ugbelli,
812 5153 833 5204 t.
848 5145 920 5215 Vlll,
936 5147 989 5205 eol.
1007 5149 1067 5206 loo.
