3436 6038
93 455 163 524 [Mars
178 451 245 518 tl86]
416 448 543 508 RERUM
566 448 794 509 URBANARUM
818 448 1080 508 COMMENTAHII.
1360 456 1411 511 197

89 607 292 684 acardinale
304 606 529 705 presbytero)
549 604 608 705 (l),
632 630 746 702 usque
766 606 811 680 ad
834 605 964 680 stolam
984 604 1176 694 exclusive,
1199 612 1235 679 et
1255 629 1325 704 que
1343 608 1408 680 sub

90 734 170 808 stols
183 733 342 824 tenebat,
360 757 431 828 que
447 731 568 806 omnia
584 731 730 805 retinnit
750 757 758 806 :
778 731 981 806 consecrati
996 753 1079 804 vero
1099 729 1143 804 ab
1155 731 1408 805 assistentibus

86 859 252 958 episcopis
268 859 312 933 ad
330 858 483 957 primam
498 857 617 932 aulam
637 856 804 932 associati
822 879 924 930 more
957 862 1133 930 consueto
1154 857 1259 953 juxta
1279 879 1408 930 eorum

87 986 184 1060 altare
194 985 443 1082 deposuerunt
458 1008 522 1058 sua
536 989 748 1082 paramenta
763 981 885 1056 omnia
910 1005 1051 1056 omnes.
1078 981 1239 1072 Interim,
1256 985 1354 1078 Papa
1369 1006 1408 1056 se

86 1110 288 1186 extrahente
303 1116 388 1184 ante
403 1109 514 1184 altare
531 1133 636 1183 suum
651 1109 866 1206 predictum,
884 1113 967 1183 ante
990 1108 1149 1181 medium
1170 1132 1235 1205 per
1251 1109 1408 1206 spatium

87 1235 228 1309 duorum
251 1257 317 1308 seu
342 1233 449 1306 trium
474 1257 648 1331 passuum
671 1233 789 1330 posita
817 1233 881 1308 fuit
909 1257 980 1307 una
998 1257 1042 1307 ex
1060 1233 1274 1328 supradictis
1296 1234 1407 1306 tribus

85 1359 230 1448 sedibus,
248 1359 302 1432 ita
316 1357 415 1456 quod
437 1361 533 1455 Papa
553 1357 590 1430 in
608 1357 669 1431 illa
690 1357 821 1432 sedens
838 1382 943 1434 renes
960 1357 1062 1432 altari
1077 1364 1252 1447 verteret;
1272 1365 1308 1432 et
1323 1365 1406 1432 ante

86 1485 197 1560 sedem
220 1483 434 1580 hujusmodi
468 1483 626 1580 positum
655 1481 721 1558 luit
751 1508 862 1558 unum
890 1485 1087 1559 scabellum
1110 1485 1344 1560 cardinalium
1370 1493 1406 1560 et

85 1610 229 1708 desuper
243 1611 387 1684 concha
401 1633 534 1706 magna
551 1633 633 1682 cum
654 1635 761 1708 aqua,
784 1619 962 1708 utsupra,
987 1611 1178 1686 benedicta
1202 1639 1209 1684 :
1239 1617 1405 1710 paratum

84 1736 182 1810 etiam
202 1735 268 1808 luit
304 1735 524 1808 thuribulum
557 1758 640 1809 cum
672 1735 770 1833 igne,
804 1737 991 1826 navicella,
1006 1736 1213 1814 chochleari
1230 1742 1266 1810 et
1283 1737 1401 1810 thure.

83 1861 207 1948 Quibus
223 1861 276 1933 sic
298 1861 446 1958 paratis,
468 1864 578 1958 Papa,
601 1862 819 1957 paramentis
844 1887 957 1960 usque
980 1863 1026 1936 ad
1050 1863 1191 1954 stolam,
1219 1868 1401 1961 utsupra,

82 1985 198 2078 exntiS,
215 1985 317 2061 venit
332 1986 378 2060 ad
393 1987 517 2060 sedem
538 1987 737 2084 predictam
757 1987 816 2060 ubi
839 1993 950 2078 stans,
970 1989 1114 2064 detecto
1131 1989 1262 2088 capite,
1280 2011 1404 2063 versus

82 2112 119 2184 ad
133 2135 258 2207 aquam
275 2119 360 2185 ante
378 2136 416 2184 se
431 2111 599 2210 positam,
617 2112 704 2185 dixit
722 2137 729 2184 :
747 2113 924 2186 Dominus
940 2115 1128 2204 vobiscum,
1150 2125 1214 2188 etc.
1238 2113 1401 2188 Oramus.

83 2239 231 2328 Domine,
251 2237 355 2310 Deua
371 2249 489 2336 pater.
514 2241 592 2323 Qua
615 2238 723 2328 dicta,
747 2246 845 2312 stans
868 2240 985 2312 adhuc
1007 2240 1084 2313 sine
1108 2239 1225 2328 mitra,
1254 2245 1402 2336 accepta

84 2362 228 2459 ampulla
257 2362 411 2436 balsami
437 2362 481 2438 de
508 2385 617 2436 manu
649 2363 812 2453 sacriste,
842 2363 969 2438 inludit
989 2365 1024 2437 io
1050 2363 1197 2437 modum
1228 2363 1344 2436 crucis
1366 2363 1403 2435 in

82 2488 205 2584 dictam·
227 2477 384 2584 aquam,
420 2488 543 2562 dicens
569 2513 576 2560 :
603 2489 824 2578 Consecrare,
843 2501 926 2580 etc.;
953 2489 1081 2564 deinde
1113 2489 1276 2564 restituta
1308 2489 1404 2564 dicta

81 2613 225 2712 ampulla
240 2613 394 2688 sacriste
410 2619 446 2686 et
460 2621 609 2710 accepta
628 2615 673 2686 ab
695 2638 738 2688 eo
757 2616 916 2712 ampulla
935 2615 1049 2690 sancti
1068 2615 1286 2704 chrismatis,
1305 2621 1402 2688 stans

79 2737 193 2810 eodem
209 2737 338 2827 modo,
355 2737 483 2810 inludit
498 2738 534 2810 in
551 2737 717 2812 eamdem
733 2762 876 2834 aquarn,
895 2739 1019 2814 dicens
1039 2767 1046 2816 :
1073 2740 1299 2831 Consecrare,
1316 2751 1396 2830 etc,

80 2887 140 2958 qua
167 2863 261 2936 dicta
292 2869 328 2936 et
357 2862 523 2936 restituta
549 2863 706 2959 ampulla
735 2864 897 2956 sacriste,
934 2867 1032 2962 Papa
1058 2874 1174 2954 stans,
1207 2873 1247 2937 ut
1278 2888 1397 2964 supra,

80 3011 189 3061 sersus
205 2988 250 3062 ad
267 3011 396 3085 capsas
412 3011 588 3084 agnorum
604 2989 948 3078 consecrandorum,
968 2991 1054 3063 dixit
1074 3019 1080 3063 :
1100 2991 1276 3064 Dominus
1292 2993 1402 3064 nodis-

81 3136 161 3186 cum.
196 3115 293 3187 Deus
317 3113 489 3204 omnium,
516 3124 579 3185 etc.
606 3117 683 3199 Qua
708 3112 821 3202 finita,
847 3118 944 3210 Papa
972 3115 1076 3204 sedit,
1105 3124 1255 3215 accepta
1279 3119 1397 3208 mitra,

80 3247 121 3328 et,
141 3239 368 3314 ministrante
390 3238 561 3334 episcopo
581 3238 757 3312 Aleriensi
780 3239 979 3312 naviculam
997 3247 1031 3314 ot
1051 3242 1284 3334 thuribulum,
1304 3247 1402 3340 Papa

77 3363 232 3460 imposuit
264 3365 458 3438 incensum
483 3388 583 3459 :quo
618 3364 806 3460 imposito,
838 3369 933 3462 Papa
973 3389 1127 3464 surgens
1162 3391 1245 3442 oum
1278 3369 1397 3460 mitra,

78 3489 260 3564 incensavit
286 3513 397 3587 super
425 3513 553 3585 aquam
579 3490 792 3586 predictam,
823 3496 879 3564 ter
897 3490 1033 3566 ducens
1060 3493 1295 3566 thuribulum.
1320 3496 1398 3580 Quo

77 3615 172 3704 lacto,
191 3619 291 3714 Papa
316 3615 408 3686 sedit
436 3639 519 3689 cum
542 3615 650 3688 mitra
671 3621 706 3688 et
722 3615 862 3688 cinctus
884 3617 1080 3714 mappula:
1101 3620 1232 3714 portati
1255 3619 1400 3694 luerunt

78 3763 245 3817 commeo
262 3767 309 3816 ex
324 3743 442 3840 capsis
458 3742 494 3815 in
512 3741 686 3816 bacilibus
707 3741 789 3838 agni
813 3743 1063 3834 consecrandi,
1087 3743 1204 3842 primo
1223 3747 1396 3848 majores,

76 3864 193 3940 deinde
230 3868 312 3956 alii,
349 3875 385 3940 et
418 3871 515 3963 Papa
547 3867 719 3964 imposuit
749 3890 863 3962 agnos
897 3868 994 3964 ipsos
1029 3869 1066 3940 in
1100 3869 1233 3942 dictam
1267 3893 1398 3966 aquam

77 3991 313 4088 baptizandos,
337 3999 373 4064 et
396 3993 558 4088 episcopi
583 3992 719 4064 circum
739 3991 950 4065 assistentes
973 4017 1126 4088 quorum
1151 3995 1273 4090 plures
1295 4003 1397 4068 erant

77 4115 273 4209 domestici,
308 4124 428 4192 tamen
465 4138 592 4190 omnes
626 4117 662 4188 in
694 4139 820 4190 eorum
861 4118 1039 4191 mantellis
1073 4118 1255 4191 consuetis
1290 4139 1398 4214 supra

76 4241 253 4318 rochetum
274 4242 402 4331 induti,
425 4241 504 4314 illos
523 4242 761 4316 extrahebant
784 4242 828 4316 de
854 4266 946 4339 aqua
971 4251 1006 4316 et
1029 4242 1065 4314 in
1080 4242 1256 4346 bacilibus
1276 4247 1397 4338 porta-

75 4365 150 4440 bant
164 4375 199 4442 et
215 4392 324 4466 supra
336 4391 479 4442 mensas
495 4367 628 4440 ibidem
640 4391 752 4465 prope
768 4373 910 4466 paratas
927 4367 1077 4442 tobaleis
1090 4367 1233 4440 mundis
1248 4389 1397 4464 oooper-

75 4498 120 4566 tas
135 4495 370 4592 reponebant,
390 4499 439 4582 et,
457 4499 494 4564 ut
510 4493 793 4584 exsiccarentur,
816 4494 1068 4567 extendebant.
1094 4493 1307 4566 Continuata
1322 4492 1394 4566 hoc

76 4639 173 4712 opere
200 4644 265 4716 per
288 4617 444 4692 mediam
467 4618 595 4692 boram
621 4617 676 4690 rel
700 4617 808 4708 circa,
833 4621 929 4714 Papa
957 4617 1043 4692 lecit
1067 4617 1192 4715 reponi
1210 4595 1394 4690 'concham

73 4765 146 4816 cum
159 4759 252 4842 aqua
267 4750 495 4832 consecrata,
511 4750 550 4816 ut
568 4767 689 4840 supra,
712 4743 758 4816 ad
776 4743 949 4839 angulum
965 4744 1069 4839 juxta
1088 4742 1215 4831 altare,
1234 4748 1271 4816 et
1286 4742 1395 4840 depo·

74 4865 140 4942 sitis
155 4870 374 4968 paramentis
393 4869 561 4943 omuibus
578 4875 613 4942 et
636 4868 806 4960 sandalis,
829 4869 1029 4944 consecrati
1051 4867 1247 4964 supradicti
1269 4889 1392 4942 coram

104 5142 127 5196 l.
146 5141 221 5198 Cette
240 5145 404 5218 parenthese
419 5161 536 5218 manque
551 5144 622 5202 dans
636 5145 660 5201 le
677 5161 741 5203 mss.
758 5147 838 5214 5521,
853 5143 870 5200 t.
885 5143 947 5200 383.
