3600 6094
156 491 322 556 [Aouttlttl
496 487 623 544 nnnuu
649 486 876 546 uuuuuunuu
901 457 1162 548 couunu'ruau.
1462 504 1499 562 35

156 644 239 718 sine
264 663 438 739 expresso
464 641 616 714 consilio
643 645 679 714 et
703 663 883 715 consensu
907 643 1059 717 duarum
1087 647 1242 742 partium
1271 649 1499 728 dominorum

159 767 423 857 cardinalium
450 788 518 838 uec
544 764 664 860 aliquo
689 765 797 838 modo
821 767 1018 863 procedam
1047 775 1107 842 aut
1132 773 1280 868 procedi
1305 776 1497 872 mandabo,

157 895 218 970 vel
232 893 438 992 permittam
458 897 585 964 contra
604 889 761 986 aliquem
781 915 825 963 cx
847 891 913 982 eia,
934 893 1002 966 nisi
1023 895 1272 972 assistentibus
1293 905 1329 974 et
1349 925 1501 978 consen-

158 1020 332 1096 tientibus
371 1019 483 1092 tribus
522 1015 775 1107 cardinalibus,
806 1041 878 1090 uno
906 1017 1072 1095 videlicet
1106 1047 1150 1096 ex
1184 1025 1343 1121 quolibet
1374 1029 1499 1106 ordine

157 1169 303 1236 eorum,
326 1167 392 1242 per
413 1143 510 1240 ipsos
536 1142 750 1232 cardinales
778 1167 843 1216 seu
866 1145 1041 1242 majorem
1064 1155 1203 1244 partem
1228 1175 1367 1242 eorum,
1394 1156 1439 1228 ad
1462 1157 1499 1230 id

157 1269 392 1368 deputandis;
414 1291 483 1342 nec
506 1268 685 1342 damnabo
705 1268 862 1366 aliquem
887 1294 931 1342 ex
955 1271 1007 1344 eis
1031 1273 1099 1346 nisi
1125 1275 1328 1352 convictum
1347 1304 1499 1355 numero

160 1397 310 1470 testium
330 1416 502 1492 expresso
526 1393 563 1466 in
584 1393 839 1468 constitutione
865 1394 1023 1470 silvestri
1050 1421 1142 1495 pape
1168 1400 1263 1474 tacta
1281 1401 1319 1474 in
1347 1405 1499 1501 synodo,

161 1545 237 1620 que
270 1519 394 1618 incipit
426 1547 433 1592 :
468 1519 602 1592 Procul
625 1543 697 1592 noo
724 1519 912 1594 damnetur
936 1520 1004 1620 (1);
1030 1526 1250 1622 servaboque
1281 1551 1344 1602 eos
1368 1527 1502 1604 liberos

162 1655 203 1722 et
231 1652 418 1743 exemptos
446 1645 491 1718 ab
516 1643 562 1744 (Ξ)
588 1645 687 1718 omni
711 1645 807 1719 datio
834 1652 870 1720 et
898 1647 1039 1744 gabello
1066 1657 1172 1747 prout
1197 1658 1364 1753 tempore
1389 1657 1503 1732 felicis

163 1770 427 1847 recordationis
452 1769 680 1844 dominorum
701 1770 746 1871 (3)
768 1771 906 1846 Nicolai
930 1773 1044 1869 quinti
1068 1782 1103 1850 et
1124 1777 1249 1852 Galixti
1270 1781 1366 1856 tertii
1390 1805 1507 1856 roma-

161 1921 295 1973 norum
319 1896 530 1995 pontificum
553 1897 854 1994 predecessorum
879 1904 1085 1974 nostrorum
1100 1901 1235 1978 sactum
1258 1905 1344 1999 suit;
1362 1931 1431 1983 nec
1454 1909 1506 1984 eis

163 2024 345 2116 ecclesiia,
373 2022 601 2098 monasteriis
627 2028 663 2096 et
687 2022 766 2096 aliis
787 2023 974 2098 beneficiis
995 2027 1252 2104 ecclesiasticis
1276 2057 1343 2129 per
1362 2059 1424 2110 eos
1440 2059 1505 2133 pro

166 2157 334 2248 tempore
346 2149 516 2241 obtentiS,
529 2149 641 2259 ullum
657 2148 812 2238 decime,
826 2148 976 2224 subsidii
991 2157 1052 2225 aut
1067 2153 1214 2228 alterius
1231 2157 1351 2232 oneris
1363 2158 1408 2257 (l)
1420 2184 1508 2258 quo
1627 2177 1629 2182 ·

166 2300 323 2373 cumque
343 2276 491 2350 nomine
514 2274 710 2372 nuncupati
731 2273 776 2373 (5)
799 2299 1006 2372 gravamen,
1034 2301 1260 2376 quacumque
1288 2283 1427 2357 ratione
1449 2286 1504 2360 vel

166 2426 279 2476 causa
294 2401 491 2499 imponam,
510 2407 544 2474 et
560 2401 605 2476 ab
621 2400 758 2473 eisdem
774 2399 1014 2476 cardinalibus
1034 2427 1101 2500 pro
1122 2405 1287 2480 ecclesiis
1309 2415 1344 2482 et
1359 2432 1506 2484 monas-

169 2528 286 2616 teriiS,
303 2527 432 2623 quibus
448 2549 511 2602 cos
526 2526 676 2624 preseci,
690 2533 726 2600 et
740 2525 928 2600 beneficiis
945 2528 1162 2624 quibuslibet
1178 2531 1447 2625 ecclesiasticis,
1461 2537 1505 2609 de

167 2652 298 2748 quibus
320 2651 372 2724 eis
391 2675 457 2748 pro
473 2657 637 2749 temporo
657 2650 836 2749 provideri
857 2651 893 2724 in
914 2651 1054 2726 titulum
1073 2657 1129 2730 vel
1145 2660 1398 2733 commendam
1414 2684 1504 2734 con-

167 2778 295 2874 tinget,
322 2777 388 2850 sub
412 2783 624 2850 annetarum
650 2775 710 2874 (6),
738 2801 801 2850 seu
824 2777 1026 2852 mediorum
1056 2781 1238 2857 fructuum
1268 2784 1503 2878 minutorum,

165 2903 409 2992 servitiorum,
434 2927 497 2977 seu
513 2901 583 2975 alio
605 2925 834 2999 quocumque
854 2902 1016 2992 nomine,
1037 2904 1181 3000 penitus
1202 2906 1358 3004 exigam,
1381 2917 1442 2985 aut
1461 2913 1505 2984 ab

165 3029 220 3103 eis
231 3029 339 3104 etiam
356 3035 482 3126 sponte
495 3028 728 3102 offerentibus
744 3034 780 3102 et
796 3027 1027 3118 solventibus,
1042 3029 1153 3126 recipi
1169 3055 1232 3104 seu
1249 3033 1343 3130 exigi
1358 3033 1502 3126 taciam,

167 3153 223 3228 vel
244 3154 451 3252 permittam
480 3153 755 3250 quoquomodo
785 3153 921 3226 directe
946 3153 1002 3226 vel
1029 3153 1221 3244 indirecte,
1248 3157 1503 3255 privilegioque

166 3303 294 3354 eorum
315 3280 435 3354 omnia
451 3287 486 3354 et
512 3278 650 3377 singula
669 3279 784 3366 illeso,
807 3277 1079 3374 qualiacumque
1105 3279 1189 3370 sint,
1208 3284 1444 3374 conservabo,
1468 3291 1504 3360 ct

167 3406 196 3478 si
222 3404 339 3502 alique
367 3405 605 3503 obligationes
627 3403 663 3478 in
690 3427 836 3477 camora
858 3403 1069 3500 apostolica,
1096 3405 1234 3479 ratione
1259 3407 1504 3504 predictarum
1591 3399 1594 3404 ’

164 3537 392 3622 annotarum,
411 3531 649 3628 reperiantur,
670 3553 731 3603 eas
751 3529 788 3602 in
807 3534 921 3602 totum
944 3528 1081 3604 aboleri
1101 3531 1231 3604 taciem
1253 3537 1289 3605 et
1304 3534 1451 3607 cassari.

214 3659 319 3747 Item,
341 3679 423 3730 curn
442 3655 642 3730 cardinales
665 3659 788 3728 sancte
811 3677 960 3728 romane
983 3655 1137 3730 ecclesie
1164 3657 1308 3730 assidue
1334 3659 1503 3734 assistant

166 3805 307 3856 summo
335 3781 513 3879 pontifici,
538 3787 575 3856 et
600 3781 750 3879 proinde
777 3778 934 3852 debcant
962 3778 1177 3876 specialibus
1205 3783 1442 3879 prerogativis
1465 3790 1502 3858 et

165 3907 360 4008 privilegiis
376 3909 547 4006 gaudere,
565 3932 610 3981 ex
630 3932 725 3981 nunc
748 3906 909 3980 concedo
932 3903 1018 4001 ipsis
1041 3905 1281 3980 cardinalibus
1302 3907 1501 4004 plenariam

165 4036 202 4106 ct
225 4031 377 4104 liberam
401 4030 673 4128 dispositionem
697 4029 859 4103 omnium
881 4033 918 4102 et
940 4028 1161 4126 singulorum
1184 4033 1499 4125 monasteriorum,

163 4156 403 4254 prioratuum,
429 4155 656 4254 dignitatum,
684 4159 959 4254 personatuum,
986 4153 1335 4230 administrationum
1360 4163 1396 4232 et
1419 4159 1500 4232 otti-

162 4283 322 4375 ciorum,
350 4282 626 4357 canonicatuum
648 4287 684 4356 et
705 4279 971 4378 prebendarum
993 4279 1215 4378 aliorumque
1237 4281 1498 4356 beneficiorum

163 4409 495 4486 ecclesiasticorum
510 4431 592 4482 cum
611 4431 698 4484 cura
715 4412 751 4481 et
771 4406 848 4482 sine
871 4429 958 4479 cura
974 4404 1035 4504 (7),
1051 4406 1097 4480 ad
1117 4406 1359 4497 collationem,
1382 4407 1498 4504 provi-

205 4659 232 4714 l.
254 4659 473 4719 Damnabatur.
486 4688 522 4703 -
536 4655 628 4716 uiuat.

196 4751 225 4804 2.
247 4747 297 4804 Ex.
316 4778 348 4792 -
362 4747 453 4806 Hinel.

197 4839 225 4894 3.
246 4836 435 4897 Dominorum.
449 4869 486 4880 —
499 4839 619 4912 Marsque
634 4837 704 4892 dans
718 4833 809 4891 Rinol.

197 4925 225 4980 t.
245 4926 301 4982 Aut
314 4925 427 4983 alterius
440 4925 569 4984 nominis.
581 4957 618 4967 -
631 4924 739 4994 Riual.;
755 4924 829 4982 toute
843 4923 979 4982 evidente.

197 5015 227 5070 5.
247 5013 403 5089 Nuncupct.
417 5046 454 5058 -
468 5015 561 5072 Rinul.

197 5100 227 5159 6.
248 5103 448 5163 Αιιυαῑυοιιιω.
461 5135 496 5151 -
509 5105 613 5175 Riual,
629 5121 657 5179 p.
672 5103 718 5162 67.

197 5192 226 5248 7.
247 5191 329 5253 Cura.
344 5225 380 5240 -
389 5195 509 5270 Manquc
522 5197 592 5254 daus
606 5193 697 5252 Riual.
