3424 6038
312 463 364 516 evo
764 458 939 516 tonsurus
964 457 1184 529 BURCHARDI,
1400 439 1610 530 [attemperat

314 612 470 686 dexteris
494 619 529 686 ct
553 614 729 688 lacobum
759 614 804 686 de
828 612 990 687 Salviatis
1015 637 1035 686 a
1058 611 1238 702 sinistris;
1266 612 1481 708 sequebatur
1505 637 1611 710 sponsa

313 735 433 809 media
465 735 559 810 inter
594 741 669 811 ΠΙ).
707 737 1021 835 archiepiscopum
1052 737 1351 810 Cusentinensem
1379 760 1400 810 a
1424 737 1564 810 dexteris
1585 745 1612 812 et

313 861 522 959 episcopum
537 863 753 937 Auriensem
772 863 984 953 asinistris;
1007 861 1136 935 deinde
1155 861 1259 935 Clara
1279 860 1364 958 (sive
1381 859 1507 960 Clarix)
1522 869 1614 936 mater

313 1007 458 1082 sponse,
495 986 615 1061 media
646 987 742 1062 inter
773 987 983 1085 episcopum
1019 991 1300 1060 Roveretcnsem
1330 991 1511 1060 oratorem
1535 986 1614 1060 ducis

313 1109 506 1184 Mediolani
523 1112 714 1186 adexteris
730 1120 766 1187 et
783 1113 993 1210 episcopum
1011 1111 1331 1188 Vulterranensern
1347 1134 1368 1184 a
1383 1110 1530 1184 sinistris
1542 1135 1550 1201 ;
1562 1112 1614 1184 hos

314 1236 559 1330 sequebantur
573 1237 701 1335 prelati
723 1244 758 1311 et
777 1238 947 1312 mulieres
971 1261 1013 1311 ac
1033 1237 1092 1311 alii
1116 1235 1248 1310 modici
1275 1237 1381 1334 togati
1411 1236 1544 1310 mixtim
1557 1235 1616 1310 sine

314 1359 459 1452 ordine3
479 1361 594 1435 nullus
609 1367 816 1436 nostrornm
831 1369 976 1438 vocatus
993 1368 1060 1454 est,
1078 1385 1195 1457 neque
1211 1361 1384 1435 interfuit.

362 1485 565 1578 Dominica,
592 1492 634 1560 18
656 1486 875 1578 novembris,
898 1479 1076 1562 dedicatio
1096 1487 1241 1562 basilice
1268 1487 1443 1586 principis
1462 1488 1619 1586 apostolo

314 1635 408 1702 rum,
427 1614 490 1686 SS.
510 1616 552 1684 b.
571 1616 614 1686 N.
628 1611 774 1687 indutus
789 1613 936 1706 amictu,
955 1613 1047 1705 alba,
1066 1613 1223 1710 cingulo,
1239 1613 1377 1688 stolaet
1391 1613 1534 1711 pluviali
1548 1613 1619 1686 albis

314 1741 350 1812 et
365 1737 470 1810 mitra
486 1737 666 1834 pretiosis,
683 1737 781 1812 venit
795 1738 841 1812 ad
853 1739 1043 1836 capellam,
1058 1739 1275 1836 precedente
1292 1762 1400 1812 cruce
1424 1744 1462 1812 et
1478 1736 1619 1812 cardina-

313 1863 407 1938 libus
432 1887 533 1938 more
559 1869 749 1953 consuete,
773 1870 809 1936 et
833 1862 994 1936 interfuit
1017 1861 1126 1936 misse
1152 1861 1304 1935 solemni
1320 1882 1431 1959 qnam
1447 1861 1621 1936 celebravit

317 1993 358 2061 R.
379 1993 418 2062 P.
439 1993 481 2062 D.
499 1987 826 2086 Petrasepiscopus
840 1983 1075 2083 Urgellensis.
1091 1987 1195 2060 Dicta
1209 1993 1264 2059 cst
1279 1991 1419 2060 tantum
1432 1982 1620 2072 unaoratio,

314 2115 479 2190 videlicet
506 2115 548 2214 de
573 2115 801 2190 dedicatione.
829 2116 907 2188 Non
929 2112 995 2187 fnit
1018 2136 1159 2205 sermo,
1187 2111 1273 2187 licet
1295 2135 1360 2208 per
1383 2135 1550 2186 cursores
1571 2131 1622 2206 per

314 2261 475 2312 errorem
491 2237 676 2313 intimatus
693 2247 803 2314 esset.
820 2239 900 2313 Alia
915 2239 1102 2314 observata
1121 2245 1205 2312 sunt
1219 2259 1321 2312 more
1337 2245 1526 2312 consueto.
1695 2317 1696 2324 ἶ

361 2363 465 2439 Feria
486 2369 624 2459 quarta,
654 2368 695 2436 21
726 2364 861 2438 mensis
895 2363 1117 2454 novembris,
1148 2363 1239 2438 hora
1261 2387 1338 2437 xxrv
1361 2363 1417 2438 vel
1443 2363 1549 2454 circa,
1574 2383 1624 2459 per
1695 2429 1696 2432 ,

314 2495 456 2584 portam
472 2489 639 2564 Viridarii
660 2489 881 2563 intraverunt
903 2491 1034 2576 Urbem
1050 2489 1122 2564 duo
1138 2489 1271 2563 milites
1285 2489 1349 2562 viri
1369 2489 1467 2563 docti
1483 2487 1625 2562 illustris

315 2613 396 2686 simi
417 2614 518 2687 ducis
541 2623 577 2689 et
595 2615 744 2688 dominii
768 2620 991 2693 Venetorum
1016 2616 1060 2690 ad
1082 2617 1146 2690 SS.
1174 2619 1217 2688 D.
1243 2618 1285 2688 N.
1310 2639 1441 2712 papam
1465 2620 1624 2697 oratores,

313 2739 497 2836 magnifici
513 2742 589 2813 bn.
608 2739 839 2814 Sebastianus
856 2741 1058 2815 Baduccius
1073 2748 1110 2814 et
1136 2739 1340 2815 Bernardus
1361 2739 1535 2831 Bembus,
1557 2739 1627 2812 doc-

315 2873 430 2954 fores,¹
452 2864 598 2954 milites,
619 2865 758 2962 patricii
777 2849 919 2957 Veneti,
947 2867 1007 2962 qui
1026 2872 1126 2940 extra
1141 2871 1282 2962 portam
1304 2889 1419 2960 usque
1441 2865 1488 2938 ad
1512 2865 1625 2962 peden

313 2990 537 3064 ltfontismari
556 3014 622 3087 per
636 2989 789 3064 familias
805 2995 1023 3066 RRmorum.
1047 2996 1122 3066 DI).
1142 2989 1376 3065 cardinalium
1397 2997 1432 3064 et
1450 2993 1574 3065 san.
1590 2991 1623 3062 N.

313 3139 405 3214 pape
431 3115 567 3214 recepti
590 3120 674 3189 sunt
700 3123 736 3190 et
762 3141 875 3212 usque
901 3116 946 3190 ad
969 3117 1117 3189 domum
1142 3114 1295 3189 Romani
1317 3121 1413 3188 retro
1440 3139 1505 3188 seu
1529 3136 1625 3210 prope

313 3241 524 3331 Minervam,
551 3241 588 3314 in
614 3265 686 3338 qua
708 3241 882 3341 hospitari
908 3241 1087 3332 volebant,
1115 3240 1281 3316 associati
1300 3239 1425 3313 ordine
1448 3245 1622 3314 consueto.

362 3366 472 3442 Venit
490 3365 588 3463 prior
607 3366 694 3464 ipsis
716 3366 858 3440 obviam
876 3372 958 3442 ante
980 3366 1132 3440 familias
1155 3366 1404 3458 cardinalium,
1429 3365 1626 3440 franciscus

315 3490 402 3565 Cibo
415 3515 528 3588 nepos
545 3495 654 3589 Pape,
669 3491 755 3566 item
774 3499 809 3566 et
825 3491 896 3566 dux
912 3495 1015 3582 Sere,
1028 3492 1115 3567 item
1131 3499 1167 3566 et
1178 3499 1336 3566 senator.
1351 3491 1520 3588 Receptis
1534 3489 1627 3588 igitur

315 3616 515 3691 oratoribus
531 3641 553 3690 a
568 3616 703 3690 familia
719 3621 782 3692 SS.
802 3619 845 3690 b.
864 3621 893 3692 N
899 3673 923 3706 .,
941 3617 1168 3692 ordinatione
1188 3641 1271 3692 mea
1287 3617 1459 3714 equitavit
1478 3615 1626 3690 Francis·

314 3766 379 3816 cus
402 3741 488 3818 Cibo
512 3749 594 3840 post
618 3743 790 3818 familiam
816 3748 911 3841 Pape
940 3751 1022 3818 ante
1048 3768 1088 3818 se
1110 3743 1251 3818 babens
1276 3743 1398 3840 plures
1422 3742 1575 3817 barones
1598 3745 1627 3812 et

315 3865 480 3941 dominos
506 3874 540 3942 et
567 3867 706 3942 nobiles
726 3868 947 3944 associantes
972 3876 1158 3958 oratores3
1186 3867 1421 3965 deindepost
1444 3866 1625 3942 servientes

314 4015 498 4066 armorum
515 3997 551 4066 et
565 4016 632 4066 nos
651 4017 658 4067 :
678 3993 848 4090 equitavit
862 3995 998 4092 primus
1016 3994 1169 4068 duorum
1189 3999 1373 4068 oratorum
1393 3993 1624 4090 predictorum

313 4117 454 4192 medius
483 4117 578 4192 inter
600 4117 736 4215 primos
761 4119 850 4192 duos
874 4119 1032 4216 prelatos
1053 4117 1194 4218 palatii,
1228 4124 1306 4192 tum
1341 4118 1522 4192 secundus
1545 4117 1625 4190 inter

313 4243 401 4318 alios
419 4244 509 4319 duos
530 4243 688 4342 prelatos
708 4244 843 4343 palatii,
865 4252 948 4343 post
967 4247 1035 4320 hos
1064 4246 1136 4320 dux
1158 4247 1248 4320 Sora
1272 4269 1294 4320 a
1320 4245 1476 4321 dexteris
1501 4243 1623 4317 habeus

312 4371 638 4470 prelatum'pelatii,
657 4377 802 4446 senator
817 4371 1008 4446 adexteris
1029 4371 1169 4445 habens
1184 4369 1294 4444 alium
1309 4371 1486 4468 prelatum
1501 4365 1620 4467 palatii,

313 4503 436 4572 orator
457 4497 551 4596 regis
570 4496 793 4594 Neapolitani
813 4496 952 4570 habens
971 4521 993 4570 a
1011 4495 1170 4570 dexteris
1189 4493 1368 4592 prelatum
1393 4495 1525 4595 palatii.
1548 4497 1621 4566 Tun

314 4629 437 4697 orator
459 4622 562 4696 ducis
581 4621 786 4714 Mediolani,
809 4627 931 4696 orator
953 4621 1257 4712 Florentinorum,
1282 4627 1404 4697 orator
1424 4627 1621 4696 Mantuanus

315 4748 444 4844 singuli
461 4748 621 4846 singulos
635 4748 793 4846 prelatos
807 4747 927 4845 palatii
943 4773 964 4821 a
979 4747 1135 4822 dexteris
1150 4747 1345 4836 habentes;
1364 4749 1429 4823 sed
1444 4739 1620 4840 nota-quod

313 4872 384 4945 dux
400 4847 541 4948 Sore'et
559 4881 704 4950 senator
718 4898 791 4948 non
807 4875 988 4949 debebant
1006 4876 1077 4948 hoc
1099 4875 1224 4948 ordine
1241 4873 1418 4970 equitare,
1434 4871 1495 4947 sed
1508 4888 1620 4968 prece-

313 4998 399 5072 dere
423 5007 585 5075 oratores
612 5023 724 5075 novos
749 5000 938 5092 intrantem,
963 5008 1071 5097 prout
1099 4999 1313 5074 Franciscns
1338 4999 1425 5074 Cibo
1448 4992 1617 5095 precessit,

314 5119 399 5222 quia
422 5147 549 5202 omnes
571 5121 710 5203 nobiles
728 5126 789 5224 qui
807 5125 927 5203 locum
947 5125 1084 5200 habent
1102 5125 1139 5198 in
1157 5124 1295 5222 capella
1315 5123 1352 5197 in
1373 5121 1535 5221 gradibus
1552 5111 1618 5190 solii
