3600 6094
116 453 193 522 [leot
207 449 275 515 list]
442 447 568 506 RERUM
593 447 821 506 onssnunaun
845 447 1106 506 COMMENTAHII.
1402 453 1438 510 or

113 615 143 682 et
158 603 383 698 singulorum
399 601 696 676 conclaristarum
713 601 960 698 predictorum
975 601 1143 676 instantio
1157 601 1359 676 habeantur
1372 628 1438 700 pro

113 731 285 830 expressis
308 735 345 804 et
368 753 452 802 cum
476 726 744 800 absolutiones
771 727 935 801 censoris
961 729 1005 802 ad
1028 727 1197 802 ellectum
1217 727 1439 825 presentium

112 881 170 955 pro
191 855 377 943 omnibus,
403 859 438 927 et
460 853 504 926 de
526 852 643 926 causis
666 853 972 943 extraordinariis,
991 861 1027 927 et
1045 853 1172 942 literis,
1190 827 1436 927 instrumentis

113 1006 148 1056 ec
175 980 408 1080 processibus
429 1002 496 1076 per
518 977 677 1051 notarios
705 977 827 1076 palatii
852 985 888 1052 et
916 1003 1064 1052 romane
1090 979 1188 1052 curie
1215 978 1292 1052 sine
1318 979 1435 1076 aliqua

113 1107 283 1180 solutione
302 1104 444 1193 dandis,
463 1110 501 1177 ut
516 1105 713 1201 prefectum
733 1110 767 1177 et
783 1104 878 1202 quod
893 1105 995 1179 litere
1012 1129 1119 1203 super
1133 1103 1435 1178 reservationibus

112 1230 353 1320 donationum,
374 1228 497 1326 gratiis
514 1235 549 1302 et
569 1228 854 1325 quibuscumque
875 1229 1168 1327 dispositionibus
1189 1253 1230 1304 ac
1251 1229 1433 1327 quibusvis

112 1355 182 1428 aliis
205 1355 349 1452 gratiis,
380 1354 692 1452 impetrationibus
721 1359 757 1427 et
780 1355 1043 1452 provisionibus
1078 1353 1205 1452 gratia,
1241 1355 1371 1450 ubique
1398 1355 1433 1428 in

112 1479 269 1554 omnibus
287 1479 418 1554 olliciis
439 1479 547 1554 etiam
560 1479 847 1553 abbreviaturum
864 1480 1111 1578 expediantur,
1131 1487 1169 1552 ut
1183 1480 1364 1578 prefertur
1377 1505 1384 1570 ;
1399 1489 1435 1554 et

112 1605 199 1704 quod
213 1605 439 1702 singulorum
460 1605 731 1703 cognominum,
752 1603 964 1694 diecesium‚
982 1605 1193 1702 qualitatum
1208 1613 1244 1680 et
1259 1605 1433 1702 graduum

115 1731 294 1829 expressio
311 1729 390 1804 fieri
403 1731 530 1828 possit,
549 1732 643 1805 etde
660 1731 828 1804 omnibus
842 1729 947 1803 simul
961 1754 1026 1828 pro
1045 1730 1225 1820 omnibus
1244 1737 1283 1804 ut
1295 1730 1434 1828 preser-

114 1863 181 1947 tur;
203 1863 238 1930 et
257 1857 357 1953 qnod
371 1856 473 1930 litere
493 1880 602 1954 super
623 1856 772 1953 singulis
796 1855 852 1930 vel
872 1857 1038 1930 omnibus
1060 1857 1164 1932 simul
1178 1882 1244 1956 pro
1267 1856 1433 1932 omnibus
1467 1957 1469 1962 Ι

110 1980 158 2056 rel
169 1981 333 2078 quolibet
345 2005 411 2080 pro
421 2007 473 2071 se,
485 1981 521 2054 in
537 1981 667 2078 quibus
681 1982 848 2056 omnibus
861 1983 978 2080 major
988 1989 1023 2056 et
1036 1981 1189 2082 amplior
1199 1983 1384 2082 expressio
1398 1987 1434 2056 et

111 2105 206 2202 plene
223 2113 375 2182 extensa
389 2107 426 2180 in
441 2107 606 2205 ampliori
623 2113 658 2182 ct
679 2107 783 2182 dictis
806 2107 1034 2182 conclavistis
1055 2107 1188 2181 utiliori
1208 2109 1336 2194 forma,
1354 2105 1430 2196 fiat,

111 2231 263 2328 expediri
285 2231 447 2330 possint;
473 2239 509 2307 et
533 2233 629 2332 quod
653 2232 801 2330 singulis
826 2233 1126 2306 reservationibus
1151 2239 1186 2306 et
1210 2231 1288 2306 aliis
1308 2231 1432 2330 gratiis

111 2359 318 2457 supradictis
334 2360 370 2433 in
387 2358 537 2458 gratiam
553 2358 723 2447 liliorum,
740 2363 914 2456 nepotum
930 2363 965 2430 et
984 2357 1135 2430 aliorum
1150 2381 1216 2455 per
1235 2381 1298 2431 eos
1318 2355 1432 2430 nomi·

111 2485 304 2560 nardorum
328 2511 419 2584 quos
445 2511 572 2563 eorum
595 2486 677 2561 loco
703 2483 940 2582 subrogamus
964 2483 1094 2558 cedere
1114 2481 1265 2580 possint.
1289 2485 1432 2557 Etcum

110 2610 302 2685 cassatione
345 2631 653 2708 quarumcumque
692 2607 971 2703 obligationum,
1012 2630 1078 2703 pro
1116 2607 1257 2680 annatis
1289 2629 1433 2682 camere

112 2733 279 2809 solvendis
293 2759 360 2833 per
374 2760 437 2812 eos
452 2735 629 2809 factarum
646 2741 681 2807 et
697 2731 910 2806 remissione
931 2736 1142 2804 onustarum
1163 2755 1229 2830 pro
1247 2731 1433 2806 beneficiis

111 2881 195 2935 nunc
214 2861 423 2936 vacantibus
444 2869 480 2935 et
501 2883 570 2958 que
590 2881 717 2932 vacare
739 2861 941 2955 sperantur,
963 2855 1007 2928 de
1030 2854 1158 2950 quibus
1178 2855 1230 2929 eis
1254 2855 1431 2954 provideri

111 2985 307 3086 contigerit,
332 2994 371 3062 ut
390 2988 583 3086 prefertur,
611 2984 831 3082 adquorum
861 2979 1079 3054 solutionem
1105 2979 1182 3053 aliis
1207 2986 1428 3054 tenerentur.

152 3111 303 3188 Nomina
318 3111 619 3189 conclavistarum
635 3116 718 3184 sunt
730 3111 799 3184 hec
818 3133 825 3182 :

147 3235 327 3312 lohannes
343 3239 473 3312 Paulus
489 3239 533 3312 de
550 3237 686 3326 Bossis,
705 3235 867 3324 sacrista,

153 3362 332 3438 lohannes
349 3363 591 3452 flambardus,
610 3359 888 3460 argentinensis,

152 3483 331 3563 lohannes
346 3489 459 3564 Maria
474 3489 518 3563 de
535 3486 661 3576 Podi0,
693 3535 694 3539 =

152 3613 302 3687 lacobus
317 3617 511 3706 Casanova,

156 3735 332 3812 lohannes
348 3745 478 3838 Lopez,

120 3895 127 3912 ‚
156 3862 436 3940 Colathomasius
452 3860 685 3947 Ronehellus,

156 3992 329 4066 Mattheus
342 3993 511 4081 Manuos,-

156 4111 332 4192 lohannes
349 4114 574 4204 Laurentius,

155 4243 327 4318 llattheus
340 4244 385 4316 de
401 4239 616 4340 Aliprandis,

155 4369 360 4444 Franciscus
376 4369 420 4442 de
439 4365 615 4455 Viterbio‚

157 4493 428 4568 Bartholomeus
443 4492 488 4565 de
504 4496 636 4578 liuere,

161 4620 342 4694 Balthazar
355 4620 400 4692 de
417 4613 645 4710 Cantagallis,

161 4741 437 4840 Christophorus
450 4740 495 4811 de
512 4742 639 4826 Puteo,

160 4869 294 4942 Gechus
311 4869 357 4942 de
373 4863 613 4953 Palumbaria‚

162 4993 376 5068 lastinianus
391 4989 598 5078 Amerinus,

163 5115 342 5195 liberatus
357 5119 403 5193 de
419 5115 598 5204 Bartellis,
