3508 6034
100 392 189 466 [tvm
206 391 276 466 issa]
437 391 564 449 RERUM
590 391 819 452 URBANARUM
844 391 1108 452 uotttvtcurauu.
1390 401 1447 458 uso

97 547 363 644 cpiscoporum
399 541 635 618 cardinalium
669 543 789 642 ipsum
821 542 1011 638 adjuvante
1046 566 1147 618 more
1178 549 1296 624 solito.
1337 557 1445 630 Facta

97 672 362 750 communione
386 694 451 768 per
466 669 725 758 celebrantem,
751 666 980 742 credentiarii
1001 671 1096 766 Papo
1115 683 1313 770 posuerunt
1337 703 1445 778 supra

97 799 231 890 altare,
249 797 285 870 in
300 819 412 870 cornu
429 794 617 890 evangelii,
634 795 706 869 duo
722 793 850 868 bacilia
865 797 961 890 Pape
973 819 1055 870 cnm
1065 800 1244 896 mappulis
1258 810 1293 875 et
1311 814 1442 896 tczzea,

96 947 205 998 more
219 923 326 997 solito
345 927 381 995 et
395 920 455 994 illa
470 920 604 993 ibidem
620 921 844 995 retinuerunt
857 941 969 1016 usquc
989 922 1034 994 od
1056 924 1251 999 secundam
1266 927 1442 1005 lotionem

98 1054 213 1147 Papa.
234 1047 394 1123 Sacrista
406 1069 490 1122 vcro
506 1045 626 1144 posuit
644 1051 797 1122 tazzeam
814 1074 916 1122 suam
934 1073 1016 1122 cum
1034 1048 1193 1143 ampulla
1207 1052 1278 1124 vini
1295 1060 1330 1128 et
1344 1057 1441 1152 puri-

98 1175 269 1250 ficatorio
289 1197 399 1270 snper
421 1173 546 1262 altare,
566 1179 648 1269 post
675 1172 808 1248 dictam
836 1175 1132 1249 communionem
1156 1175 1385 1270 celebrantis
1404 1181 1441 1256 in

99 1323 218 1374 cornu
234 1297 386 1398 epistole
407 1298 466 1371 ubi
487 1321 570 1371 cnm
595 1296 664 1370 illis
691 1301 902 1396 expectavit,
929 1309 964 1374 et
981 1301 1121 1398 incepta
1138 1303 1259 1398 populi
1277 1326 1441 1382 commn-

99 1427 227 1516 niune,
248 1431 436 1498 ostensum
451 1422 517 1496 luit
533 1422 718 1496 sudarium
735 1424 879 1498 Domini
896 1431 931 1500 et
946 1427 1080 1524 populo
1097 1427 1230 1502 ibidem
1254 1437 1440 1507 ostensum
1556 1517 1561 1526 ,

98 1560 136 1629 et
157 1553 298 1626 dictum
319 1552 414 1649 quod
436 1551 503 1626 iret
525 1551 570 1624 ad
592 1550 714 1624 locum
742 1550 886 1648 publice
916 1551 1192 1628 benedictionis.
1223 1529 1325 1629 Lo'tis'
1344 1562 1439 1657 Pape

100 1679 286 1766 manibus,
305 1684 473 1752 cantores
488 1676 1043 1751 dixeruntPostcommuuiouem
1060 1683 1095 1752 et
1110 1677 1213 1753 finita
1228 1689 1283 1756 est
1297 1683 1408 1758 missa
1429 1710 1436 1760 :

100 1807 202 1902 Papa
217 1803 316 1877 dedit
330 1801 621 1876 benedictionem
637 1799 773 1898 absque
788 1801 1034 1898 indulgentiis.
1053 1807 1142 1877 Tum
1158 1813 1308 1906 accepto
1324 1833 1438 1908 regno

101 1929 169 2000 snb
197 1926 429 2016 baldachino,
454 1927 550 2000 venit
576 1927 621 2000 ad
649 1927 770 2000 locum
795 1927 936 2024 publice
970 1928 1233 2005 benedictionis
1256 1935 1438 2032 perviam

102 2053 240 2126 sudarii
256 2052 406 2150 predicti
421 2053 517 2149 quod
540 2053 605 2126 sibi
622 2053 687 2126 luit
708 2059 906 2144 ostensum,
930 2054 1171 2130 cardinalibus
1189 2061 1223 2128 et
1239 2057 1387 2155 prelatis
1402 2059 1439 2133 in

102 2181 230 2278 cappis
247 2173 320 2253 suis'
339 2177 615 2252 associantibus.
638 2182 677 2251 ln
697 2177 779 2252 loco
799 2178 974 2276 predicto,
994 2183 1090 2278 Papa
1106 2181 1249 2278 publice
1262 2183 1437 2280 populum

102 2305 291 2380 benedixit
307 2312 342 2378 et
357 2303 536 2401 plenarias
556 2303 798 2400 indulgentias
821 2304 1002 2378 concessit
1023 2327 1111 2400 quas
1136 2307 1386 2402 pronunciavit
1405 2334 1435 2381 s.

103 2430 253 2528 Georgii
273 2431 308 2503 in
324 2429 435 2504 latino
451 2435 486 2502 et
502 2428 545 2501 de
569 2428 744 2502 Columna
763 2429 904 2502 diaconi
923 2429 1123 2504 cardinales
1138 2430 1173 2504 in
1188 2431 1345 2530 vulgari3
1364 2456 1438 2506 non

104 2558 171 2632 tuit
187 2578 309 2630 sermo
329 2581 336 2628 :
356 2558 431 2628 uu.
449 2551 679 2627 subdiaconis
695 2555 902 2653 apostolicis
916 2554 1101 2630 videbatur
1118 2557 1164 2630 ad
1177 2580 1240 2631 eos
1255 2559 1438 2656 pertinere

102 2686 348 2782 portationem
364 2684 485 2760 calicis
502 2709 586 2760 cum
609 2689 835 2758 sacramento
854 2706 920 2780 pro
936 2681 1192 2756 communione
1208 2683 1354 2780 populi;
1374 2683 1439 2758 sed

105 2813 148 2884 D.
162 2809 330 2883 Pientino
347 2817 455 2884 elme
471 2807 692 2883 contrarium
714 2807 966 2897 sentientibus,
988 2809 1191 2883 habuerunt
1210 2807 1434 2905 patientiam.

154 2939 260 3012 Feria
288 2938 447 3011 secunda
472 2937 623 3027 Pascbe,
649 2941 692 3009 23
717 2933 852 3032 aprilis,
877 2937 1000 3007 Rmus.
1028 2939 1070 3007 D.
1096 2933 1287 3007 cardinalis
1313 2941 1437 3007 sancte

101 3064 292 3138 Anastasio
317 3062 511 3138 celebravit
526 3065 671 3136 missam
688 3061 866 3160 publicam
890 3061 925 3133 in
949 3061 1077 3134 eadem
1094 3061 1244 3160 capella,
1263 3065 1354 3159 Papa
1373 3059 1438 3134 ab·

102 3196 221 3279 sente,
239 3196 275 3263 ct
295 3189 484 3292 observata
500 3195 582 3262 sunt
598 3189 720 3262 omnia
736 3211 838 3261 more
857 3187 974 3260 solito.

152 3315 258 3388 Feria
282 3315 388 3390 tertia
407 3315 559 3402 Paschc,
585 3313 786 3410 adapsilis,
813 3317 938 3386 Rmus.
966 3319 1009 3388 D.
1034 3315 1225 3388 cardinalis
1252 3319 1438 3388 Beneven-

102 3446 209 3513 tanus
224 3438 420 3512 cclebravit
435 3439 583 3514 missam
602 3438 782 3536 publicam
802 3439 836 3511 in
852 3439 980 3512 eadem
992 3440 1143 3538 capella,
1163 3444 1258 3539 Papa
1271 3441 1435 3528 absente,

102 3572 137 3639 el
153 3563 344 3638 observata
356 3571 439 3636 sunt
455 3565 576 3637 omnia
591 3585 692 3637 more
710 3562 827 3635 solito.
847 3561 962 3634 Finita
976 3563 1099 3652 missa,
1118 3563 1320 3636 cardinales
1339 3563 1438 3638 lece-

105 3699 189 3764 runt
205 3689 380 3763 oirculum
396 3690 469 3764 sive
488 3689 810 3787 congregationem
828 3695 976 3785 propter
990 3689 1181 3762 adventum
1197 3689 1250 3762 lll.
1266 3689 1437 3787 principis

103 3823 238 3915 Capne,
254 3815 485 3914 primogeniti
507 3815 608 3890 ducis
622 3813 798 3899 Calabris,
817 3836 882 3909 pro
894 3815 1003 3888 modo
1020 3822 1056 3888 et
1076 3815 1204 3889 ordine
1220 3814 1438 3912 receptionis

103 3967 166 4015 sue
184 3966 227 4015 ac
245 3941 326 4015 loco
342 3941 410 4013 sibi
426 3941 558 4030 (lande,
581 3949 617 4014 et
631 3947 822 4038 postquam
839 3939 1045 4036 aliquandiu
1067 3941 1239 4016 intereos
1257 3939 1438 4035 discepta-

104 4077 180 4141 tum
197 4075 265 4156 est,
284 4075 443 4156 vocatus,
458 4068 540 4140 veni
555 4065 601 4139 ad
613 4063 787 4138 circulum
805 4065 840 4138 in
856 4065 976 4138 medic
991 4089 1117 4138 eorum
1136 4065 1360 4162 genullexns,
1378 4061 1437 4134 nbi

105 4217 126 4265 a
142 4197 247 4265 ltmo
265 4195 306 4266 ll.
325 4191 619 4267 vicecancellario
633 4189 775 4286 collegii
793 4190 1035 4286 interrogatus
1052 4189 1139 4286 qnid
1152 4189 1240 4260 mibi
1256 4187 1438 4260 videretur

106 4319 151 4391 de
172 4316 300 4391 ordine
329 4315 526 4412 recipiendi
547 4316 748 4412 principem
770 4320 890 4410 Gapne
914 4314 1013 4388 ducis
1036 4311 1198 4388 Calabria
1221 4309 1438 4410 primogeni-
1519 4407 1524 4412 ‚

108 4447 184 4514 tum
201 4441 246 4512 ad
267 4439 402 4512 Urbem
427 4447 632 4528 venturum,
648 4445 684 4513 et
703 4439 784 4512 loco
802 4438 837 4511 in
853 4437 991 4534 capella
1008 4437 1074 4510 sibi
1096 4436 1227 4524 dando,
1251 4432 1435 4531 respondi,

105 4561 1441 4664 jndiciomeoipsnmperdnoscardinales,videlicetunnmpresbyterum

108 4699 142 4765 et
166 4714 280 4764 unum
296 4691 504 4781 diaconum,
527 4693 674 4765 nomine
690 4688 871 4787 pontificis
888 4695 923 4761 et
940 4687 1097 4784 collegii,
1116 4709 1157 4759 ao
1170 4684 1325 4758 familias
1341 4691 1441 4757 cete-

107 4840 231 4890 rorum
252 4816 415 4890 omnium
428 4815 662 4890 cardinalium
688 4839 729 4888 ac
752 4820 915 4889 oratores
939 4821 974 4886 et
992 4811 1151 4909 prelatos
1174 4833 1324 4883 romane
1341 4809 1440 4882 curie

107 4942 356 5040 recipiendum
373 4966 467 5032 esse,
486 4966 528 5016 ac
545 4943 666 5015 locum
681 4946 762 5037 post
779 4943 922 5010 Rmum.
942 4941 984 5009 D.
1005 4935 1225 5008 cardinalem
1240 4937 1440 5009 Senensem

108 5068 268 5164 primum
279 5065 471 5141 diaconum
487 5067 553 5141 sibi
570 5065 746 5151 dandum3
772 5071 806 5137 et
832 5085 897 5160 pro
914 5063 1054 5136 ratione
1065 5062 1190 5159 judicii
1208 5061 1278 5134 mei
1295 5059 1442 5152 allegavi
