3422 6034
90 349 237 420 [Norambra
252 351 329 416 ¹489]
415 347 542 406 RERUM
565 344 794 404 URBANARUM
818 343 1081 406 COMMENTARII.
1364 353 1417 409 375

86 530 167 606 gens
178 503 351 580 custodie
366 503 488 603 palatii
499 508 535 577 et
551 501 802 602 gubernatoris
817 501 888 576 hoc
904 525 1010 578 mane
1026 507 1163 577 armata
1178 503 1276 599 quod
1291 502 1322 577 si
1337 503 1414 604 ipse

84 631 375 728 archiepiscopus
391 631 435 704 ad
452 629 624 728 palatium
644 626 766 702 venire
788 632 986 718 recusaret,
1010 628 1131 726 ipsum
1149 635 1411 704 armatamanu

83 757 249 832 ducerent
262 739 432 830 custodie
447 755 741 853 mancipandum.

124 881 320 958 Dominica
345 881 460 980 prima
487 881 675 971 adventus,
708 884 753 954 29
778 880 997 971 novembris,
1024 885 1071 954 R.
1104 885 1142 956 P.
1173 885 1215 954 D.
1244 880 1413 956 Nicolaus

82 1009 160 1084 cibo
183 1006 489 1106 archiepiscopus
512 1005 929 1081 Arelatensisassistens
951 1006 1143 1081 celebravit
1166 1006 1317 1080 missam
1345 1031 1412 1104 pu-

81 1133 202 1207 blicam
217 1132 256 1205 in
272 1133 417 1230 capella
435 1135 573 1232 majore
594 1133 715 1232 palatii
737 1131 926 1231 apostolici
948 1132 1044 1230 apud
1069 1157 1098 1205 s.
1126 1135 1286 1222 Petrum,
1316 1135 1412 1228 Papa

80 1263 255 1356 presente.
283 1257 382 1332 Dixit
401 1267 554 1356 quatuor
576 1259 758 1334 orationes
778 1263 814 1333 et
835 1257 904 1332 alia
930 1255 1052 1330 omnia
1074 1281 1176 1332 more
1201 1257 1306 1332 solito
1329 1263 1411 1331 sunt

81 1385 274 1458 observata.
300 1387 517 1460 Sermonem
537 1387 623 1462 lecit
642 1394 854 1484 procurator
874 1383 1009 1458 ordinis
1024 1383 1309 1482 predicatorum.

123 1509 224 1584 Faria
247 1512 427 1603 secunda,
451 1517 497 1585 30
523 1511 608 1586 dicti
634 1511 770 1586 mensis
792 1509 1009 1602 novembris,
1034 1509 1166 1584 testum
1193 1535 1222 1584 s.
1250 1510 1407 1600 Andrea,

80 1641 115 1709 lt.
132 1639 168 1710 Ρ.
185 1639 230 1710 Ι).
249 1636 441 1712 lohannes
454 1638 645 1736 episcopus
658 1636 899 1712 Tornacensis
915 1635 1265 1710 celebravitmissam
1279 1636 1409 1712 solam-

82 1783 155 1834 nem
170 1760 369 1858 lucapello
389 1768 595 1836 sanctorum
618 1761 780 1860 Gregorii
804 1766 839 1836 et
857 1761 1003 1836 Andree
1023 1759 1060 1833 in
1080 1761 1274 1836 basilicas.
1296 1762 1405 1853 Patri,

81 1890 166 1985 Papa
190 1894 368 1984 presente
392 1893 429 1962 at
448 1889 687 1962 cardinalibus
707 1913 715 1962 ε
739 1888 826 1962 dixit
847 1893 989 1962 tantum
1012 1910 1122 1962 uuam
1150 1887 1350 1964 orationem
1372 1898 1409 1964 at

80 2011 140 2084 alia
157 2035 260 2088 more
281 2013 403 2089 solito.
423 2019 504 2090 Non
523 2014 589 2088 luit
611 2037 745 2088 sermo.
765 2013 877 2088 Missa
896 2013 1010 2104 finita,
1033 2018 1105 2086 tres
1126 2012 1291 2086 canonici
1312 2013 1406 2089 dicte

80 2135 215 2210 basilice
233 2138 298 2235 qui
314 2145 396 2234 post
416 2139 712 2213 communionem
728 2163 836 2236 supra
851 2137 897 2212 ad
910 2137 1120 2236 pinaculum
1138 2137 1261 2210 altaris
1277 2162 1406 2213 ascen·

79 2259 208 2353 derant,
220 2263 481 2338 benedictione
493 2289 559 2362 per
572 2269 707 2363 Papam
723 2265 820 2354 data,
831 2265 1071 2338 ostenderunt
1084 2269 1191 2360 caput
1207 2287 1234 2336 s.
1246 2263 1404 2356 Andrec,

82 2387 167 2482 Papa
199 2387 237 2461 in
260 2389 466 2464 faldistorio
500 2389 594 2463 iutra
621 2389 755 2463 dictam
789 2391 963 2488 capellam
998 2397 1081 2466 aute
1114 2390 1248 2466 ostium
1271 2392 1403 2490 posito.

81 2513 150 2584 lton
162 2515 285 2610 pctiia
302 2519 399 2612 Papa
417 2513 657 2612 indulgentias
672 2538 738 2613 pro
755 2538 799 2590 eo
817 2518 915 2612 quod
933 2517 1094 2615 plenarie
1115 2522 1198 2591 sunt
1212 2539 1279 2615 par
1291 2517 1406 2591 felicis

81 2639 337 2714 recordationis
358 2640 461 2714 Pium
481 2663 610 2738 papam
638 2641 839 2714 secundnm
864 2641 1088 2716 visitantibus
1118 2665 1308 2733 concesse,
1338 2644 1403 2716 SS.

81 2765 116 2835 ll.
152 2773 277 2842 nostro
307 2767 342 2840 id
374 2766 463 2840 mihi
488 2765 646 2840 dicente.
673 2767 835 2841 Ostensis
869 2767 1027 2864 reliquiis
1055 2767 1240 2865 predictis,
1266 2770 1330 2842 SS.
1355 2771 1399 2842 D.

82 2893 194 2964 noster
214 2891 324 2966 rediit
345 2891 383 2964 in
408 2891 496 2965 sella
517 2891 647 2966 sedens
672 2893 717 2965 ad
736 2892 922 2989 palatium,
951 2892 1151 2968 licenciatis
1174 2893 1241 2966 sub
1263 2893 1404 2990 porticu

81 3009 166 3086 dicte
198 3015 350 3090 basilice
381 3016 636 3090 cardinalibus.
666 3017 811 3114 Capella
831 3017 995 3116 predicta
1019 3017 1084 3090 suit
1108 3018 1272 3092 ordinata
1294 3025 1403 3116 prout

43 3183 47 3190 κ
82 3135 171 3230 alias,
189 3141 450 3240 exceptoquod
466 3165 702 3240 scammapro
714 3143 963 3218 assistentibus
978 3143 1141 3241 pontifici
1157 3144 1203 3218 ad
1218 3143 1419 3232 dexteram

82 3264 274 3361 Papeiuter
296 3293 379 3345 eum
400 3278 435 3345 et
457 3269 570 3344 altare
593 3271 710 3368 majus
732 3276 855 3344 tamen
878 3295 987 3368 supra
1009 3294 1074 3345 seu
1100 3275 1196 3343 retro
1219 3269 1344 3360 altare,
1367 3275 1403 3343 et

84 3396 165 3465 retro
189 3397 402 3472 assistentes
427 3403 529 3470 erant
560 3419 723 3472 scamma
753 3421 819 3495 pro
850 3397 1054 3472 oratoribus
1079 3394 1192 3469 muris
1217 3395 1399 3492 contigua.

85 3518 194 3594 Rmus.
221 3525 266 3597 D.
301 3522 554 3598 Ulixhonensis
587 3523 663 3598 vice
698 3524 798 3622 prior
831 3525 1128 3622 presbyterorum
1164 3521 1402 3598 cardinalium

85 3641 241 3720 assistens
256 3645 374 3722 noluit
388 3648 558 3722 assistere
574 3647 610 3722 in
627 3648 784 3724 scabello
802 3648 907 3722 solito
928 3648 1026 3746 quod
1045 3648 1091 3722 ad
1106 3648 1291 3724 dexteram
1305 3652 1401 3746 Papa

85 3763 343 3865 roboraveram,
367 3774 431 3848 sed
449 3775 544 3848 inter
563 3774 653 3848 alios
678 3773 909 3873 presbyteros
926 3775 963 3846 in
987 3774 1093 3849 solito
1111 3775 1192 3849 loco
1213 3799 1277 3848 suo
1293 3774 1398 3866 sedit,

87 3889 199 3970 exinde
217 3899 366 3973 veniens
384 3899 430 3973 ad
448 3899 725 3974 ministrandum
746 3899 949 3974 naviculam
967 3899 1127 3997 pontifici
1146 3900 1292 3998 quando
1311 3905 1402 3976 tem-

86 4030 228 4109 puserat
244 4031 281 4099 et
301 4025 576 4102 incensandum.
603 4025 801 4124 Episcopus
830 4025 1085 4122 etpresbyteri
1113 4024 1314 4099 cardinales
1339 4026 1400 4122 qui

87 4136 237 4238 inprime
253 4149 369 4224 banco
386 4159 488 4226 arant
503 4153 593 4226 citra
610 4153 740 4226 ostium
764 4149 902 4254 capella
924 4174 997 4223 nou
1013 4157 1201 4240 venerunt,
1223 4150 1269 4224 ad
1281 4150 1400 4224 circu-

88 4258 164 4359 lum,
194 4276 257 4350 sed
281 4275 399 4349 solum
426 4277 469 4352 de
499 4277 624 4352 baucis
656 4277 936 4366 descenderunt,
972 4275 1237 4374 etpresbyteri
1268 4276 1327 4373 qui
1362 4277 1398 4349 in

91 4400 236 4488 sequenti
254 4401 371 4475 banco
387 4409 491 4476 erant
507 4426 591 4477 cum
606 4403 767 4478 diaconis
786 4409 973 4492 venerunt,
988 4405 1022 4474 et
1036 4401 1210 4475 circulum
1226 4425 1309 4476 cum
1330 4401 1399 4474 illis

92 4511 128 4588 dc
146 4523 257 4616 primo
285 4527 403 4601 banco
429 4527 596 4603 iecerunt
623 4554 725 4605 mora
751 4530 870 4604 solito.
901 4528 1132 4620 subdiaconi,
1157 4527 1340 4602 auditores
1366 4532 1402 4601 et

92 4645 229 4744 acolythi
258 4653 431 4728 sederunt
458 4655 495 4728 in
525 4659 622 4730 terra
650 4657 686 4730 iu
718 4657 836 4730 banco
857 4656 1095 4730 cardinalium
1115 4655 1218 4752 juxta
1241 4651 1402 4728 medium

90 4772 228 4869 capella
254 4785 289 4851 et
308 4801 390 4853 cum
405 4780 606 4856 cardinales
630 4785 805 4856 venerunt
831 4780 876 4853 ad
900 4779 1088 4870 circulum,
1112 4785 1401 4852 retrocesserunt

92 4899 177 4972 extra
205 4901 392 4978 circulum.
432 4905 678 4980 cubicularius
716 4911 892 4996 secretus,
923 4903 1064 4977 auditor
1094 4903 1138 4976 de
1163 4902 1282 4994 mitra,
1313 4901 1402 4976 certi

93 5019 227 5119 acolythi
248 5035 285 5102 et
308 5007 494 5103 secretarii
530 5029 677 5126 quidam
702 5029 874 5105 sederunt
901 5029 947 5103 ad
971 5029 1157 5104 dexteram
1183 5031 1278 5126 Pape
1306 5027 1403 5102 circa
