3600 6094
132 520 205 588 [bodl
217 519 289 584 irat]
467 513 594 574 RERUM
613 514 842 574 URBANARUM
861 515 1123 576 COMMENTAHII.
1427 527 1463 581 53

131 673 256 748 effectu
285 668 585 746 consistorialiter
609 675 692 742 vota
719 670 869 744 fratrum
903 696 1011 769 super
1039 677 1218 750 contentis
1252 676 1289 748 in
1319 699 1363 749 ea
1391 677 1461 752 sint

133 798 320 896 exquisita,
342 803 377 872 ot
398 796 517 893 major
536 817 620 892 pars
644 796 884 886 consenserit,
911 805 947 870 et
968 797 1039 872 hoc
1065 801 1326 900 subscriptione
1353 803 1459 877 trium

133 921 368 998 cardinalium
384 919 487 994 unius
503 941 548 992 ex
562 917 722 1014 quolibet
737 918 862 993 ordine
887 929 1028 998 constet
1048 924 1117 1026 (ill

178 1049 282 1138 ltein,
312 1046 409 1143 quod
435 1044 639 1142 supradicta
664 1043 820 1142 capitula
841 1047 963 1120 omnia
987 1056 1022 1124 et
1047 1051 1187 1150 singula
1205 1053 1313 1128 saciet
1333 1055 1404 1152 legi
1426 1053 1463 1128 in

133 1173 348 1248 consistorio
373 1175 529 1258 secreto,
558 1177 725 1266 presente
753 1193 819 1244 sua
847 1174 1049 1264 sanctitate,
1084 1180 1197 1251 semel
1218 1180 1254 1252 in
1281 1180 1379 1252 omni
1404 1181 1464 1253 tri-

133 1301 268 1390 mestri,
290 1299 459 1374 videlicet
477 1298 513 1370 in
534 1295 651 1394 primo
672 1295 885 1370 consistorio
906 1301 1097 1396 cujuslibet
1116 1304 1323 1395 trimestris;
1345 1313 1381 1378 et
1398 1307 1463 1378 do-

133 1427 216 1501 mini
237 1423 441 1499 cardinales
461 1421 516 1498 bis
540 1421 577 1493 in
598 1445 707 1511 anne,
729 1421 893 1496 videlicet
912 1424 1074 1500 kalendis
1094 1431 1299 1502 novembris
1324 1437 1359 1502 et
1379 1431 1463 1503 maii

139 1555 275 1648 septem
315 1553 350 1624 et
382 1547 412 1620 si
443 1545 739 1636 contrafecerint,
771 1549 985 1646 congregari
1016 1551 1173 1626 debeant
1205 1551 1242 1626 in
1277 1579 1388 1628 unum
1420 1555 1465 1627 ad

134 1673 359 1748 vocationem
374 1673 483 1746 etiam
496 1670 604 1743 trium
620 1669 782 1766 priorum
802 1672 995 1768 cujuslibet
1015 1677 1150 1750 ordinis
1172 1679 1236 1751 sub
1254 1673 1349 1775 pena
1362 1671 1466 1754 exco-

133 1797 383 1873 municationis
413 1796 442 1870 si
464 1819 539 1870 non
573 1795 821 1884 convenerint,
856 1795 925 1869 nisi
959 1799 1039 1894 quis
1073 1801 1234 1899 legitime
1272 1803 1464 1900 impeditus

134 1923 250 2012 luerit,
267 1921 317 1996 ad
329 1919 538 2010 videndum,
555 1919 784 2016 cogitandum
801 1925 836 1994 et
852 1923 1192 2000 communicandum
1208 1934 1327 2000 utrum
1343 1929 1465 2004 omnin

134 2057 166 2124 et
180 2047 324 2146 singula
339 2045 544 2144 supradicta
558 2053 743 2119 serventur
756 2070 822 2143 per
836 2047 1059 2142 pontificem,
1079 2058 1114 2123 et
1130 2051 1158 2124 si
1172 2077 1245 2124 non
1262 2059 1461 2142 serventur,

134 2175 352 2248 admoneant
380 2195 464 2246 eum
496 2169 692 2260 caritative,
724 2175 759 2244 et
791 2171 890 2244 illurn
923 2173 968 2245 ad
1000 2173 1144 2248 illorum
1176 2177 1463 2250 observationem

136 2301 369 2374 exhortentur
392 2320 505 2393 usque
530 2295 576 2370 ad
604 2295 745 2368 tertium
765 2279 1069 2390 admonitionem3
1091 2299 1232 2397 ipsique
1262 2301 1464 2376 cardinales

136 2431 324 2500 teneantur
357 2423 480 2499 omnia
515 2424 706 2498 observare
738 2421 805 2494 sub
838 2445 933 2517 pena
966 2424 1363 2516 excommunicationis,
1396 2449 1465 2500 neo

136 2573 291 2648 uuquam
306 2557 430 2623 votum
445 2553 571 2622 contra
586 2545 791 2644 supradicta
810 2545 910 2636 dare,
931 2549 1144 2645 quodque-si
1161 2575 1267 2624 secus
1283 2549 1337 2623 vel
1352 2551 1467 2647 gratia

135 2677 184 2750 vel
204 2677 337 2750 timore
359 2673 511 2748 iecerint
531 2673 625 2746 ultra
647 2651 830 2745 vinculum
849 2675 1208 2766 excomunicationis,
1231 2703 1301 2773 quo
1325 2679 1466 2775 seipsos

135 2827 176 2876 ex
188 2825 285 2875 nunc
300 2801 496 2875 accedente
513 2800 621 2873 etiam
636 2797 853 2871 authoritate
873 2805 910 2870 et
932 2799 1233 2874 determinatione
1253 2802 1364 2875 futuri
1377 2826 1466 2899 pon-

137 2927 253 3016 tilicis,
272 2925 446 3023 obligant,
466 2924 630 2998 similiter
641 2919 818 3018 'quidquid
834 2944 900 3017 per
917 2922 1036 3018 ipsum
1057 2947 1238 2997 summum
1256 2926 1465 3021 pontificem

136 3063 271 3144 contra,
283 3053 340 3128 vel
351 3059 471 3150 preter
481 3049 642 3147 predicta
650 3069 877 3143 quacumque
889 3046 1026 3120 ratione
1040 3054 1161 3120 actum
1172 3050 1226 3122 vel
1236 3056 1379 3145 gestum
1389 3051 1467 3124 iue-

139 3178 191 3266 rit,
210 3179 255 3252 sit
276 3178 355 3276 ipso
371 3178 453 3275 jure
470 3175 610 3248 irritum
627 3179 663 3246 et
678 3171 784 3244 inane
805 3169 1009 3266 nulliusque
1030 3173 1205 3246 momenti
1220 3181 1254 3247 et
1270 3173 1412 3265 valoris,
1431 3185 1467 3249 et

137 3323 196 3394 pru
212 3300 348 3373 intecto
363 3298 550 3372 habeatur.
571 3297 805 3391 Pontifexque
821 3296 958 3370 futurus
974 3319 1169 3392 numquam
1185 3300 1405 3372 contrarium
1421 3303 1466 3374 ab

138 3424 186 3496 eis
208 3430 325 3522 petet;
354 3423 450 3520 qnod
478 3422 507 3494 si
532 3421 689 3518 petierit,
723 3445 767 3494 ex
798 3443 894 3494 nunc
916 3420 990 3493 vult
1009 3422 1104 3516 quod
1127 3422 1277 3498 viriliter
1300 3423 1468 3498 resistant

143 3571 205 3622 nec
217 3553 410 3622 teneantur
424 3547 460 3618 in
476 3569 519 3619 eo
537 3569 621 3618 cusu
637 3545 671 3618 ei
686 3544 848 3618 obedire.

183 3677 288 3762 Item,
314 3671 410 3768 quod
433 3671 478 3743 de
510 3669 677 3742 omnibus
706 3674 854 3765 rogetur
880 3668 1054 3760 notarim,
1086 3671 1146 3766 qui
1176 3673 1322 3770 stipulet
1345 3675 1467 3748 omnia

140 3805 172 3870 et
190 3797 329 3896 singula
349 3795 503 3894 capitula
524 3794 678 3868 nomine·
696 3819 725 3866 s.
751 3819 780 3866 r.
808 3797 848 3866 Ε.
876 3799 912 3866 et
936 3793 1028 3866 sacri
1053 3796 1195 3892 collegii
1216 3799 1464 3888 cardinalium,

140 3922 228 3995 etde
243 3921 303 3994 his
319 3921 596 3994 instrumentum
611 3923 672 3990 aut
694 3917 932 3990 instrumenta
953 3917 1073 3992 iacere
1091 3927 1126 3994 et
1145 3921 1328 4018 publicare
1345 3929 1466 4000 tenea-

140 4051 204 4136 tur,
226 4046 425 4142 cedulaque
445 4069 596 4144 presens
615 4043 671 4116 vel
692 4043 818 4116 cedule
840 4042 975 4116 similes
994 4045 1127 4135 frende,
1150 4049 1414 4145 susbcriptione
1431 4058 1467 4124 et

141 4171 250 4270 sigillo
278 4171 416 4246 anulari
442 4171 551 4244 futuri
577 4169 759 4268 pontificis
790 4169 1000 4258 muniende‚
1028 4169 1184 4243 babeant
1209 4172 1281 4244 vim
1309 4174 1404 4249 bulle
1430 4177 1466 4247 in

141 4319 218 4369 casu
238 4320 310 4393 quo
332 4297 377 4368 ad
396 4295 552 4368 triduum
566 4301 648 4392 post
662 4295 935 4370 coronationem
950 4319 1023 4368 non
1038 4295 1178 4368 dederit
1194 4320 1296 4370 sacro
1313 4299 1465 4395 collegio

141 4429 206 4496 tres
243 4423 359 4496 bullas
402 4422 600 4495 secundum
637 4427 802 4494 tenorem
840 4420 1168 4518 suprascriptorum
1211 4422 1463 4518 capitulorum,

143 4555 241 4644 prout
254 4549 294 4621 in
308 4547 463 4645 capitulo
478 4547 610 4644 prime,
625 4547 697 4621 sive
714 4549 852 4644 premio
869 4549 1085 4622 continetur.

186 4680 288 4764 Item,
315 4673 410 4770 quod
436 4672 506 4745 bec
531 4671 652 4744 omnia
672 4677 707 4746 et
727 4673 866 4771 singula
883 4671 1077 4746 ratificabit
1097 4677 1132 4745 et
1149 4658 1361 4768 approbabit
1382 4681 1464 4748 ante

145 4797 418 4896 publicationem
446 4795 633 4869 electionis
663 4820 740 4886 sue,
771 4797 951 4872 mediante
982 4797 1202 4895 provisione,
1232 4804 1328 4890 voto,
1365 4801 1465 4896 jurn-

141 4931 255 5000 mento
288 4947 330 4997 ac
365 4920 627 5018 subscriptione
666 4946 730 4997 sua
759 4923 796 4996 in
819 4924 887 4997 hae
909 4925 1025 4998 forma
1054 4953 1071 4992 α
1098 4926 1173 5021 Ego
1198 4926 1241 4998 N.
1269 4925 1406 4998 electus
1430 4933 1466 5000 et

174 5125 198 5182 l.
217 5125 314 5183 Unius.
325 5154 357 5166 -
369 5123 682 5197 blanquedansRinaldi
697 5132 725 5182 et
738 5125 808 5182 dans
823 5127 932 5184 tousles
943 5143 1010 5184 mss.
1021 5125 1085 5184 saul
1099 5125 1123 5184 le
1134 5127 1213 5204 Cbigi
1224 5135 1251 5186 et
1261 5129 1284 5186 le
1300 5146 1365 5186 mss.
1383 5129 1462 5184 5521.

176 5215 202 5270 2.
221 5212 329 5271 Rinsldi
340 5211 455 5272 termine
469 5215 505 5272 iri
519 5233 570 5274 son
584 5215 683 5273 extrait
696 5216 729 5272 de
746 5215 896 5272 Burcbard.
