3600 6094
123 481 205 550 [tout
219 479 287 548 liat]
468 479 595 538 RERUM
613 480 841 540 UHBANARUM
861 481 1122 542 COMMENTAHH.
1423 495 1460 550 55

120 639 378 726 tractarentur,
397 659 465 734 ego
480 635 526 708 ab
541 635 619 710 aliis
636 636 863 710 conclavistis
885 637 975 710 meis
997 646 1155 736 rogatus,
1180 641 1250 715 feci
1270 666 1335 740 pro
1356 645 1460 720 nobis

121 762 292 838 omnibus
313 762 469 836 rotulum
481 787 555 860 per
576 762 735 836 futurum
757 762 965 860 pontificem
985 764 1089 836 nobis
1115 764 1328 862 signandum
1352 793 1460 864 quem

118 889 191 964 hoc
208 911 331 978 mane,
355 887 466 962 missa
480 888 599 979 finita,
617 893 700 964 ante
723 887 961 985 capitulorum
980 889 1202 986 prefatorum
1218 888 1264 990 (f)
1282 893 1462 992 subscrip-

123 1015 278 1104 tionem,
305 1014 449 1090 RRmis.
475 1017 552 1088 ΠΙ).
581 1014 823 1088 cardinalibus
847 1013 884 1086 in
906 1013 1003 1088 dicta
1023 1017 1187 1113 cappella
1212 1016 1248 1090 in
1272 1018 1347 1092 suis
1370 1021 1461 1094 locis

122 1139 349 1230 sedentibus,
376 1139 497 1213 ascitis
521 1139 609 1214 mihi
632 1139 745 1214 tribus
767 1162 832 1212 seu
860 1144 1012 1234 quatuor
1031 1164 1075 1214 ex
1095 1141 1336 1234 conclavistiS,
1361 1151 1459 1218 stans

117 1265 219 1340 circa
255 1289 432 1356 mensam,
471 1273 509 1340 ut
552 1289 673 1362 supra,
711 1271 886 1362 paratam,
923 1267 1116 1340 summarie
1149 1270 1319 1366 proposui
1348 1273 1457 1344 verbo

115 1391 282 1466 omnium
315 1391 464 1466 nomine
503 1390 708 1489 supplicans
747 1395 785 1462 ut
818 1388 1018 1464 cardinales
1052 1390 1118 1488 ipsi
1152 1417 1218 1488 per
1250 1417 1317 1466 nos
1345 1395 1457 1492 petita

112 1517 309 1594 admittere
330 1541 397 1614 per
416 1518 574 1592 futurum
593 1514 803 1614 pontificem
826 1515 1001 1611 signanda
1027 1521 1062 1590 et
1087 1517 1308 1592 observanda
1334 1519 1458 1616 digna-

108 1649 252 1716 rentur.
287 1642 485 1740 Respondit
514 1641 629 1740 primo
663 1639 979 1744 vicecancellarius
1009 1649 1046 1715 et
1082 1643 1286 1716 successive
1326 1667 1453 1720 omnes

108 1767 170 1840 alii
190 1797 209 1834 «
231 1765 367 1857 Placet,
388 1795 405 1832 »
424 1771 577 1864 excepto
593 1770 697 1838 Rmo.
717 1768 758 1840 D.
775 1764 955 1840 cardinale
973 1789 1003 1838 s.
1023 1765 1149 1854 Marci,
1168 1766 1229 1862 qui
1246 1752 1451 1863 respondit:

111 1893 168 1966 Dc
192 1893 353 1966 honestis
365 1893 494 1989 placet.
524 1892 674 1978 Quidam
698 1915 742 1965 ex
767 1890 994 1964 conclavistis
1018 1889 1186 1964 volebant
1207 1911 1229 1962 a
1248 1913 1306 1964 me
1328 1895 1453 1987 petere

107 2019 207 2114 quod
225 2017 355 2114 singuli
372 2017 574 2091 cardinales
590 2018 627 2090 in
647 2018 764 2090 rotulo
781 2041 819 2090 se
838 2016 1122 2104 subscriberent,
1140 2017 1203 2088 sed
1216 2039 1300 2090 cum
1317 2017 1352 2089 id
1368 2015 1455 2090 milri

111 2149 147 2216 et
163 2143 329 2240 pluribus
348 2143 427 2216 aliis
448 2165 522 2216 non
542 2143 723 2218 videretur
742 2144 936 2216 honestum
966 2141 1063 2238 quod
1085 2141 1203 2214 verbis
1219 2143 1454 2216 cardinalium

111 2291 186 2340 non
209 2269 457 2358 crederemuS,
481 2271 591 2343 verbo
616 2292 680 2342 suo
708 2269 880 2342 satisfacti
909 2267 1052 2340 fuimus.
1085 2270 1205 2340 Tenor
1232 2289 1316 2339 vero
1347 2266 1454 2339 rotuli

111 2399 273 2491 ponetur
287 2393 379 2466 infra
393 2399 475 2492 post
489 2393 669 2492 pontificis
685 2393 981 2490 assumptionem.

153 2516 379 2613 Subscriptio
408 2516 518 2614 igitur
546 2519 723 2616 capitulis,
755 2524 794 2591 ut
827 2541 935 2615 supra
970 2517 1106 2592 dictum
1140 2523 1207 2605 est,
1236 2517 1338 2614 jussu
1367 2539 1449 2588 meo

110 2667 243 2716 omnes
277 2641 494 2716 conclaviste
524 2642 663 2716 iverunt
696 2643 741 2718 ad
771 2667 940 2739 magnam
974 2643 1187 2740 cappellam,
1224 2641 1389 2714 similiter
1417 2645 1453 2713 et

108 2769 264 2843 sacrista
295 2773 332 2841 et
354 2768 494 2864 collega
520 2791 622 2841 meus
651 2768 710 2864 qui
738 2792 809 2840 una
843 2793 988 2842 mecum
1013 2769 1145 2841 ostium
1169 2768 1263 2840 dicte
1290 2765 1451 2863 cappella

110 2891 262 2991 majoris
291 2892 481 2966 servabant
510 2893 691 2966 abintus.
725 2893 850 2966 anmi.
883 2897 958 2966 DI).
998 2893 1199 2966 cardinales
1228 2892 1294 2964 soli
1325 2913 1451 2963 omnes

109 3025 325 3096 manserunt
353 3017 390 3090 in
414 3017 578 3116 cappella
601 3019 755 3092 minore.
780 3023 870 3094 Tum
896 3017 1021 3091 RRmi.
1041 3020 1116 3091 bb.
1134 3014 1451 3089 vicecancellarius

111 3145 384 3242 episcoporum,
412 3139 691 3218 Mediolanensis
716 3145 1011 3242 presbyterorum
1032 3147 1068 3214 et
1088 3140 1258 3214 Senensis
1283 3139 1451 3210 diacono-

112 3295 192 3344 rum
226 3268 461 3342 cardinalium
491 3269 645 3366 priores,
678 3275 912 3344 accesserunt
940 3268 984 3340 ad
1010 3288 1156 3364 parvam
1184 3263 1342 3337 tabulam
1366 3265 1448 3334 ante

112 3399 243 3485 altare,
274 3400 313 3468 ut
341 3417 461 3492 supra,
492 3404 667 3492 paratam,
700 3404 736 3470 et
764 3397 812 3469 ibi
843 3397 879 3468 in
902 3393 971 3468 illis
995 3394 1109 3468 tribus
1131 3390 1298 3464 scabellis
1317 3411 1448 3462 conse-

112 3523 260 3612 derunt,
278 3543 385 3592 renes
403 3521 506 3595 altari
527 3528 563 3595 et
577 3523 688 3595 facies
708 3521 786 3594 aliis
808 3517 1048 3592 cardinalibus
1070 3520 1264 3602 vertentes,
1285 3511 1449 3586 vicecan-

112 3649 280 3724 cellarius
298 3651 452 3739 medius,
469 3651 513 3724 ad
530 3651 608 3747 ejus
630 3649 816 3721 dexteram
841 3642 1121 3718 Mediolanensis
1148 3639 1247 3714 etad
1267 3639 1447 3712 sinistram

112 3775 299 3865 Senensis,
329 3775 403 3864 ubi,
428 3773 513 3872 ipsis
542 3797 584 3846 ac
614 3771 693 3844 aliis
723 3769 890 3842 omnibus
920 3765 1159 3840 cardinalibus
1188 3763 1225 3836 in
1255 3763 1328 3836 suis
1358 3761 1448 3835 locis

110 3901 318 3974 sedentibus
347 3899 384 3972 in
414 3899 571 3986 silentio,
603 3901 726 3969 Rmus.
759 3898 802 3967 D.
834 3891 1148 3966 vicecancellarius
1177 3889 1302 3987 paucis
1330 3887 1449 3962 verbis

112 4026 322 4100 exhortatus
353 4031 408 4100 est
437 4023 651 4108 cardinales
683 4043 765 4092 cum
799 4042 864 4116 pro
899 4017 1076 4091 electione
1107 4015 1237 4088 summi
1267 4013 1447 4111 pontificis

114 4150 325 4249 congregati
350 4156 485 4241 essent,
511 4155 548 4222 ut
572 4149 721 4246 quisque
744 4146 903 4244 cogitare
929 4145 1034 4218 vellet
1063 4143 1198 4239 eligere
1224 4140 1339 4238 magis
1368 4140 1447 4212 ido-

142 4395 171 4452 1.
192 4395 282 4469 Apes
298 4391 375 4449 avoir
387 4393 515 4446 enumera
527 4407 573 4446 ces
590 4387 705 4456 articles,
718 4386 827 4444 Rinaldi
837 4385 928 4460 ajoute
944 4401 951 4440 :
969 4405 982 4434 v
993 4380 1128 4438 Nonnulla
1141 4397 1175 4436 ex
1190 4379 1223 4436 iis
1236 4397 1297 4454 que
1310 4377 1444 4452 pollicitus

111 4491 283 4541 sacramento
298 4489 341 4539 est
356 4481 519 4556 spectabant
542 4481 576 4536 ad
595 4478 766 4536 retinendam
787 4476 891 4551 imperii
913 4471 1090 4529 ecclesiastici
1114 4470 1285 4543 majestatem
1305 4475 1357 4524 etc.
1382 4467 1443 4523 Alia

111 4591 172 4630 vero
193 4573 229 4630 ab
244 4571 403 4629 innocentio
417 4571 554 4645 promissa
568 4569 595 4626 in
607 4567 784 4625 cardinalium
796 4565 950 4636 comodum,
967 4563 1075 4618 detorta
1090 4567 1176 4629 erant,
1197 4576 1250 4632 qua
1264 4575 1326 4614 cum
1346 4564 1441 4614 contra

111 4662 148 4719 fas
162 4669 300 4720 conventa
318 4667 422 4730 essent,
437 4660 464 4716 in
479 4657 615 4733 aliquibus
630 4657 810 4730 infringendis
825 4654 956 4727 religione
982 4667 1012 4706 se
1034 4649 1144 4704 minimo
1162 4647 1248 4704 teneri
1276 4647 1391 4720 putavit,
1408 4655 1437 4705 ut

109 4751 270 4808 videbimus.
287 4772 302 4802 a
318 4749 428 4804 Annot.
441 4749 532 4816 Ecet,
545 4753 565 4803 t.
581 4745 670 4815 XXX,
681 4763 708 4819 p.
719 4747 765 4802 70.

141 4843 192 4898 bes
207 4841 358 4898 eardinoux
373 4839 498 4896 faieoient
513 4837 637 4894 d'autant
660 4835 747 4891 moins
766 4833 897 4890 difficule
920 4831 955 4888 de
970 4829 1065 4903 signer
1079 4843 1125 4882 ces
1139 4824 1248 4883 articles
1262 4845 1316 4901 que
1330 4827 1435 4883 chacun

110 4930 185 4988 d'eux
201 4949 231 4988 sa
247 4929 469 5003 saraittoujoura
484 4946 517 4984 en
539 4927 610 4982 droit
628 4927 661 4982 de
684 4943 719 4982 ne
741 4943 790 4999 pas
815 4924 854 4980 les
879 4926 1016 4984 executor,
1038 4935 1091 4974 une
1110 4917 1162 4973 fois
1181 4917 1224 4973 alu
1248 4917 1333 4990 Pape,
1356 4935 1390 4972 en
1407 4935 1436 4972 se

110 5021 220 5077 fondant
231 5039 280 5078 sur
291 5021 318 5076 la
331 5019 453 5076 decision
468 5019 629 5074 d'lnnocent
651 5015 698 5084 Vl,
714 5015 761 5089 qui
781 5014 854 5071 avait
866 5014 972 5068 declara
993 5009 1082 5066 nulles
1105 5015 1132 5064 et
1146 5026 1201 5064 non
1215 5024 1335 5064 avenues
1346 5013 1437 5064 tontes

112 5107 148 5166 les
162 5109 340 5168 conventione
355 5113 475 5164 arretees
489 5107 588 5163 durant
603 5107 629 5162 la
648 5121 767 5162 vacanoe
782 5105 818 5159 du
834 5099 913 5159 Saint
928 5101 1010 5173 Siegc
1026 5099 1072 5172 qui
1087 5096 1254 5156 tendaienta
1267 5097 1438 5152 contraindre

114 5215 146 5254 ou
159 5203 175 5256 a
186 5201 321 5258 diminuet
335 5199 470 5257 l'auvorite
484 5201 521 5256 du
537 5195 686 5256 Souverain
703 5195 819 5252 Pontife.
831 5195 912 5268 (Voy.
928 5193 990 5267 plus
1006 5193 1073 5248 baut
1087 5207 1152 5264 pag.
1170 5191 1213 5259 tl,
1232 5197 1296 5246 note
1311 5188 1349 5260 f.)
