3422 6034
75 423 251 490 ttcuriertlbtt]
379 420 505 480 RERUM
531 421 758 482 UllBANARUbl
785 422 1047 482 COMMENTARII.
1328 431 1381 488 379

76 579 163 654 tentis
186 583 221 653 et
241 583 364 654 Rmus.
389 577 579 652 cardinalis
608 577 779 654 Senensis
802 577 891 651 dixit
922 580 1162 676 evangelium,
1189 581 1376 680 epistolem

74 729 140 780 rero
162 703 307 779 letinam
337 708 380 778 D.
412 703 591 778 Mattheus
624 704 710 778 Cibo
737 704 979 778 subdiaconus
1006 707 1240 804 apostolicus
1271 732 1379 782 even-

72 831 184 928 gelium
206 831 311 904 breve
336 829 423 902 dixit
448 833 490 902 u.
521 828 557 900 in
587 828 728 922 Christo
750 833 790 902 P.
820 834 855 904 et
882 833 925 903 D.
954 830 1157 906 Alexander
1185 833 1377 931 episcopus

69 956 319 1044 Archedicnsis3
336 956 524 1054 epistolem
539 979 624 1031 vero
642 959 684 1030 D.
702 955 887 1028 lohannes
900 957 1140 1031 Laurentinus
1156 959 1201 1032 de
1213 960 1377 1038 Venetiis

17 1163 19 1174 ,
69 1081 257 1158 secretarius
283 1080 514 1180 apostolicus.
542 1085 681 1177 dquam
702 1079 879 1154 dederunt
904 1105 912 1154 :
934 1081 1065 1178 primo,
1090 1082 1243 1158 Stortius
1261 1108 1376 1182 nepos

68 1209 124 1282 sire
141 1230 330 1305 germanus
351 1206 444 1281 Rmi.
465 1211 508 1281 D.
527 1205 719 1281 cardinalis
736 1205 895 1298 Ascanii,
913 1208 1087 1301 secundo,
1112 1215 1236 1286 orator
1253 1215 1376 1288 Vene-

70 1341 187 1422 torum3
204 1333 323 1424 tertio,
341 1337 382 1408 D.
396 1333 580 1407 lohannes
594 1332 638 1406 de
651 1331 785 1406 Stadeu
795 1331 900 1406 miles
916 1340 953 1407 et
964 1335 1091 1409 doctor
1103 1342 1226 1411 orator
1241 1336 1374 1434 Ligher

67 1484 90 1531 s.
106 1459 235 1556 Georgii
263 1459 491 1550 alemannus,
514 1458 698 1556 quendem
714 1466 862 1533 senator
881 1459 998 1534 Urbis.
1016 1460 1133 1535 Finita
1148 1461 1272 1554 misse,
1295 1486 1375 1537 oar-

66 1581 173 1654 dinalis
196 1582 386 1656 Sernensis
407 1581 600 1680 publicavit
622 1580 803 1678 plenarias
827 1581 1070 1681 indulgentias
1083 1609 1149 1684 per
1163 1587 1374 1685 pontificem

64 1706 342 1781 interessentibus
367 1731 573 1782 concessos.
595 1711 686 1780 'lum
710 1708 885 1805 pontifex,
913 1711 1070 1786 dimisso·
1081 1713 1119 1786 iu
1132 1714 1234 1789 elteri
1249 1717 1371 1813 pellio,

65 1831 149 1904 rediit
164 1832 206 1905 ed
220 1832 409 1929 peletium,
426 1833 625 1908 associatus
641 1859 663 1908 a
677 1834 917 1910 cardinalibus
932 1837 969 1910 in
985 1862 1111 1914 eorum
1122 1842 1246 1940 ceppis
1260 1867 1373 1940 usquc

62 1957 97 2029 ed
116 1963 249 2054 portem
276 1983 306 2031 s.
338 1958 432 2033 Petri
458 1959 517 2033 ubi
546 1959 787 2034 cardinalibus
808 1961 989 2056 omuibus,
1011 1965 1177 2061 palatinis
1200 1967 1369 2066 demptis,

62 2081 140 2154 dedit
157 2083 353 2160 licentiam.

100 2207 258 2301 Sabbato,
284 2215 330 2284 26
352 2209 570 2303 decembris,
601 2212 734 2286 testum
757 2236 787 2286 s.
816 2212 989 2310 Stepbeni
1016 2217 1304 2315 protomartyris,
1324 2223 1368 2292 D.

61 2333 229 2408 canlinalis
261 2361 292 2409 s.
325 2335 514 2411 Auestesie
550 2336 742 2411 celebravit
776 2336 925 2412 missem
957 2339 1140 2436 publicam
1167 2340 1204 2414 in
1232 2341 1370 2438 capella

62 2462 175 2556 majore
194 2461 316 2560 palatii
331 2463 517 2559 apostolici
532 2463 741 2560 supradicti,
759 2467 856 2561 Pepe
867 2471 1054 2562 presente,
1073 2473 1109 2539 et
1124 2466 1233 2541 etiam
1249 2469 1371 2543 omnio

61 2610 143 2660 more
166 2587 271 2662 solito
301 2593 385 2661 suut
411 2587 610 2664 observate.
640 2583 812 2666 Nonluit
835 2615 955 2666 sermo
981 2592 1064 2689 quie
1088 2597 1131 2666 D.
1159 2595 1369 2671 Dominicus

61 2712 165 2786 Calvus
183 2712 383 2788 Brixiensis
398 2713 459 2811 qni
475 2715 519 2788 ed
533 2715 605 2790 hoc
620 2716 805 2791 ordinatus
821 2717 938 2794 lueret
956 2725 1122 2795 uoueret
1138 2721 1175 2794 in
1192 2721 1286 2797 Urbe
1303 2725 1367 2798 sed

62 2837 171 2913 brixic.

100 2963 291 3057 Dominice,
311 2964 453 3040 ardisti
469 2966 604 3042 mensis
618 2967 834 3060 decembris,
853 2973 979 3046 Rmus.
993 2975 1038 3047 D.
1053 2971 1243 3049 cardinalis
1255 2977 1369 3051 Bene-

61 3095 211 3165 ventanus
235 3091 431 3167 celebravit
454 3092 603 3168 missam
628 3094 810 3191 publicem
837 3097 1038 3172 solemnem
1060 3099 1097 3173 in
1123 3101 1260 3198 cepeNe
1283 3126 1367 3199 pre-

60 3212 149 3304 dicte,
166 3220 262 3316 Pepe
274 3225 443 3315 presente
464 3219 502 3292 in
523 3243 594 3316 qua
609 3219 732 3294 omnia
746 3220 935 3296 observete
951 3231 1033 3298 sunt
1052 3248 1154 3300 more
1175 3233 1363 3302 consueto.

59 3340 123 3412 Nou
137 3341 197 3417 luit
213 3365 350 3434 sermo,
366 3343 452 3417 licet
465 3343 669 3418 intimatum
685 3351 782 3420 esset
798 3350 840 3420 R.
858 3345 896 3419 in
917 3347 1059 3424 Christo
1076 3353 1116 3424 P.
1134 3352 1178 3424 D.
1198 3351 1367 3447 Bergium

59 3469 249 3569 episcopum
260 3471 715 3548 CeNicensemsermonem
727 3472 934 3547 habiturum
951 3501 958 3546 :
975 3473 1164 3550 namidem
1176 3477 1367 3576 episcopus

59 3591 94 3664 de
118 3595 337 3672 intimatione
365 3597 572 3695 hujusmodi
601 3597 796 3696 plurimum
824 3598 994 3673 admirari
1019 3598 1108 3672 dixit
1137 3607 1173 3675 et
1205 3625 1257 3692 se,
1281 3626 1367 3699 erga

60 3720 192 3797 RRmos.
210 3727 288 3798 DD.
308 3723 507 3798 cardinales
528 3722 589 3820 qui
605 3747 712 3820 super
726 3724 797 3798 boc
814 3724 881 3798 sibi
896 3723 1046 3799 verbum
1059 3725 1239 3819 lecerunt,
1261 3751 1368 3802 excu-

59 3844 142 3937 savit,
163 3847 286 3925 dicens
307 3873 515 3926 sermonem
536 3849 655 3946 ipsum
680 3849 820 3947 pridem
841 3849 999 3946 primum
1024 3851 1091 3924 sibi
1112 3851 1226 3929 luisse
1245 3854 1366 3928 distri-

60 3965 165 4048 butum
186 3983 221 4050 et
233 3983 429 4075 propterea
441 3976 561 4075 ipsum
577 3974 736 4050 noluisse
752 3984 956 4074 acceptare.

98 4226 406 4303 ttceeeuxxxx.
424 4229 771 4320 Indictioneoetave,
783 4229 841 4302 die
856 4229 1025 4303 venerisl
1044 4229 1181 4304 mensis
1191 4231 1362 4329 januarii,

60 4345 171 4424 testum
180 4353 478 4444 circumcisionis,
490 4359 533 4429 D.
549 4359 592 4429 N.
606 4355 1097 4452 InnocentiipapeVIllauno
1109 4361 1225 4446 sexte,
1237 4361 1360 4431 Rmus

59 4473 92 4544 D.
109 4479 289 4553 cardinalis
304 4479 503 4554 Aleriensis
518 4481 556 4554 in
575 4480 714 4577 cepello
733 4481 899 4578 predicta
913 4481 1109 4556 celebrevit
1128 4482 1276 4555 missam
1295 4507 1363 4579 pu-

43 4595 168 4677 blicam
183 4607 398 4697 solemnem,
416 4609 478 4681 SS.
497 4613 540 4681 D.
559 4611 601 4681 N.
620 4613 790 4704 presente
809 4632 817 4680 :
837 4607 927 4682 dixit
942 4614 1081 4682 tentum
1101 4631 1211 4682 unem
1227 4609 1362 4682 oratio·
1463 4661 1468 4668 ·

57 4746 138 4816 uem,
155 4737 188 4805 et
203 4733 273 4806 elie
284 4757 386 4807 more
403 4733 521 4807 solito.
539 4736 619 4807 Non
639 4733 704 4808 luit
720 4757 841 4808 sermo
855 4734 939 4830 quie
954 4733 1099 4832 quidem
1114 4733 1287 4830 hispanus
1303 4735 1359 4808 cui

56 4847 244 4934 distributus
263 4867 339 4934 eret
355 4860 499 4933 absens.

95 4981 170 5054 Heri
185 4985 327 5060 luerunt
344 5009 495 5083 vespere
512 4985 694 5058 solemnes
710 4983 746 5057 in
762 4983 890 5057 eadem
909 4983 1059 5080 capelle,
1082 4988 1179 5082 Papa
1189 4993 1360 5083 presente

57 5105 85 5171 e
103 5103 249 5184 cilicium
274 5117 420 5208 egente,
447 5101 758 5200 more'consueto;
774 5109 903 5206 quibus
918 5109 1042 5201 linitis,
1062 5111 1125 5183 SS.
1144 5115 1187 5184 D.
1210 5114 1253 5185 N.
1272 5111 1360 5186 dixit
