3600 6094
132 397 216 459 [itaut
233 396 303 461 ital]
473 397 600 455 RERUM
624 397 853 454 URBANARUM
879 395 1142 456 COMMENTARH.
1442 401 1476 456 15
1552 353 1554 356 Ι

186 551 295 624 Feria
314 551 435 640 tertia,
461 557 502 624 17
524 552 659 626 mensis
680 551 835 646 augusti,
857 556 979 626 RmuS.
1003 557 1047 628 D.
1063 549 1261 627 Rodericus
1281 553 1473 651 episcopus

134 674 366 765 Porlucnsis,
383 699 413 747 s.
430 700 459 748 r.
473 679 513 748 Ε.
528 675 857 767 vicecancellarius,
874 677 974 772 prior
986 678 1241 774 episcoporum
1255 701 1296 752 ac
1311 678 1472 752 omnium

134 797 449 888 cardinalium-in
473 801 622 874 basilica
641 801 756 875 sancti
778 801 887 892 Petri,
908 803 945 874 in
964 803 1064 876 altari
1084 803 1189 876 beato
1211 803 1323 876 llario
1343 829 1472 901 snpra-

133 927 237 1000 dicto
252 926 617 1028 celebravitprimam
633 927 781 999 missam
796 927 977 1023 publicam
996 926 1250 1000 detunctorum
1271 951 1336 1024 pro
1352 931 1473 1004 anima

134 1052 234 1126 bone
270 1053 446 1126 memorie
486 1053 572 1126 Sixti
613 1075 704 1149 pape
741 1053 872 1148 quarti,
907 1053 1122 1126 ceremoniis
1158 1053 1352 1126 cousualis.
1387 1058 1471 1130 Post

134 1179 303 1270 missam,
318 1177 497 1274 generalis
513 1179 650 1252 ordinis
664 1178 777 1252 sancti
791 1178 982 1275 Augustini
998 1177 1082 1252 lecit
1096 1201 1325 1252 sermonem:
1342 1183 1468 1256 RRmi.

135 1308 215 1377 DD.
250 1304 507 1401 Neapolitanus
542 1311 578 1379 el
614 1303 729 1377 sancli
762 1303 871 1376 Marci
907 1303 1081 1400 episcopi,
1119 1303 1399 1378 Mediolanensis
1434 1312 1471 1380 et

132 1429 416 1504 matisconensis
431 1429 631 1528 presbyteri
651 1427 866 1518 cardinales,
883 1451 1052 1501 unacum
1073 1428 1279 1502 celebrante
1302 1429 1470 1507 absolva-

132 1561 223 1629 runt
240 1577 341 1629 more
358 1563 546 1630 consueto.
561 1555 804 1630 lntcrluerunt
817 1553 941 1626 RRmi.
960 1557 1035 1626 Dll.
1051 1554 1316 1646 UlixbonensiS,
1333 1557 1470 1632 Recha-

133 1682 312 1772 nalensis,
335 1683 535 1779 agriensis,
565 1681 680 1756 sancti
701 1679 909 1770 Clementis,
936 1680 1130 1776 Aragonia,
1158 1680 1202 1755 de
1227 1685 1396 1773 Foscaro,
1424 1684 1468 1759 de

132 1807 349 1900 Comitibus,
380 1809 639 1900 Gerundensis,
671 1806 895 1896 Parmensis,
924 1805 1149 1904 presbyteri3
1183 1810 1297 1882 sancti
1325 1811 1469 1908 Georgii

132 1933 239 2008 etde
264 1934 413 2026 Ursinis,
437 1935 578 2009 diaconi
599 1931 812 2020 cardinales,
834 1931 927 2006 ultra
946 1931 1035 2004 alios
1058 1931 1216 2029 quinque
1241 1936 1467 2032 supradictos

130 2059 197 2155 qui
220 2060 257 2131 in
275 2061 430 2133 ecclesia
447 2060 521 2133 suis
540 2059 630 2133 locis
647 2057 834 2132 sedebunt.
858 2055 1031 2129 Homines
1052 2055 1206 2154 lugubre
1227 2059 1344 2134 vestiti
1362 2061 1467 2136 luera

130 2209 290 2260 numero
307 2191 377 2260 300
392 2186 569 2260 velcirca.
615 2189 617 2194 ’

186 2313 291 2387 Feria
306 2320 446 2409 quarta,
468 2317 511 2386 18
533 2313 690 2410 augusti,
712 2317 837 2385 Rmus.
857 2313 898 2384 D.
916 2309 1107 2385 cardinalis
1128 2311 1313 2408 Agriensis
1327 2312 1364 2386 iu
1383 2313 1465 2389 loco

131 2437 345 2536 supradicto
366 2438 560 2513 celebravit
578 2439 727 2512 missam
745 2417 926 2534 publicam
945 2459 1011 2533 pro
1028 2435 1149 2509 anima
1166 2436 1281 2510 salicis
1297 2439 1466 2514 recorda·

133 2563 245 2636 lionis
268 2563 357 2636 Sixti
377 2563 530 2659 predicti
551 2590 558 2635 :
584 2571 666 2659 post
686 2564 847 2654 missam,
868 2561 1020 2636 absolvit
1040 2561 1117 2659 ipse
1138 2545 1221 2636 cum
1247 2571 1402 2661 quatuor
1421 2589 1466 2642 ex

132 2685 449 2760 reverendissimis
465 2683 621 2759 dominis
636 2686 858 2784 presbyteris
874 2687 1131 2762 cardinalibus.
1361 2673 1363 2680 ’

181 2810 287 2885 Faria
310 2812 447 2908 quinta,
469 2816 511 2887 19
535 2813 670 2886 mensis
688 2813 845 2910 augusti,
861 2813 898 2885 in
918 2813 1021 2888 altari
1043 2814 1249 2912 supradicto
1271 2819 1395 2890 Rmus.
1419 2820 1462 2892 D.

127 2936 328 3012 cardinalis
353 2939 629 3012 blatisoonensis
648 2938 850 3014 'celebravit
871 2939 1020 3013 missam
1047 2940 1229 3038 publicam
1256 2965 1322 3039 pro
1346 2930 1467 3016 anima

128 3061 314 3160 ejusdem,
340 3069 376 3137 cl
399 3069 483 3160 post
501 3063 650 3137 missam
671 3064 823 3138 absolvit
838 3065 914 3162 ipse
933 3089 1016 3138 cum
1032 3071 1185 3162 quatuor
1202 3065 1281 3138 aliis
1302 3090 1347 3139 ex
1366 3089 1466 3144 reve·

127 3187 360 3261 rendissimis
373 3188 530 3263 dominis
545 3190 768 3287 presbyteris
785 3189 1042 3262 cardinalibus.
1071 3169 1094 3238 s
1204 3197 1206 3205 '
1375 3173 1379 3180 ’

182 3312 287 3385 Faria
305 3317 418 3400 sexta,
440 3317 486 3384 20
510 3314 668 3409 augusti,
691 3314 728 3386 in
755 3314 885 3388 eodem
909 3314 1027 3406 altari,
1051 3319 1175 3387 Rmus.
1199 3319 1241 3388 D.
1268 3301 1461 3390 cardinalis

128 3435 388 3510 Ulixbonensis
415 3437 609 3512 celebravit
630 3439 781 3512 missam
806 3439 988 3536 publicam
1013 3463 1079 3537 pro
1095 3439 1216 3512 anima
1243 3441 1409 3539 ejusdem
1430 3450 1466 3518 et

126 3569 215 3659 posl
240 3563 401 3652 missam,
426 3563 577 3638 absolvit
608 3564 685 3663 ipse
710 3589 794 3638 oum
809 3569 966 3662 quatuor
987 3563 1066 3638 aliis
1091 3587 1135 3638 ex
1151 3551 1465 3642 reverendissimis

130 3687 291 3762 dominis
307 3689 526 3789 presbyteris
543 3689 799 3765 cardinalibus.

182 3812 353 3904 Sabbata,
383 3820 423 3888 21
452 3815 609 3913 augusti,
633 3815 669 3890 in
696 3817 799 3892 altari
825 3816 1029 3914 supradicto
1055 3807 1248 3890 Rmus.'l).
1274 3799 1466 3892 cardinalis

131 3941 341 4014 Parmensis
370 3941 566 4016 celebravit
596 3939 745 4015 missam
773 3942 954 4039 publicam
981 3965 1047 4038 pro
1077 3944 1198 4019 anima
1224 3925 1403 4043 ejusdem,
1430 3953 1467 4023 et

126 4071 213 4161 post
237 4065 386 4138 missam
412 4067 567 4141 absolvit
591 4067 668 4165 ipse
696 4073 779 4141 cum
807 4046 961 4164 quatuor
984 4067 1062 4142 aliis
1087 4094 1131 4143 ex
1155 4047 1466 4146 reverendissimis

128 4189 389 4265 cardinalibus.
1241 4173 1269 4182 Η
1376 4175 1379 4182 ’

183 4315 387 4407 Dominica,
406 4323 450 4392 22
468 4320 624 4417 augusti,
641 4319 677 4392 iu
691 4319 935 4426 eodemaltari
951 4327 1073 4426 Rmus.
1092 4323 1258 4396 dominus
1274 4323 1464 4430 cardinalis

126 4441 318 4541 Agriensis
334 4442 530 4520 celebravit
543 4447 692 4519 missam
712 4445 893 4550 publicam
909 4473 975 4546 pro
996 4449 1118 4523 anima
1133 4449 1310 4547 ejusdem,
1328 4457 1364 4554 et
1382 4455 1465 4544 post

128 4735 203 4792 niere
219 4734 341 4808 depeohe
355 4736 392 4792 du
410 4737 443 4792 18
453 4741 528 4806 aaut,
544 4735 679 4811 Vespucci
703 4739 803 4796 mande
821 4741 837 4794 a
852 4727 1134 4813 s'on'gouvernement
1148 4739 1188 4796 les
1201 4739 1344 4797 tentativae
1361 4740 1395 4798 de
1409 4759 1467 4800 co·-

128 4825 238 4899 ruption
252 4823 332 4882 lailes
348 4843 396 4882 sur
410 4843 454 4883 ses
475 4825 614 4901 collegues
628 4843 678 4901 par
698 4825 816 4884 Roderic
834 4829 944 4902 Borgia,
969 4828 1016 4902 qui
1039 4828 1150 4902 aspirait
1170 4833 1186 4884 d
1208 4828 1236 4886 la
1250 4829 1406 4887 succession
1431 4832 1464 4888 de

152 4915 157 4924 '
222 4915 272 4970 lV.

126 4917 234 5080 Sllliy.
252 4921 328 5062 atlssi
343 5007 483 5063 lnlessura
498 5007 623 5080 (Eccard,
638 5013 658 5063 t.
671 5007 705 5076 ll,
718 5005 768 5063 col.
783 5009 851 5063 1942
866 5013 892 5064 et
906 5007 988 5081 suiv.)
999 5015 1026 5064 et
1036 5006 1060 5066 le
1073 5009 1176 5066 Diario
1191 5011 1224 5064 di
1234 5010 1324 5066 Roma
1335 5011 1382 5067 det
1392 5009 1461 5064 Not·

128 5098 176 5152 del
190 5097 383 5170 Nantiporto,
400 5097 470 5158 dans
485 5097 596 5168 bunt..
614 5097 665 5160 col.
683 5098 752 5161 1089
766 5103 793 5161 et
803 5097 873 5159 suiv.
