3422 6034
344 496 397 551 340
801 491 976 548 tottaums
1002 489 1222 556 cuneatum,
1518 497 1663 558 {ttavst-tts',

343 649 472 745 quibus
497 647 665 720 omnibus
692 649 847 745 receptis
877 671 897 719 a
930 645 1102 742 pontifice
1136 651 1369 718 accesserunt
1400 647 1599 720 successive
1622 651 1660 722 ad

342 799 469 848 omnes
489 774 700 863 cardinales,
724 774 840 870 primo
862 773 906 845 ad
924 769 1270 858 vicecancellarium,
1296 775 1372 842 tum
1398 771 1444 843 ad
1465 771 1554 844 alios
1573 782 1605 846 et
1620 777 1659 846 ab

341 899 507 975 omnibus
536 899 680 973 adoris
711 899 873 972 osculum
903 903 984 969 suut
1015 894 1171 991 recepti;
1205 900 1280 966 tum
1313 896 1357 968 ad
1387 920 1453 968 sua
1479 897 1561 970 loca
1588 907 1658 995 post

341 1029 482 1097 Rmum.
505 1027 547 1096 D.
576 1023 795 1097 cardinalem
820 1027 1055 1096 Parmensem
1080 1021 1246 1096 collocati
1271 1047 1279 1093 ε
1307 1022 1438 1117 quibus
1473 1024 1659 1098 conseden-

341 1149 450 1240 tibus,
481 1148 658 1221 Dominus
689 1148 818 1220 Paulus
845 1147 977 1221 Plance
1006 1145 1198 1218 advocatus
1224 1146 1412 1242 proposuit
1435 1145 1543 1219 aliam
1571 1171 1659 1220 com-

340 1271 563 1362 missionem,
589 1295 660 1367 qua
681 1295 745 1368 per
771 1271 981 1378 pontificem
1011 1270 1180 1361 admissa,
1210 1277 1377 1343 cantores
1397 1272 1609 1369 inceperunt
1631 1281 1659 1346 et

340 1397 522 1495 prosecuti
545 1401 627 1469 sunt
648 1379 824 1496 hymnum
847 1397 918 1470 sive
935 1397 1142 1470 canticum:
1167 1394 1213 1467 Te
1233 1395 1352 1467 Deum
1369 1395 1580 1483 lcvtdomus;
1601 1423 1661 1492 quo

341 1521 502 1619 incepto,
537 1521 646 1620 iidem
674 1526 841 1593 cantores
870 1519 1048 1592 intrarunt
1084 1518 1259 1615 capellam
1286 1541 1435 1614 parvam
1467 1527 1659 1593 cantantes.

340 1671 430 1743 quos
448 1647 562 1721 secuti
575 1652 658 1720 sunt
677 1669 804 1718 omnes
818 1645 1032 1732 cardinales
1056 1643 1216 1740 exceptis
1237 1643 1282 1717 de
1298 1646 1397 1715 Faxo
1411 1650 1447 1717 et
1462 1669 1492 1716 s.
1513 1645 1661 1740 Georgii,

339 1771 399 1868 qui
420 1771 558 1846 iverunt
575 1772 621 1845 ad
642 1769 883 1844 assistendum
906 1774 1016 1866 Pape,
1041 1768 1114 1842 bini
1136 1775 1172 1841 et
1194 1768 1280 1856 bini,
1304 1769 1421 1865 primo
1443 1769 1662 1843 vicecancel-

339 1895 611 1987 lariuS,dei11de
632 1897 689 1970 alii
711 1919 776 1969 suo
795 1895 933 1969 ordine.
955 1893 1079 1966 numi.
1103 1892 1238 1965 domini
1255 1893 1299 1966 de
1317 1893 1514 1966 Comitibus
1529 1899 1568 1968 et
1592 1899 1665 1967 Par-

339 2021 475 2094 mensis
494 2020 697 2119 presbyteri
724 2017 939 2109 cardinales
964 2018 1010 2092 ob
1031 2017 1211 2090 defectum
1237 2017 1486 2108 diaconorum,
1511 2019 1663 2092 medium

338 2145 432 2219 inter
457 2170 496 2221 se
523 2145 728 2220 habuerunt
761 2144 1000 2234 Aleriensem,
1040 2142 1142 2216 etin
1181 2139 1306 2214 ultimo
1342 2142 1423 2216 loco
1458 2143 1663 2218 incedentes

341 2267 492 2343 Sabellis
519 2277 554 2343 et
580 2269 755 2344 Columna
777 2268 933 2356 diaconi,
963 2269 1274 2356 Beneventanum3
1301 2267 1437 2364 antiqui
1469 2269 1664 2342 cardinales

337 2391 503 2467 lecerunt
518 2394 694 2468 circulum
715 2393 883 2467 sedentes
900 2415 921 2464 a
938 2391 1106 2464 cornibus
1127 2391 1248 2464 altaris
1268 2415 1391 2464 versus
1411 2400 1555 2489 portam
1572 2395 1664 2491 prin·

339 2517 492 2614 cipalem
508 2519 599 2592 dicte
616 2517 766 2616 capelle.
794 2521 864 2591 Sex
884 2517 1042 2614 episcopi
1064 2540 1084 2589 a
1104 2539 1217 2591 cornu
1234 2515 1398 2612 epistole,
1422 2519 1626 2616 presbyteri
1646 2544 1663 2592 a

337 2663 451 2714 cornu
474 2643 661 2739 evangelii,
698 2650 732 2718 et
761 2649 844 2741 post
868 2665 931 2716 eos
961 2642 1019 2714 alii
1046 2641 1247 2738 presbyteri
1270 2647 1306 2714 et
1333 2639 1475 2714 diaconi
1502 2669 1521 2716 a
1552 2667 1660 2716 cornu

336 2766 501 2862 epistole,
527 2767 670 2841 sibene
692 2767 828 2864 judicu,
848 2769 911 2841 sed
931 2767 1018 2840 illud
1033 2768 1085 2840 eis
1109 2767 1256 2864 placuit.
1284 2766 1369 2840 Novi
1394 2767 1602 2843 cardinales
1631 2793 1662 2842 sc

335 2897 560 2988 prostrarunt
589 2893 625 2965 in
653 2901 786 2966 terram
813 2900 896 2966 ante
919 2893 1030 2965 altare
1057 2893 1093 2964 in
1115 2891 1223 2988 plano
1250 2891 1388 2988 capelle
1409 2917 1522 2990 super
1548 2901 1664 2991 tapete

339 3039 471 3114 magno
488 3016 621 3090 ibidem
637 3023 776 3114 parato,
806 3019 1080 3089 Beneventanus
1101 3015 1137 3086 in
1162 3014 1296 3106 medio,
1315 3040 1337 3088 a
1358 3015 1492 3088 dextris
1506 3017 1665 3090 Alerien·

335 3143 384 3215 sis
411 3151 446 3216 et
474 3167 496 3216 a
524 3142 678 3215 sinistris
706 3144 786 3240 ejus
816 3142 1021 3232 Auriensis,
1058 3149 1247 3215 manentes
1279 3166 1394 3238 usque
1424 3149 1505 3238 post
1532 3143 1663 3216 dictam

333 3268 550 3342 orationem.

331 3465 332 3468 ,
383 3393 499 3466 Finito
528 3393 574 3466 Te
595 3395 712 3466 Derim
735 3393 936 3483 lucidamus,
967 3393 1282 3467 vicecancellarius
1305 3399 1403 3467 stans
1429 3401 1531 3466 extra
1554 3395 1661 3466 altare

333 3519 369 3590 in
390 3541 503 3591 cornu
523 3519 689 3614 epistole,
713 3543 814 3593 versa
840 3519 932 3593 socie
957 3519 1003 3592 ad
1027 3543 1140 3592 cornu
1166 3517 1356 3614 evangelii,
1382 3518 1497 3614 capite
1520 3519 1661 3593 discoo

333 3649 450 3739 perto,
469 3667 512 3716 ex
527 3643 618 3720 libro
634 3644 856 3740 superaltari
877 3645 994 3740 posito
1013 3644 1099 3717 dixit
1118 3672 1124 3715 :
1144 3645 1255 3718 Pater
1271 3659 1400 3737 nostor,
1420 3653 1456 3720 et
1472 3646 1542 3720 alia
1557 3655 1660 3743 prout

333 3766 370 3838 in
386 3767 618 3840 ceremoniali
638 3795 644 3838 :
668 3769 797 3864 quibus
823 3769 940 3860 dictis,
962 3769 1164 3842 cardinales
1184 3770 1266 3843 novi
1287 3778 1536 3860 surrexerunt,
1564 3782 1601 3846 et
1621 3795 1659 3845 eo

334 3893 459 3966 ordine
482 3916 553 3989 quo
570 3899 755 3981 venerant,
780 3917 907 3968 omnes
929 3895 1113 3969 redierunt
1135 3895 1181 3968 ad
1205 3895 1458 3969 consistorium
1478 3897 1524 3970 ad
1550 3897 1659 3994 ponti-

328 4018 455 4108 ficem,
479 4041 601 4093 coram
627 4043 698 4114 quc
724 4020 888 4093 lecerunt
913 4021 1101 4108 circulum,
1129 4021 1209 4092 novi
1227 4037 1256 4094 'a
1277 4021 1390 4096 latere
1417 4023 1602 4117 pontificis
1627 4024 1656 4093 in

330 4141 437 4240 plano
454 4143 547 4234 sulii,
565 4144 658 4215 intra
673 4144 832 4241 episcopi
849 4169 869 4217 a
884 4145 1018 4218 dextris
1031 4153 1066 4218 et
1079 4145 1312 4243 presbyteria
1327 4143 1500 4238 sinistris3
1521 4146 1654 4221 diaconi

331 4277 549 4365 postomncs
570 4295 575 4339 :
592 4269 672 4340 nori
689 4270 889 4343 cardinales
904 4272 1007 4343 simul
1024 4295 1152 4344 omnes
1165 4277 1237 4344 tres
1254 4271 1653 4368 geuullexeruntcoram

332 4395 514 4490 pontifice.
537 4397 625 4465 Tum
648 4394 812 4491 pontifex
835 4396 1010 4492 recipiens
1036 4396 1216 4494 capellum
1242 4395 1395 4469 rubeum
1421 4420 1553 4470 novum
1577 4419 1652 4471 cum

331 4520 570 4613 pendentibus
599 4520 672 4591 suis
693 4543 801 4592 manu
824 4521 918 4592 Petri
951 4521 995 4594 de
1021 4522 1136 4611 Valle,
1167 4521 1254 4594 illud
1280 4518 1388 4618 capiti
1417 4521 1651 4596 Beneventani

331 4642 560 4743 discooperto
577 4645 766 4741 imponens
783 4643 870 4716 dixit
889 4670 895 4717 :
915 4645 1059 4742 Accipe,
1076 4659 1139 4718 etc.

382 4771 459 4853 Quo
475 4769 570 4842 dicto
587 4767 748 4864 pontifex
770 4767 922 4841 restituit
939 4769 1118 4865 capellum
1134 4771 1296 4868 predicto
1318 4777 1424 4847 Petro
1447 4773 1648 4848 tenendum.

331 4900 370 4964 ut
386 4893 503 4989 prius,
533 4893 662 4967 deinde
681 4893 777 4965 aliud
802 4893 979 4990 capellum
1005 4898 1146 4992 accepit
1163 4897 1207 4970 de
1227 4923 1336 4972 manu
1356 4899 1505 4974 alterius
1519 4907 1553 4972 et
1572 4893 1649 4968 illud

331 5013 502 5110 imposuit
535 5017 641 5114 capiti
668 5017 1082 5108 Aler²ierrsiS,dice11sut
1111 5021 1228 5118 prius;
1258 5023 1353 5097 idem
1380 5024 1462 5098 lecit
1486 5024 1530 5097 de
1554 5019 1648 5095 terlio

330 5141 468 5238 capello
492 5141 656 5217 Auriensi
677 5165 684 5215 :
712 5149 786 5216 tum
808 5153 1038 5218 surrexerunt
1059 5145 1139 5220 novi
1161 5146 1376 5256 cardinales,
1397 5156 1435 5222 et
1450 5147 1554 5221 simul
1569 5166 1647 5217 cum
