3436 6038
311 485 365 539 202
763 479 938 537 JttttaNNtS
964 478 1184 550 airusalem,
1496 483 1553 550 [uu
1568 487 1626 552 vva]

316 665 406 715 sam.
424 643 638 714 Sermonem
660 639 743 713 serit
763 638 908 737 quidam
929 637 1116 737 presbyter
1131 635 1318 737 hispanus,
1341 638 1433 714 Rmi.
1453 641 1630 718 cardinalis

312 765 583 860 studegavensis
602 764 822 864 capellanus.

365 889 472 966 Feria
485 892 655 980 secunda,
668 895 713 963 22
727 891 810 966 maii
826 891 1039 988 interrogavi
1052 894 1115 964 SS.
1126 895 1168 964 Ι).
1181 895 1222 966 N.
1237 916 1345 990 quem
1362 895 1524 968 ordinem
1538 895 1630 970 vellet

316 1015 498 1090 observari
514 1016 607 1090 inter
622 1016 795 1092 officiales
812 1039 961 1091 romane
976 1017 1074 1090 curie
1092 1017 1127 1088 iu
1141 1019 1374 1114 processione
1387 1019 1468 1094 lesti
1482 1022 1631 1117 corporis

316 1139 462 1233 Christi,
478 1165 550 1238 qua
564 1165 710 1238 semper
722 1142 838 1216 solent
854 1143 1075 1216 contendere
1087 1165 1197 1238 super
1210 1143 1454 1240 precedentia.
1468 1145 1631 1220 Sanctitas

313 1267 594 1342 suaremisitme
606 1267 652 1340 ad
666 1271 708 1340 R.
726 1271 768 1342 D.
782 1268 985 1341 iohannem
1001 1269 1212 1366 episcopum
1227 1273 1494 1344 'tornacensem
1510 1272 1631 1366 magis·

317 1398 417 1467 trum
432 1393 562 1466 domus
576 1417 653 1482 sue,
667 1401 703 1466 et
718 1392 776 1466 ille
792 1393 837 1466 ad
850 1397 993 1466 Rmum.
1012 1397 1055 1466 Ι).
1073 1393 1293 1468 cardinalem
1316 1420 1346 1468 s.
1366 1395 1509 1492 Georgii
1528 1419 1632 1470 came

319 1517 468 1606 rarium,
486 1523 524 1590 ut
539 1517 587 1589 illi
609 1517 768 1592 dicerem
784 1517 880 1613 quod
899 1517 944 1592 de
960 1518 1131 1592 mandato
1151 1521 1214 1594 SS.
1230 1524 1272 1592 Ι).
1291 1524 1332 1594 N.
1351 1543 1444 1618 pape
1469 1519 1630 1594 officiales

313 1643 359 1716 ad
377 1665 416 1716 so
434 1649 620 1716 revocaret
636 1647 671 1716 et
687 1665 749 1715 eos
766 1643 1024 1732 concordaret3
1047 1644 1107 1740 qui
1130 1646 1218 1718 mihi
1238 1646 1423 1745 respondit
1441 1669 1480 1720 se
1506 1646 1541 1717 in
1561 1645 1631 1718 olli-

314 1769 425 1842 ciales
441 1767 648 1864 hujusmodi
664 1765 800 1840 nullam
816 1767 1106 1864 jurisdictionem
1127 1770 1276 1860 habere,
1294 1770 1358 1844 sed
1373 1770 1489 1866 magis
1508 1770 1544 1843 id
1560 1793 1632 1842 coo·

317 1893 438 1966 v'orrire
455 1897 559 1971 Rmo.
578 1895 621 1965 Ι).
644 1892 940 1968 vicecancellario
960 1893 1073 1990 quiin
1094 1917 1157 1970 eos
1172 1895 1324 1970 haberet
1337 1894 1629 1992 jurisdictionem.

363 2024 551 2117 Responsa
571 2019 654 2092 dato
677 2021 759 2092 al).
784 2018 955 2117 episcopo
977 2021 1210 2111 Tornacensi,
1240 2023 1303 2094 SS.
1330 2024 1372 2093 l).
1401 2023 1442 2094 N.
1468 2020 1632 2093 ordinavit

311 2143 411 2242 quod
436 2143 561 2217 uumi.
591 2147 666 2218 ult.
690 2143 1005 2218 vicecancellarius
1022 2151 1058 2218 et
1073 2146 1306 2236 camerarius,
1324 2153 1517 2243 propterea
1535 2144 1631 2218 iidem

313 2271 438 2342 ltltmi.
462 2269 674 2360 cardinales,
694 2270 750 2342 die
766 2293 871 2342 xxuu
887 2270 970 2342 maii
992 2269 1141 2368 predicti
1158 2277 1192 2345 et
1209 2271 1293 2367 quid
1309 2271 1529 2360 iaciendum,
1550 2277 1583 2343 et
1597 2293 1631 2342 ra

314 2396 372 2468 die
411 2393 507 2466 circa
539 2393 809 2490 precedentium
846 2393 1046 2492 predictam
1089 2395 1354 2470 observandum
1390 2397 1630 2472 decernerent.

315 2520 447 2618 Accepi
464 2516 595 2593 deiude
610 2519 800 2592 formulam
819 2519 954 2592 ordinis
971 2519 1007 2591 in
1028 2519 1125 2594 dicta
1142 2520 1377 2618 processione
1397 2519 1631 2596 observandis

316 2648 479 2744 predicto
507 2651 549 2722 Ι).
596 2648 766 2744 episcopo
794 2645 1026 2736 lomacensi,
1063 2646 1309 2719 continentem
1343 2645 1440 2741 quod
1468 2645 1631 2719 oiliciales

318 2777 530 2868 sequentem
547 2773 710 2858 ordinem
733 2769 963 2846 observarent
978 2793 985 2843 :
999 2770 1210 2845 incederent
1224 2771 1340 2868 primo
1357 2770 1489 2843 notarii
1504 2770 1632 2844 audito·
1702 2763 1703 2794 ³

317 2920 396 2972 rum
415 2903 506 2987 rote,
522 2897 653 2971 deinde
667 2902 920 2993 procuratores
932 2895 1199 2994 penitentiarie,
1217 2893 1338 2970 clerici
1354 2895 1498 2992 registri
1513 2895 1632 2993 suppli·

321 3025 519 3114 cationum,
555 3021 807 3096 sollicitatores
845 3021 1032 3096 literarum
1067 3020 1359 3119 apostolicarum,
1392 3028 1631 3118 procuratores
1701 3079 1702 3096 2

314 3146 496 3222 audientia
524 3145 845 3235 contradictarum,
868 3145 1062 3243 scriptores
1089 3145 1356 3244 penitentiarie,
1378 3145 1631 3220 abbreviaturas

315 3273 360 3345 de
381 3294 492 3369 parco
513 3271 656 3362 minori,
675 3271 836 3368 magistri
852 3270 988 3368 plumbi
1006 3270 1215 3362 bullatores,
1233 3273 1418 3346 secretarii
1432 3278 1469 3345 et
1484 3269 1630 3345 advocati

316 3398 468 3485 mixtim,
487 3405 741 3494 procuratores
759 3397 926 3468 ordinum
947 3397 1244 3488 mendicantium,
1266 3405 1522 3500 procuratores
1544 3396 1630 3494 prin·
1700 3441 1701 3448 .

316 3523 450 3620 cipum,
473 3521 683 3595 cubicularii
701 3526 803 3594 extra
821 3543 1018 3614 cameram,
1044 3529 1205 3597 oratores
1229 3523 1447 3620 principum,
1475 3523 1627 3608 barones,

318 3658 498 3738 cantores,
525 3647 655 3746 acolyti
682 3647 758 3720 sinc
780 3647 910 3736 cereis,
935 3655 972 3721 et
993 3648 1052 3722 alii
1076 3671 1178 3723 more
1199 3649 1318 3722 solito.
1345 3651 1384 3722 lu
1411 3647 1629 3746 processione

317 3773 537 3870 hujusmodi,
568 3797 641 3846 non
673 3773 790 3846 inveni
816 3772 851 3844 iu
878 3772 997 3869 aliquo
1022 3773 1114 3844 libro
1138 3773 1258 3846 lucum
1288 3772 1424 3846 habere
1454 3779 1517 3846 aut
1539 3771 1631 3842 intar-

317 3898 438 3971 venire
470 3897 663 3994 scriptores
687 3897 871 3993 utriusque
898 3897 1053 3994 registri,
1083 3897 1243 3971 notarios
1277 3919 1421 3970 camere
1449 3894 1629 3994 apostolice

320 4029 357 4096 et
379 4021 536 4095 notarios
562 4021 661 4096 curie
687 4046 880 4096 causarum
909 4045 1053 4096 camere
1086 4005 1299 4119 apostolice,
1330 4021 1414 4096 licet
1439 4016 1629 4118 hujusmodi

320 4147 443 4220 ollicia
463 4149 533 4221 sint
547 4148 632 4222 satis
648 4149 815 4244 antiqua3
838 4173 881 4222 cu
883 4149 944 4246 jus
960 4149 1012 4222 rei
1026 4171 1171 4221 causam
1188 4148 1328 4243 ignoro.
1698 4159 1699 4200 t

367 4273 470 4344 Feria
492 4278 630 4368 quarta,
654 4278 699 4344 24
719 4272 816 4364 maii,
836 4273 957 4369 vigilia
979 4273 1142 4370 corporis
1162 4272 1307 4364 Christi,
1331 4272 1480 4346 luerunt
1499 4289 1629 4368 vespera

318 4397 465 4494 papales
480 4398 517 4468 in
533 4397 818 4493 capellamaiore
832 4397 969 4494 palatii,
988 4401 1084 4494 Papa
1103 4405 1273 4496 presente
1289 4405 1324 4472 et
1340 4399 1534 4496 incipiente
1547 4413 1628 4470 more

321 4521 427 4594 solito
452 4547 459 4594 :
483 4521 613 4617 quibus
635 4521 758 4612 linitis,
779 4525 905 4596 Rmus.
928 4527 971 4597 Ι).
996 4521 1240 4595 cardinalias.
1263 4523 1408 4619 Georgii
1428 4519 1628 4596 camerarius
1697 4539 1698 4588 t

321 4653 357 4716 et
373 4647 416 4716 D.
437 4645 627 4742 episcopus
642 4645 880 4718 Toruacensis
895 4645 1069 4742 magister
1086 4645 1214 4718 domus
1235 4645 1454 4719 mandarunt
1467 4647 1588 4720 vicario
1600 4649 1629 4714 et

318 4776 475 4862 quatuor
491 4769 676 4842 canonicis
692 4769 852 4843 basilice.
878 4795 907 4842 s.
930 4771 1026 4843 Petri
1046 4771 1178 4845 ibidem
1199 4793 1324 4843 coram
1347 4771 1399 4844 eis
1424 4771 1628 4868 presentibus
1696 4855 1697 4860 Ἰ

319 4893 466 4966 nomine
489 4894 597 4966 totius
618 4895 762 4993 capituli
792 4896 892 4991 quod
911 4920 991 4970 cras
1010 4895 1128 4969 clerus
1147 4921 1177 4969 s.
1200 4896 1297 4970 Petri
1321 4895 1470 4971 basilice
1489 4893 1626 4994 predicte
1696 4873 1697 4950 l

319 5039 392 5088 nou
408 5017 557 5091 deberet
573 5043 657 5093 cum
668 5020 766 5093 clero
781 5020 885 5094 Urbis
896 5027 980 5094 aute
993 5021 1166 5095 officiales
1177 5027 1286 5120 Papo,
1300 5022 1336 5095 in
1347 5023 1569 5120 processione
1581 5014 1625 5088 vel

313 5163 400 5234 uon,
418 5142 645 5218 intervenire.
