3496 6056
14 515 32 547 llx

91 495 198 564 [lanriar
212 493 282 556 ttae]
411 489 536 552 RERUM
561 489 789 550 UHBANARUM
813 491 1075 554 COMMENTAuu.
1357 508 1407 566 133

13 677 31 722 u.
88 649 216 722 sionem
243 653 279 720 et
299 645 477 744 processit
496 646 532 718 iu
554 645 665 720 missa
684 646 809 726 ordina
831 655 1019 724 consueto.
1040 652 1150 729 Missa
1169 655 1266 733 dicta
1288 667 1342 734 est
1362 662 1407 735 de

13 781 24 850 t

87 773 272 872 epiphania
298 795 381 846 cum
411 772 757 846 commemoratione
782 773 826 846 de
852 798 882 846 s.
915 777 1114 874 Leopold03
1141 781 1207 856 sub
1231 783 1299 858 alia
1319 787 1405 860 etin

87 899 322 988 conclusione,
350 899 435 971 dum
459 897 590 972 dicitur
615 897 741 988 Crede,
766 898 1002 994 offertorium,
1030 905 1194 982 videlicet
1220 910 1404 1002 candelas,

88 1025 210 1112 riuum,
236 1045 351 1120 panes
376 1026 411 1096 et
435 1021 504 1096 alia
525 1023 571 1096 ad
595 1021 820 1098 offerendum
840 1025 1016 1118 ordinata,
1043 1053 1114 1126 que
1130 1055 1245 1128 usque
1265 1039 1349 1107 tunc
1368 1035 1405 1108 iu

86 1149 220 1223 basilica
240 1149 406 1247 predicta
431 1153 653 1238 conservata,
680 1147 825 1224 fuerunt
847 1157 987 1247 portata
1011 1177 1031 1226 a
1051 1154 1266 1250 quibusdam
1292 1157 1404 1231 scuti-

85 1276 159 1351 feris
183 1275 322 1350 adhoc
344 1297 410 1372 per
433 1281 597 1348 oratores
621 1273 933 1350 canonizationem
954 1278 1048 1352 hanc
1069 1279 1291 1354 solicitantes
1311 1282 1405 1356 inter

22 1483 27 1485 „
83 1401 222 1499 primam
247 1405 285 1474 et
313 1399 511 1474 secundam
539 1405 661 1496 portas
695 1401 856 1498 suggesti
883 1377 1052 1498 predicti,
1080 1411 1116 1478 et
1141 1403 1243 1479 finito
1274 1405 1400 1500 Crede,

13 1548 28 1594 ,ἰ
83 1527 193 1601 llllmi.
218 1529 292 1600 ul).
323 1525 634 1615 vicecamerarius,
656 1525 949 1617 blediolaueusis,
972 1529 1031 1624 qui
1051 1529 1149 1629 prius
1173 1533 1402 1608 Novariensis

14 1695 28 1736 ς
81 1661 159 1741 erat,
185 1657 219 1726 et
244 1651 419 1726 Senensis
451 1651 651 1726 cardinales
677 1652 916 1726 commissarii
944 1653 981 1727 in
1006 1677 1050 1728 ea
1074 1656 1184 1754 hujus
1209 1658 1402 1734 canoniza-

79 1776 175 1852 tionis
198 1777 286 1852 alias
315 1776 490 1875 deputati,
515 1776 559 1851 de
582 1776 656 1850 suis
681 1777 771 1851 lacis
795 1785 970 1854 venerunt
999 1783 1178 1877 usquead
1202 1785 1400 1882 secundam

17 1963 20 1972 ,
79 1911 205 2000 purtem
229 1902 469 2001 superiorem,
492 1901 658 1976 videlicet
675 1902 761 1976 dicti
782 1903 942 2000 suggesti
967 1905 1101 1980 ibidem
1125 1911 1266 2006 tempus
1289 1933 1399 2006 expe-

13 2087 14 2096 ,
80 2035 216 2104 ctautes.
247 2031 294 2104 Et
317 2053 401 2103 cum
421 2026 597 2125 pontifex,
621 2027 717 2102 dicto
737 2027 936 2118 offertorio,
958 2030 994 2103 in
1016 2031 1101 2106 aede
1123 2057 1190 2106 sua
1210 2034 1396 2127 eminenti,

19 2202 22 2227 ;
79 2153 157 2228 solio
170 2153 270 2228 riridi
294 2153 438 2228 sederet
458 2153 495 2224 in
515 2153 634 2241 mitra,
656 2163 889 2230 accesserunt
909 2162 982 2228 tres
1002 2157 1204 2232 cardinales
1226 2159 1398 2234 commis-

27 2341 28 2346 ,
79 2279 150 2350 sarii
169 2279 323 2375 predicti
343 2303 425 2354 cum
449 2278 628 2352 scutiferis
652 2285 688 2352 et
715 2280 929 2372 oratoribus,
963 2281 1186 2357 offertorium
1213 2292 1397 2380 portantes

80 2403 292 2480 lrocordine.
964 2473 967 2480 .

119 2529 230 2604 Primo
257 2535 386 2604 Rmus.
410 2530 711 2607 vicecomerarius
737 2555 845 2630 quem
868 2531 1113 2630 sequebantur
1137 2533 1209 2608 duo
1233 2534 1394 2612 scutiferi

78 2655 242 2749 predictos
270 2657 363 2730 duos
380 2679 533 2753 magnos
554 2658 680 2732 cereos
700 2681 783 2732 cere
807 2658 888 2734 albe
910 2657 1095 2756 parlantes
1116 2683 1190 2734 non
1204 2683 1391 2752 accensos,

77 2782 256 2874 quemlibet
285 2782 413 2857 decem
436 2782 622 2856 librarum.
653 2785 738 2857 Post
768 2780 847 2858 illos
863 2783 1077 2881 magnificus
1096 2788 1139 2860 D.
1158 2787 1394 2882 Marquardus

78 2905 268 3004 Brisaquer,
300 2909 427 2983 doctor
445 2914 480 2984 et
505 2908 624 2998 miles,
652 2909 788 3006 primus
815 2917 937 2984 orator
959 2910 1055 2986 hano
1084 2899 1405 2986 canonizationem

78 3032 257 3126 solicitans,
277 3033 387 3130 quiin
402 3032 551 3109 dextera
566 3058 678 3108 unum
696 3057 844 3110 cereum
860 3059 942 3110 cere
964 3037 1043 3110 albe
1067 3036 1187 3134 pondo
1209 3059 1272 3110 sex
1287 3037 1394 3112 libra-

78 3181 145 3232 rum
172 3160 280 3236 etiam
309 3182 382 3233 uon
408 3158 610 3251 ardentem,
628 3167 664 3236 et
683 3160 719 3234 iu
739 3160 881 3235 sinistra
899 3186 1010 3236 unum
1026 3162 1272 3238 canistrellum
1291 3163 1392 3238 inau-

13 3316 15 3348 ς
81 3291 183 3358 retum
206 3309 293 3360 cum
318 3284 431 3359 tribus
457 3285 670 3377 turturibus,
703 3287 732 3360 si
759 3293 856 3361 recte
883 3286 1047 3380 memini,
1076 3287 1178 3380 viris,
1209 3289 1387 3386 portabat,

79 3431 172 3503 quem
191 3409 412 3508 sequebatur
433 3415 559 3486 llmus.
586 3411 778 3486 cardinalis
798 3411 1096 3504 Mediolanensis;
1125 3405 1206 3511 post
1231 3413 1390 3490 scutiferi

78 3533 138 3608 duo
161 3543 345 3633 portantes
371 3536 463 3612 duos
489 3560 642 3634 magnos
670 3561 796 3636 panes,
826 3539 966 3613 duabus
996 3539 1150 3636 mapalis
1180 3547 1386 3638 coopertos,

82 3663 415 3753 unuminauratum,
438 3663 549 3736 alium
572 3663 851 3761 inargentatum,
879 3687 970 3761 quos
994 3665 1214 3761 sequebatur
1238 3689 1389 3742 venera-

77 3783 204 3861 bilisrir
217 3790 259 3861 D.
273 3787 431 3863 Thomas
456 3792 536 3862 L'u'se
558 3787 717 3864 decanus
738 3790 949 3866 monasterii
969 3789 1233 3866 clausterorum
1255 3795 1388 3867 Boem-

75 3909 260 4010 burgensis,
278 3915 388 3992 frater
403 3941 431 3990 s.
446 3916 651 4013 Augustini.

114 4040 295 4116 Secundus
318 4046 439 4116 orator
457 4041 590 4116 dictam
616 4041 924 4118 canonizationem
948 4065 1160 4141 procurans,
1178 4045 1238 4141 qui
1253 4045 1291 4118 in
1304 4044 1388 4118 dex·

75 4165 139 4236 tera
152 4163 303 4240 similem
316 4187 463 4242 cereum
484 4189 548 4240 sex
562 4167 735 4241 librarum
751 4167 838 4242 etin
854 4167 998 4242 sinistra
1013 4191 1125 4242 unum
1139 4168 1384 4244 canistrellum

73 4284 321 4385 inargentatum
349 4314 433 4365 cum
459 4291 597 4368 duabus
622 4293 798 4369 columbis
825 4293 914 4368 albis
941 4293 1038 4383 vivis,
1071 4293 1251 4390 portabat.
1281 4295 1384 4364 Hunc

73 4413 180 4488 Rmus.
197 4417 388 4492 cardinalis
407 4418 577 4493 Senensis
598 4419 830 4514 sequebatur,
853 4422 886 4492 et
910 4423 992 4515 pust
1014 4439 1098 4494 eum
1125 4416 1197 4489 duo
1224 4413 1381 4488 scutiferi

73 4535 132 4612 duo
146 4539 278 4632 barilia,
293 4567 404 4618 unum
415 4543 616 4619 inauratum
629 4543 769 4620 etaliud
782 4543 1046 4640 inargentatum
1058 4541 1182 4638 optimi
1195 4540 1263 4614 viui
1277 4539 1383 4637 plena

72 4676 252 4762 portantes,
276 4678 312 4747 et
330 4677 411 4769 post
430 4671 527 4768 ipsos
543 4670 688 4768 quidam
703 4669 888 4746 alemanus
913 4675 1046 4758 orator,
1064 4668 1093 4742 si
1107 4673 1204 4742 recte
1220 4665 1314 4757 dico,
1326 4665 1381 4740 lo-

73 4811 143 4864 cum
159 4796 249 4870 tertii
265 4796 417 4872 oratoris
441 4796 612 4894 supplens
636 4801 808 4892 tanquam
834 4817 899 4892 pro
914 4792 1123 4890 hujusmodi
1140 4791 1381 4868 canonizatio-

75 4912 120 4986 nis
134 4921 273 5015 negotio
289 4921 499 4996 solicitaudo
514 4921 658 5014 missus,
677 4921 736 5019 qui
751 4921 876 4995 dextra
889 4942 998 4994 manu
1015 4939 1163 4993 cereum
1179 4917 1381 5015 predictum

76 5037 200 5116 duobus
221 5047 406 5122 antedictis
424 5047 577 5121 similem
598 5056 632 5122 et
649 5048 793 5122 sinistra
811 5071 920 5122 mauu
941 5069 1051 5120 unum
1073 5044 1316 5120 canistrellum
1331 5043 1382 5118 di-

78 5186 246 5244 versorum
265 5173 426 5248 colorum
443 5197 527 5247 cum
543 5197 605 5247 sex
620 5173 676 5250 vel
693 5173 790 5248 cirea
809 5171 953 5247 aviculis
971 5171 1088 5270 parvis
1105 5171 1188 5245 vivis
1205 5170 1380 5268 portabat.
