3422 6034
343 463 400 520 368
799 465 976 524 JOHANNIS
1001 465 1223 537 abacorum,
1475 470 1591 534 [octobre
1605 475 1660 533 tltt'¹

351 617 581 713 dignitatem,
610 627 647 694 et
669 619 753 716 quia
776 621 817 692 b.
848 619 1022 718 episcopo
1038 618 1273 695 Cesenatensi
1293 619 1447 695 auditori
1470 622 1520 696 ita
1539 623 1660 722 placuit.

402 745 570 836 Posthac,
611 744 797 842 degradati
836 743 986 841 predicti
1016 743 1123 842 positi
1164 745 1309 818 suerunt
1352 769 1462 844 supra
1502 771 1662 824 carrucam

349 872 485 948 ibidem
506 877 684 968 paratam,
711 869 923 946 Dominicus
943 893 964 944 a
984 869 1117 944 dextris
1133 875 1167 942 et
1188 869 1401 944 Franciscus
1421 895 1444 944 a
1467 871 1618 965 sinistris,
1635 885 1661 951 et

347 1005 431 1073 aute
445 1021 510 1073 eos
520 995 696 1070 sedebant
710 994 834 1086 iidem,
854 993 965 1068 irater
980 992 1116 1068 ordinis
1129 993 1324 1086 ltinorum,
1339 993 1532 1069 confessor
1544 1020 1658 1086 eorum,

346 1120 635 1197 deobservantia
652 1118 876 1217 expertibus
898 1119 1061 1210 Francie,
1086 1126 1122 1194 et
1145 1121 1236 1196 alius
1262 1122 1321 1219 qui
1345 1121 1542 1220 imaginem
1565 1127 1659 1200 cruris

345 1247 501 1321 habebat
530 1246 586 1319 de
627 1245 801 1320 societate
838 1243 1100 1335 Misericordia,
1134 1246 1260 1321 habitu
1297 1246 1466 1350 ejusdem
1504 1250 1658 1326 societatis

344 1371 500 1462 indutus,
532 1369 625 1445 laoie
651 1375 843 1467 oooperta;
871 1378 908 1444 et
936 1375 1032 1445 retro
1061 1370 1277 1468 degradatos
1307 1372 1421 1446 erecti
1445 1373 1585 1448 luerunt
1605 1376 1659 1450 duo

347 1497 478 1588 baculi,
509 1495 545 1570 in
565 1495 785 1570 summitate
824 1495 966 1571 illorum
996 1495 1146 1572 cordula
1169 1504 1331 1590 extensa,
1355 1499 1393 1572 in
1426 1523 1501 1596 qua
1527 1523 1659 1598 appense

346 1624 494 1698 luerunt
519 1628 675 1718 quatuor
700 1646 743 1696 ex
762 1621 868 1695 bullis
887 1644 953 1719 per
978 1643 1042 1696 eos
1069 1623 1245 1721 expeditis
1268 1630 1304 1698 et
1328 1623 1660 1723 falsificatis3sieque

349 1747 447 1823 ducti
472 1749 617 1822 luerunt
643 1770 709 1849 per
733 1752 881 1844 pontem
909 1747 1024 1821 sancti
1048 1747 1176 1844 Angeli
1202 1755 1284 1824 ante
1308 1749 1437 1824 turrim
1464 1747 1614 1850 Soldaui,
1634 1757 1659 1822 et

346 1873 449 1970 juxta
477 1872 625 1945 domum
654 1870 845 1945 cardinalis
874 1871 1034 1956 Asconii,
1065 1878 1148 1946 aute
1177 1871 1355 1970 hospitale
1382 1873 1655 1948 Alemouuorun.

341 1999 443 2096 juxta
459 1997 607 2072 domum
623 2001 667 2071 D.
697 1996 865 2071 Falconis
888 2021 954 2094 per
973 1996 1163 2094 parionem
1185 2021 1300 2094 usque
1318 2005 1421 2073 reeta
1446 1998 1502 2073 ria
1516 1998 1559 2072 ad
1574 1997 1656 2070 aban

343 2123 450 2213 viam,
470 2147 543 2220 qua
568 2122 613 2198 de
642 2129 752 2221 ponte
781 2123 827 2198 ad
843 2145 1013 2219 campum
1038 2123 1157 2212 Flore,
1183 2122 1244 2196 ubi
1266 2147 1391 2200 versus
1418 2125 1654 2223 angulorum

345 2247 479 2324 scalam
499 2254 535 2322 et
549 2251 707 2323 Voocam
721 2247 910 2322 tabernam
926 2247 978 2320 sic
994 2247 1217 2322 nominatam
1233 2248 1462 2341 tendentem,
1480 2250 1577 2326 locos
1594 2275 1654 2347 sup

343 2373 440 2472 plinii
454 2379 598 2472 paratus
612 2378 689 2448 orat
713 2372 759 2448 od
777 2373 890 2448 instar
915 2373 1058 2470 tegorii,
1086 2373 1226 2449 babens
1248 2373 1459 2449 columnam
1473 2375 1653 2474 ligneomin

344 2497 465 2573 medio
485 2503 659 2590 erectam,
684 2497 829 2572 iaso-inis
854 2497 986 2573 areolis
1010 2497 1284 2574 circumdatam.
1309 2499 1488 2576 columne
1512 2501 1546 2574 iu
1567 2523 1652 2597 supe-

345 2621 428 2697 riori
445 2629 546 2720 parte
563 2623 670 2698 affixe
684 2631 787 2698 erant
802 2622 872 2698 due
896 2623 999 2698 tunes
1021 2647 1086 2722 pro
1109 2625 1180 2698 reis
1199 2633 1236 2699 et
1254 2622 1347 2698 intro
1361 2627 1521 2702 mediam
1537 2633 1650 2724 partem

344 2747 512 2822 columne
539 2771 609 2820 una
633 2753 763 2822 catena
791 2748 907 2822 terreo
936 2773 944 2821 :
970 2747 1035 2822 sub
1060 2745 1221 2840 turibus,
1253 2750 1289 2822 in
1314 2757 1412 2826 terra
1437 2754 1576 2828 stabant
1598 2751 1651 2825 duo

344 2871 499 2948 scabella
514 2895 579 2969 pro
598 2871 682 2964 reis,
698 2879 734 2948 et
747 2871 791 2947 ab
807 2873 877 2948 alia
896 2880 997 2971 parte
1017 2873 1209 2970 posteriori
1229 2874 1398 2950 columne
1422 2875 1520 2950 aliud
1536 2875 1650 2950 scabel-

342 2997 418 3072 lum
433 3019 499 3095 pro
514 2995 657 3089 lictore,
675 3003 712 3072 et
728 2995 823 3072 circo
840 2996 1017 3093 tegurium
1034 2997 1078 3069 ab
1094 2997 1331 3088 extra,multe
1349 2997 1467 3074 salmo
1482 2998 1647 3097 lignorum.

390 3129 585 3220 Postquam
623 3121 774 3221 predicti
799 3121 984 3218 degradati
1014 3129 1255 3219 pervenerunt
1289 3123 1334 3196 ad
1366 3123 1493 3198 locum
1525 3119 1647 3220 supplici
1690 3185 1691 3211 ,

341 3249 507 3347 predicti,
529 3248 794 3324 descenderunt
813 3246 858 3321 de
875 3267 1037 3338 carruca,
1066 3245 1288 3321 intraverunt
1309 3248 1508 3345 tegurium,
1531 3247 1644 3343 inquo,
1689 3285 1690 3311 r

341 3399 385 3448 eo
410 3375 578 3450 modoet
604 3372 732 3447 iisdem
757 3370 914 3445 vestibus
936 3370 973 3444 in
997 3369 1239 3466 quibusducti
1255 3371 1417 3464 luerunt,
1433 3371 1646 3448 ascenderunt
1688 3377 1689 3411 t

341 3497 412 3572 duo
437 3498 593 3574 scabello
613 3520 678 3596 pro
694 3497 746 3572 eis
769 3503 906 3595 parata.
931 3497 1053 3570 Lictor
1074 3495 1241 3594 opposuit
1265 3496 1317 3570 eis
1337 3497 1396 3571 vix
1419 3497 1642 3582 sentientibus,

341 3647 386 3698 ex
401 3647 445 3699 eo
461 3625 559 3722 quod
572 3624 681 3699 trater
694 3623 884 3698 confessor
899 3628 934 3697 et
952 3623 1042 3698 alius
1059 3645 1206 3696 erucem
1228 3622 1349 3698 ferens
1365 3645 1431 3698 eos
1450 3622 1605 3698 continuo
1618 3619 1642 3690 iu
1685 3667 1686 3713 ,

341 3749 482 3824 Christo
499 3749 762 3842 confortabant,
778 3748 882 3823 tunes
905 3749 942 3822 iu
964 3747 1076 3836 oollo;
1099 3747 1230 3844 quibus
1250 3747 1439 3845 appositis
1461 3747 1518 3821 alii
1535 3743 1642 3820 lictoris
1684 3749 1685 3814 t

341 3873 429 3947 socii
461 3874 619 3950 scabella
645 3873 732 3973 ipsis
766 3873 812 3948 de
853 3873 1004 3971 pedibus
1032 3872 1299 3962 subtraxerunt,
1342 3871 1468 3970 sicque
1509 3866 1640 3966 suspensi
1683 3837 1684 3914 l

341 3999 507 4096 spiritum
532 3999 732 4074 emiserunt
758 4025 766 4073 :
796 3997 971 4089 defuncti,
1000 3997 1154 4094 depositi
1177 3997 1323 4072 luerunt
1347 3998 1392 4072 de
1422 3998 1591 4082 columna,
1614 3996 1638 4066 et

342 4147 454 4220 usque
480 4123 516 4196 in
541 4123 727 4199 camisiam
749 4122 886 4214 nudati,
913 4123 1020 4198 locati
1048 4122 1215 4198 sedentes
1245 4124 1282 4197 iu
1309 4123 1476 4199 scabellis
1499 4117 1637 4222 predictis

340 4249 509 4326 columne
531 4249 726 4348 appodiati,
749 4255 785 4324 et
804 4256 933 4324 catena
952 4247 1018 4323 sub
1038 4247 1197 4322 brachiis
1219 4248 1265 4322 ad
1287 4249 1493 4326 columnam
1516 4249 1636 4324 circuu-

339 4373 454 4473 ligati,
481 4381 516 4450 et
541 4399 715 4451 succenso
743 4375 826 4474 igne
849 4373 1042 4450 combusti.
1063 4372 1186 4448 Liotor
1211 4397 1325 4470 usque
1348 4383 1430 4473 post
1447 4375 1564 4449 horam
1581 4391 1635 4440 res-

340 4523 511 4598 perorum
541 4501 662 4576 multis
689 4501 825 4576 vicibus
859 4499 1074 4574 ministravit
1096 4497 1194 4596 ligno
1223 4505 1262 4572 ut
1292 4499 1469 4574 cadavera
1492 4499 1524 4572 in
1546 4504 1632 4570 toton

341 4635 661 4718 consumerentur;
679 4627 802 4724 sicque
813 4625 906 4723 ignis
923 4623 1089 4722 usquein
1105 4647 1212 4698 mana
1228 4647 1384 4722 sequeus
1402 4621 1596 4722 perdurarit.

392 4752 528 4826 Eodem
564 4750 726 4848 sequenti
761 4750 836 4839 dio,
871 4749 968 4824 eirea
1001 4749 1129 4822 horam
1166 4771 1418 4847 vesperorum,
1457 4751 1579 4824 eineres
1604 4739 1628 4812 in

343 4873 475 4973 quibus
488 4877 608 4952 adbuc
622 4873 733 4950 multo
743 4899 826 4950 ossa
842 4879 985 4972 repertu
1000 4873 1157 4967 luerunt,
1171 4897 1235 4972 per
1246 4875 1422 4971 quosdam
1439 4899 1480 4949 ex
1495 4867 1627 4946 societate

344 5001 588 5077 Misericordie
621 5003 725 5076 simul
748 5027 858 5101 scopa
890 5002 1032 5076 collecti
1063 5009 1098 5076 et
1124 5003 1161 5075 in
1185 5001 1340 5098 quadam
1370 5025 1476 5101 capsa
1499 5019 1575 5072 noro
1602 4993 1626 5060 et

341 5147 446 5224 sacco
473 5128 633 5225 repositi,
657 5134 693 5204 et
713 5151 796 5204 cum
820 5151 925 5204 cruce
950 5127 1254 5225 processioneque
1282 5127 1386 5202 solita
1405 5151 1469 5228 per
1496 5117 1622 5201 eumdem
