3422 6034
128 479 202 546 [tvm
216 478 283 542 litt]
443 475 570 534 RERUM
595 477 823 540 URBANARUM
846 483 1110 544 COMMENTARH.
1391 490 1445 548 405

128 657 162 708 se
176 631 352 706 redderet.
372 633 448 717 Quo
468 629 554 726 poni
578 655 652 704 non
669 631 851 708 debebant
872 657 955 712 cum
972 637 1133 714 officium
1151 639 1223 716 hoc
1242 641 1367 718 leriele
1382 644 1440 737 sit,

127 781 192 832 non
207 757 368 832 solemne
382 755 437 830 rel
451 777 681 852 pomposum.
810 847 813 852 ,

171 883 301 958 Eodem
320 881 392 972 die,
421 880 514 954 hora
533 893 720 975 consueta,
742 883 838 962 dicte
859 893 942 962 sunt
959 889 1136 968 matutine
1153 896 1386 972 tenebrarum
1407 897 1443 972 in

126 1009 254 1108 capella
273 1005 479 1104 supradicta
502 1006 633 1103 quibus
656 1011 719 1084 SS.
745 1013 789 1084 l).
812 1018 1033 1086 nosternon
1052 1015 1224 1094 interfuit.
1250 1027 1374 1099 Rmus.
1397 1027 1441 1098 u.

125 1133 307 1210 cardinalis
332 1157 362 1206 s.
399 1131 495 1206 Petri
525 1131 572 1206 ad
602 1133 769 1226 Vincula·
797 1140 895 1234 Papa
925 1141 1044 1238 maj0r
1069 1144 1359 1240 penitentiarius,
1383 1151 1442 1226 die

126 1261 274 1334 crastina
288 1257 448 1333 osticium
463 1264 687 1354 peracturus,
705 1260 742 1334 in
755 1261 828 1336 fine
842 1263 966 1353 cilicii,
977 1265 1014 1338 in
1028 1265 1111 1342 loco
1124 1293 1190 1344 suo
1206 1273 1312 1349 solito
1327 1299 1441 1372 genu-

124 1387 242 1475 tlexus,
255 1385 344 1460 dixit
358 1383 560 1459 orationem
577 1409 584 1456 :
602 1383 764 1482 Respice,
781 1397 861 1476 ctc.,·
876 1394 912 1462 et
927 1388 998 1464 alia
1009 1415 1112 1468 more
1126 1395 1248 1472 solito.

167 1508 298 1584 Diebus
330 1509 513 1606 preteritis
549 1517 724 1584 venerunt
755 1511 800 1584 ad
835 1515 969 1590 Urbem
999 1539 1090 1592 nore
1128 1519 1174 1596 de
1210 1523 1314 1600 obitu
1346 1527 1442 1604 bone

124 1637 291 1712 memorie
305 1638 420 1713 Caroli
435 1635 613 1710 Sabaudie
629 1634 730 1710 ducis
745 1637 806 1733 qui
825 1638 862 1712 in
881 1664 983 1714 xxrnr
1002 1644 1057 1716 vel
1078 1644 1175 1720 circa
1189 1649 1296 1724 etatis
1308 1674 1442 1726 aunum

122 1764 343 1853 constitutus,
367 1764 425 1838 die
453 1767 495 1836 13
521 1761 657 1838 mensis
676 1761 795 1838 martii
816 1765 981 1860 proxime
995 1770 1171 1864 preteriti,
1198 1772 1295 1848 diem
1315 1775 1444 1851 clausit

122 1895 333 1980 extremum,
364 1887 490 1964 relicta
512 1889 594 1983 post
627 1909 666 1958 se
700 1885 774 1960 lilia
804 1887 1048 1986 primogenita
1075 1900 1112 1969 at
1140 1897 1268 1971 Carolo
1305 1902 1443 1976 loaune

121 2013 276 2088 Amedeo
293 2014 328 2087 in
349 2012 506 2111 septime
519 2009 625 2088 etatis
645 2034 708 2086 sue
725 2033 853 2088 mense
871 2013 928 2088 vel
950 2016 1047 2090 circa
1059 2019 1269 2112 constituto,
1287 2023 1347 2120 qui
1360 2023 1394 2100 ei
1405 2024 1442 2098 in

122 2137 244 2213 ducatu
257 2144 296 2214 et
309 2140 348 2214 in
362 2137 530 2214 omnibus
543 2135 712 2210 dominiis
728 2139 916 2214 successit.

164 2264 268 2338 Feria
293 2271 395 2339 sexte
420 2261 650 2338 hebdomade
671 2271 810 2354 sancte,
839 2269 860 2338 9
883 2267 1017 2364 aprilis,
1039 2273 1162 2344 Rmus.
1182 2273 1226 2342 u.
1249 2271 1442 2348 cardinalis

121 2415 147 2464 s.
163 2391 256 2464 Petri
277 2390 322 2462 ad
343 2390 497 2467 Vincula
516 2388 636 2487 major
654 2391 929 2486 penitentiarius
949 2393 985 2466 in
1006 2395 1145 2491 capella
1164 2397 1304 2493 majore
1318 2397 1441 2494 palatii

121 2515 337 2612 supradicta,
358 2519 456 2614 Papa
476 2522 658 2613 presente,
679 2514 872 2590 celebravit
892 2516 1066 2593 officium.
1091 2518 1213 2594 Altare
1227 2543 1272 2594 ex
1295 2520 1442 2596 ordina·

120 2641 210 2718 tione
226 2641 377 2716 sacriste
401 2641 526 2716 habuit
541 2641 688 2740 pellium
708 2642 851 2739 nigrum
868 2643 967 2740 quod
988 2667 1061 2718 non
1082 2643 1151 2718 leci
1166 2644 1339 2738 emoveri,
1357 2647 1442 2744 quie

121 2767 213 2842 tarde
227 2765 325 2842 veni.
343 2770 515 2843 Centoras
528 2767 588 2864 qui
602 2764 810 2864 passionom
826 2771 1058 2842 cantaverunt
1072 2790 1200 2846 omncs
1216 2775 1288 2844 tres
1302 2769 1441 2846 hebue-

120 2903 195 2972 mnt
213 2899 427 2993 paramenta
445 2893 570 2990 nigre3
591 2893 700 2990 quod,
720 2914 853 2990 magna
867 2893 1091 2982 difficultate,
1110 2894 1261 2970 sacrista
1278 2896 1440 2972 omnium

119 3021 291 3098 bonerum
306 3021 575 3098 ordinationum
589 3019 736 3094 inimico
757 3043 796 3094 se
814 3027 1034 3118 opponente,
1054 3019 1215 3094 obtinui:
1232 3043 1440 3098 sermonem

119 3145 196 3222 lecit
210 3152 427 3243 procurator
443 3143 580 3222 ordinis
594 3143 791 3219 minorum.
814 3149 923 3242 Papa,
940 3152 1023 3244 post
1039 3145 1289 3222 adorationem
1304 3147 1435 3237 crucis,

119 3269 239 3346 obtulit
247 3269 398 3346 ducatos
411 3269 448 3344 in
458 3293 546 3346 auro
556 3293 624 3344 xxv
633 3291 699 3366 per
708 3293 836 3344 manus
848 3271 1061 3346 Bernardini
1074 3269 1282 3345 cubicularii
1296 3271 1439 3348 secreti.

119 3400 156 3471 ll.
173 3397 359 3473 Mauritius
382 3397 485 3486 cibo,
507 3397 617 3470 trater
631 3418 824 3493 germanus
845 3402 954 3494 Papo,
973 3396 1133 3472 odoravit
1148 3403 1231 3494 post
1249 3395 1439 3494 episcopos

118 3547 196 3598 cum
219 3522 477 3623 protonotariis
501 3521 752 3624 assistentibus
783 3545 937 3619 quorum
967 3523 1122 3621 primum
1145 3545 1168 3596 a
1189 3521 1343 3608 sinistris
1366 3521 1439 3598 suis

118 3649 249 3724 babuit.
276 3648 470 3723 Celebrans
495 3669 569 3720 non
595 3650 692 3724 vonit
718 3649 994 3745 compontifice
1021 3647 1067 3722 ad
1089 3647 1266 3744 capellam
1291 3671 1438 3744 parvam

118 3799 194 3850 cum
209 3783 454 3863 sacramento,
470 3773 535 3850 sed
555 3771 653 3848 dedit
669 3772 807 3846 clavem
829 3777 990 3867 copsette
1006 3773 1049 3844 D.
1071 3769 1212 3844 Aldello
1226 3771 1326 3846 socio
1340 3793 1436 3850 meo.

119 3905 208 3999 Papa
220 3902 260 3974 in
272 3901 411 3997 majore
435 3897 574 3997 capella
595 3903 678 3972 oute
701 3902 970 3970 sacramentum
991 3904 1090 3972 stans
1115 3898 1288 3995 imposuit
1315 3898 1438 3978 incen-

118 4049 193 4101 sum
222 4027 261 4100 in
290 4025 362 4098 duo
389 4022 604 4098 thuribula:
630 4022 829 4096 incensavit
857 4029 1139 4111 sacramentum,
1171 4028 1247 4096 tum
1280 4020 1367 4095 illud
1392 4045 1437 4096 ex

119 4153 282 4228 manibus
308 4151 502 4226 cardinalis
527 4148 698 4224 Senensis
718 4147 825 4244 primi
856 4147 1057 4221 assistentis
1080 4146 1262 4243 accipiens
1285 4146 1440 4242 porterit

119 4277 161 4350 ad
175 4277 350 4376 capellam
365 4277 543 4374 majorem
554 4275 614 4348 ubi
632 4297 755 4348 corum
777 4273 880 4347 altari
898 4272 1085 4348 celebrans
1105 4271 1193 4346 illud
1207 4271 1252 4344 dc
1271 4271 1438 4346 menibus

120 4404 210 4500 Pape
230 4402 413 4500 accipiens
426 4401 545 4498 posuit
560 4420 670 4497 super
684 4397 816 4486 altare3
838 4397 935 4493 quod
957 4399 1066 4493 Papa,
1083 4395 1233 4470 incenso
1252 4381 1436 4492 imposito,

121 4524 247 4600 iterum
262 4525 462 4602 incensavit
478 4549 487 4598 ε
505 4523 575 4598 ulia
590 4523 713 4598 omniu
726 4545 828 4598 more
842 4522 947 4597 solito
964 4528 1047 4596 sunt
1061 4521 1263 4594 observata
1283 4520 1439 4596 Ollerto-

119 4653 207 4726 rirun
223 4653 386 4730 ascendit
398 4651 444 4726 ad
454 4651 606 4724 ducatos
626 4650 663 4722 in
685 4672 786 4738 auro,
803 4648 898 4722 inter
911 4647 1031 4744 largos
1047 4652 1083 4720 et
1098 4645 1142 4719 de
1158 4667 1316 4737 camere,
1335 4647 1440 4742 quin-

119 4781 286 4875 quaginta
305 4779 396 4854 duos
419 4785 454 4852 et
477 4783 617 4874 septem
644 4775 681 4848 in
704 4774 859 4848 monetis
889 4771 946 4848 vel
967 4771 1077 4846 circa.
1104 4767 1220 4844 llabui
1244 4768 1281 4840 in
1301 4774 1440 4866 portum

118 4925 235 4978 meam
253 4913 326 4978 tres
347 4905 481 5001 largos,
506 4903 666 4998 quinque
686 4899 731 4974 de
755 4922 900 4974 camere
928 4904 966 4972 et
988 4895 1153 4972 carlenos
1180 4893 1306 4990 viginti
1335 4893 1438 4969 duos.

121 5035 228 5128 Papa,
244 5055 303 5107 me
319 5035 641 5118 commemorante,
655 5035 728 5102 tam
744 5025 922 5102 veniendo
937 5024 981 5098 de
1001 5045 1146 5098 camcra
1159 5043 1270 5118 quam
1285 5021 1332 5096 ad
1344 5021 1442 5096 illam

121 5157 317 5248 redeundo,
332 5155 464 5255 populo
474 5179 552 5259 ¹non
568 5153 763 5232 benedixit.
