3424 6038
315 454 367 508 291
710 510 716 527 ,
775 445 952 506 JOHANNIS
972 445 1195 520 abacelam,
1483 451 1553 515 {uos
1565 453 1618 522 11111

318 604 464 692 6161616,
481 603 575 693 6116,
593 603 752 700 cingulo,
770 601 875 692 stola,
893 600 1035 698 pluviali
1052 607 1088 675 61
1105 599 1213 675 mitra
1230 601 1411 700 pretiosis,
1430 605 1621 680 accessitis

314 729 411 804 16616
422 728 621 824 paramenti
638 727 684 800 ad
698 750 844 824 parvam
855 749 1020 800 mensam
1035 749 1148 824 propa
1164 726 1254 801 illud
1266 735 1443 826 paratam,
1461 729 1518 804 ubi
1531 738 1621 824 stans,

317 852 481 950 deposita
499 852 616 943 mitra,
639 852 824 926 benedixit
846 875 966 928 rosam
992 875 1099 949 supra
1122 875 1287 928 mensem
1310 859 1468 930 stantem
1485 864 1578 954 prout
1596 860 1622 932 16

319 979 499 1054 ordinario
519 1004 526 1052 :
543 1001 616 1074 qua
631 978 833 1067 benedicta,
861 999 943 1051 rum
970 1001 1138 1052 muscum
1154 986 1190 1053 et
1204 978 1407 1054 balsamum
1429 992 1622 1078 supponeret

320 1109 442 1178 Rmus.
458 1103 705 1192 boardinalis
721 1103 905 1212 Seqensis,
916 1102 1054 1201 primus
1070 1103 1244 1192 assistens
1261 1103 1376 1179 tenuit
1391 1127 1512 1180 rosam
1525 1107 1624 1184 dextra

320 1253 430 1304 manu
445 1252 568 1302 coram
585 1232 805 1326 Papa'quam
818 1227 948 1302 deinde
960 1227 1038 1324 ipse
1055 1233 1151 1327 Papa
1165 1229 1318 1327 portavit
1329 1253 1440 1304 manu
1456 1231 1624 1328 sinistraad

317 1355 492 1453 capellam
512 1377 696 1451 magnam,
715 1360 751 1427 et
770 1360 853 1451 post
868 1353 1016 1428 missam
1036 1353 1081 1429 de
1102 1354 1230 1430 eadem
1245 1353 1385 1452 capella
1399 1355 1624 1453 reportaritad

316 1481 448 1556 dictem
465 1479 732 1571 cameram‚ubi
749 1502 830 1554 eam
849 1479 1047 1576 66666111).
1067 1479 1310 1554 Bemardinus
1326 1479 1626 1556 66616166661166-

315 1607 424 1681 larius
439 1611 477 1682 et
491 1605 536 1678 ad
551 1612 731 1680 secretam
750 1605 933 1678 cameram
957 1605 1122 1703 portavit.
1144 1605 1292 1680 Missam
1317 1605 1510 1682 celebrarit
1527 1611 1626 1682 limus.

319 1732 560 1830 Hieronymus
576 1729 767 1804 cardinalis
787 1729 1071 1804 Rechauatensis
1096 1729 1157 1826 qui
1182 1729 1271 1804 dixit
1287 1731 1448 1828 quinque
1471 1733 1627 1806 orationes

308 1862 459 1933 etanta
482 1856 635 1953 primam
659 1855 837 1930 Dominus
862 1857 1051 1951 vobiscum,
1078 1881 1151 1932 nou
1180 1860 1261 1934 Poe
1285 1859 1392 1934 vobis.
1425 1858 1505 1932 ntia
1530 1857 1628 1932 omnia

319 1983 509 2057 observata
529 1987 612 2056 sunt
627 1994 728 2054 more
744 1987 932 2056 consueto.

366 2110 476 2187 Venit
490 2109 601 2184 hodie
617 2109 663 2184 ad
677 2107 853 2206 capellam
868 2107 1014 2205 quidam
1024 2109 1138 2184 laicus
1152 2109 1410 2208 Neapolitanus
1426 2112 1544 2182 orator
1553 2105 1628 2201 regis

319 2235 468 2310 Francia
490 2235 550 2332 qui
571 2234 718 2309 nolebat
738 2239 833 2311 stare
854 2235 919 2308 sub
941 2235 1144 2310 oratoribus
1169 2235 1288 2334 [regis]
1312 2238 1565 2322 Romanorum,
1580 2230 1629 2304 sed

319 2361 422 2459 petiit
436 2383 502 2456 per
523 2383 581 2434 me
598 2383 619 2432 6
634 2362 697 2434 SS.
724 2362 766 2432 [1.
783 2362 825 2434 N.
844 2359 911 2433 sibi
937 2360 1047 2436 alium
1073 2361 1195 2434 locum
1219 2359 1309 2451 dari,
1327 2360 1386 2436 cui
1413 2360 1460 2434 da
1484 2357 1629 2434 mundato

321 2489 385 2560 SS.
405 2491 449 2560 D.
465 2488 507 2558 N.
526 2485 608 2560 dedi
627 2483 748 2560 locum
764 2484 801 2557 in
823 2485 983 2560 secundo
999 2485 1110 2582 grodu
1131 2485 1210 2560 solii
1229 2509 1340 2583 supra
1358 2485 1528 2560 comitam
1554 2483 1630 2556 Alta-

321 2635 423 2684 mure
439 2611 555 2684 filium
570 2609 741 2706 principis
756 2609 973 2708 Bissignani,
991 2610 1050 2684 ubi
1066 2611 1165 2686 stetit
1179 2633 1245 2707 661
1260 2611 1356 2684 hanc
1375 2611 1536 2684 missam.
1653 2672 1656 2680 .

371 2735 638 2825 [1661616613
658 2720 932 2832 6161111,661616
956 2737 1230 2834 quadragesime
1255 2761 1327 2834 quo
1350 2739 1395 2812 de
1413 2737 1572 2836 passione
1589 2733 1630 2806 di-

323 2862 427 2952 citur,
460 2865 523 2935 SS.
542 2863 584 2934 D.
608 2865 649 2936 N.
668 2869 815 2958 paratus
840 2883 943 2936 more
965 2861 1071 2936 solito
1090 2861 1188 2936 venit
1207 2861 1254 2936 ad
1277 2863 1457 2961 capellam
1476 2863 1628 2958 majorem

320 2989 358 3062 in
377 3011 461 3083 qua,
481 3011 525 3062 eo
546 2993 581 3060 et
600 2987 842 3062 cardinalibus
858 2986 1098 3084 presentibus,
1117 2987 1311 3062 celebravit
1326 2989 1477 3064 missam
1492 2991 1532 3062 R.
1545 2990 1579 3060 P.
1595 2987 1626 3058 o.

319 3112 508 3188 Ardiciuus
523 3112 617 3215 della
632 3117 739 3186 Porta
753 3113 945 3210 episcopus
958 3111 1168 3204 blesiensis,
1181 3113 1356 3188 assistens
1372 3117 1484 3212 Papo,
1495 3111 1550 3209 qul
1560 3109 1628 3184 dixit

322 3245 396 3314 tres
418 3238 600 3312 orationes
617 3238 751 3329 616116,
769 3245 806 3311 61
822 3239 932 3312 moris
950 3243 1017 3312 est.
1037 3239 1252 3312 Sermonem
1273 3237 1358 3314 16611
1377 3238 1522 3335 quidam
1540 3234 1628 3308 166161

322 3362 472 3452 ordinis,
491 3369 676 3436 seriorum
689 3363 929 3438 beateMarie.

373 3486 476 3560 Nerio
489 3485 608 3576 161116,
622 3491 667 3560 25
679 3487 815 3560 mensis
826 3487 956 3578 1661111,
968 3487 1098 3561 tostum
1110 3487 1411 3562 Annunciationis
1424 3488 1527 3564 beate
1536 3482 1627 3560 1116116

322 3607 486 3705 virginis,
506 3611 570 3682 SS.
596 3612 638 3682 D.
663 3613 704 3683 N.
726 3611 762 3683 in
778 3635 884 3686 mane
908 3612 1053 3686 indutus
1074 3612 1222 3704 amictu,
1250 3613 1344 3704 alba,
1369 3613 1524 3711 cingulo,
1540 3608 1625 3694 stola,

322 3733 403 3807 alba
413 3733 616 3830 pretiosaet
632 3734 831 3831 capuccino
845 3737 940 3828 albo,
958 3737 1179 3835 precedente
1194 3738 1315 3835 ipsum
1330 3761 1439 3814 cruce
1455 3745 1491 3813 61
1500 3755 1628 3832 sequen-

323 3857 418 3930 tibus
445 3856 683 3930 cardinalibus
711 3857 892 3955 episcopis
921 3859 1185 3951 assistentibus,
1216 3861 1364 3957 prelatis
1386 3859 1577 3938 oratoribus
1599 3861 1626 3926 et

322 3982 400 4056 aliis
415 3981 576 4080 prelatis,
594 3982 763 4078 equitavit
783 3984 828 4056 ad
848 4007 878 4056 s.
898 3985 1047 4058 Mariam
1072 4009 1181 4082 supra
1201 3985 1418 4077 Minervam,
1447 3985 1504 4062 ubi
1526 3999 1625 4057 661661

323 4107 425 4184 611611
444 4107 657 4205 genuflexus
674 4107 709 4180 in
726 4107 926 4184 faldistorio
947 4110 1072 4200 oravit,
1091 4100 1628 4210 16611611611161(1666616611

324 4233 535 4330 eapuooino,
554 4233 815 4324 161661661616,
834 4233 973 4330 aceepit
995 4233 1145 4330 pluviale
1166 4233 1288 4308 album
1307 4235 1504 4332 pretiosum
1518 4227 1627 4308 6116611

323 4357 593 4432 consessionem
609 4379 693 4430 cum
709 4356 918 4432 6616116616
930 4381 1031 4432 more
1048 4365 1235 4433 consueto.
1247 4363 1423 4435 Centoras
1439 4357 1626 4436 retrosltare

325 4488 461 4558 stantes
480 4483 648 4558 dixerunt
657 4481 858 4574 introitum,
874 4481 1076 4558 cardinales
1092 4481 1224 4558 deinde
1240 4484 1405 4559 16666661
1421 4479 1624 4561 reverentiam

325 4611 421 4704 Pape
435 4608 471 4680 in
487 4607 577 4682 solio
589 4607 751 4700 sedenti3
769 4611 810 4680 R.
827 4611 868 4681 P.
880 4610 923 4680 b.
941 4607 1145 4704 Stephanus
1159 4608 1457 4708 archiepiscopus
1468 4613 1625 4683 Petrocor-

325 4733 373 4804 sis
388 4731 580 4806 celebravit
594 4732 755 4806 missam.
776 4731 871 4805 Dixit
885 4729 1005 4806 Gloria
1021 4733 1058 4804 16
1073 4733 1232 4825 eccelsia,
1246 4733 1332 4807 Por
1349 4735 1457 4826 uobis,
1477 4729 1584 4814 Credo,
1599 4727 1624 4796 el

325 4855 396 4929 alia
410 4879 511 4930 more
529 4864 717 4948 consueto,
739 4863 775 4930 61
792 4856 1091 4932 nontuitsermo.
1114 4857 1251 4932 Solium
1264 4862 1359 4958 Papa
1369 4859 1436 4934 1611
1449 4856 1620 4934 ordinatum

326 4979 364 5051 in
382 5003 493 5053 cornu
514 4981 687 5079 evangelii
710 4981 830 5062 6116616
852 4982 953 5080 quasi
976 4983 1013 5055 in
1034 4983 1202 5080 opposito
1227 4985 1341 5082 ipsius
1361 5009 1484 5060 cornu.
1500 4981 1546 5054 nd
1562 4976 1620 5070 eju

328 5105 508 5178 sinistram
521 5113 645 5204 parate
663 5107 806 5183 1661661
820 5108 926 5183 sedes
939 5131 1004 5205 pro
1015 5107 1194 5206 episcopis
1210 5116 1245 5184 61
1260 5110 1478 5210 presbyteris
1486 5101 1618 5180 6661166·
